1907 3231
301 146 378 183 544
895 143 1144 186 ORATIO

253 264 287 295 b.
301 248 434 300 illum,
462 249 535 305 qui
567 248 737 292 alterius
767 246 877 292 bene
910 251 1096 292 inventis
1126 250 1410 307 obtemperet.
1470 249 1521 292 In
1554 242 1738 294 stultitia

299 316 451 348 contra
471 310 549 348 est'.
610 306 761 349 Minus
784 308 896 349 enim
917 308 1070 348 stultus
1093 316 1158 348 est
1179 307 1228 360 is,
1251 308 1319 349 cui
1351 307 1459 348 nihil
1482 309 1523 348 in
1546 318 1733 360 mentem

298 363 432 415 venit,
461 376 589 420 quam
621 364 704 416 ille,
736 365 824 420 qui,
848 364 962 419 quod
995 363 1124 405 stulte
1154 364 1274 406 alteri
1307 365 1424 406 venit
1457 365 1499 406 in
1530 376 1736 417 mentem,-

297 422 567 476 eomprobat.
629 421 761 462 Istam
784 420 1133 462 conciliationem
1156 422 1307 478 gratiae
1331 421 1528 463 Stalenus
1552 431 1641 464 tum
1671 438 1736 463 re·-

297 479 412 519 centi
436 493 494 530 re,
516 492 615 521 cum
638 478 833 519 saucibus
855 483 1134 533 premeretur,
1157 479 1439 535 excogitavit,
1461 479 1550 520 sive
1579 489 1628 521 ut
1656 479 1737 520 ho-

297 536 434 576 mines
473 545 565 576 tum
600 535 903 589 loquebantur,
936 549 960 575 a
998 533 1048 576 P.
1081 535 1278 592 Cethego
1311 536 1570 588 admonitus,
1609 537 1735 578 istam

236 595 286 632 85
299 593 467 634 72ded'it
488 590 802 632 conciliationis
823 598 865 632 et
889 592 1040 647 gratiae
1063 592 1268 634 fabulam.
1328 584 1443 633 Nam
1466 593 1596 635 fuisse
1618 594 1735 636 hunc

296 648 520 690 hominum
555 651 809 698 sermonem,
842 648 1055 690 recordari
1088 649 1293 705 potestis:
1328 648 1587 706 Cethegum,
1618 651 1735 707 quod

293 707 514 748 homiuem
536 705 710 756 odisset,
732 714 776 745 et
801 705 915 761 quod
938 705 1031 761 ejus
1063 707 1387 763 improbitatem
1408 707 1564 748 versari
1597 708 1639 749 in
1671 723 1737 749 ree

294 764 469 820 publica
499 761 645 813 nollet,
667 772 710 803 et
741 763 856 818 quod
892 762 1068 815 videret,
1090 778 1204 815 eum,
1233 764 1305 819 qui
1340 778 1384 804 se
1417 764 1471 804 ab
1500 778 1572 823 reo
1595 780 1737 821 pecu-

292 821 424 870 niam,
457 833 556 860 cum
588 819 728 874 judex
760 831 886 870 esset,
917 820 1027 861 clam
1063 830 1190 876 atquc
1223 830 1347 862 extra
1384 816 1735 876 ordinem‘acee÷

292 878 406 933 pisse
428 876 648 917 confessus
671 880 795 928 es'set,
817 877 981 918 salvum
1004 893 1094 919 esse
1116 880 1201 919 non
1227 892 1366 934 posse,
1387 877 1528 919 minus
1550 878 1588 918 ei
1611 877 1736 920 fidele

293 934 520 975 consilium
554 934 735 975 dedisse.
798 934 846 975 In
877 935 961 976 hoc
995 935 1029 975 si
1061 936 1282 992 improbus
1308 933 1527 991 Cethegus
1551 934 1648 986 fuit,
1670 936 1737 977 vi-

292 992 417 1032 detur
447 991 553 1031 mihi
588 991 878 1032 adversarium
908 1006 1128 1033 removere
1163 993 1372 1034 voluisse.v
1399 992 1473 1033 sin·
1495 1000 1587 1033 erat
1619 991 1735 1048 ejus-a

290 1049 410 1089 modi
441 1062 583 1099 causa,
613 1058 662 1089 ut
702 1049 898 1090 Stalenus
931 1063 1086 1090 numos
1122 1056 1166 1091 se'
1203 1050 1420 1106 accepisse
1451 1063 1608 1106 negare
1645 1065 1733 1099 non

290 1114 464 1162 posset3
497 1104 604 1146 nihil
632 1114 776 1146 autem
809 1114 900 1147 erat
935 1106 1230 1162 periculosius,
1260 1122 1339 1148 nec
1377 1107 1558 1163 turpius,
1589 1121 1734 1162 quam,

293 1163 345 1203 ad
376 1177 505 1218 quarn
535 1177 622 1203 rem
654 1163 905 1219 accepisset,
927 1163 1150 1216 confiteri3
1182 1179 1269 1205 non
1301 1174 1365 1205 est
1395 1164 1623 1206 consilium
1649 1163 1734 1206 Ce-

230 1233 281 1269 86
294 1219 412 1276 thegi
434 1220 847 1276 reprehendendum.
901 1221 1059 1263 Verum
1082 1221 1164 1264 alia
1185 1236 1314 1263 causa
1335 1231 1437 1262 tum*
1451 1220 1612 1262 Staleni
1634 1220 1732 1274 fuit,

291 1277 373 1318 alia
403 1292 532 1328 nunc,
555 1276 665 1328 Atti,
688 1287 762 1319 tua
783 1287 863 1319 est.
924 1278 1016 1329 Ille,
1039 1290 1078 1321 73
1093 1293 1191 1320 cum
1223 1288 1267 1320 re
1297 1287 1574 1335 premeretur,
1596 1279 1733 1334 quod-

288 1349 475 1391 cumque
504 1335 680 1386 diceret,
710 1335 932 1377 honestius
963 1336 1138 1388 diceret,
1170 1351 1296 1392 quam
1330 1336 1380 1388 si,
1410 1336 1526 1393 quod
1548 1345 1639 1390 erat
1666 1334 1731 1385 fa-

287 1402 423 1443 ctum,
451 1392 669 1434 fateretur.
700 1402 743 1434 te
777 1407 875 1434 vero
897 1393 1002 1434 illud
1032 1393 1161 1445 idem,
1183 1394 1298 1450 quod
1330 1402 1423 1435 tum
1453 1391 1732 1450 74explosun1

288 1458 333 1490 et
354 1449 542 1505 ejectum
573 1460 651 1501 est,
674 1464 789 1491 nunc
820 1450 1012 1491 retulisse
1042 1451 1244 1492 demiror.
1305 1451 1393 1498 Qui
1416 1449 1531 1492 enim
1562 1459 1734 1507 poterat

290 1517 384 1548 tum
416 1507 455 1547 in
489 1507 673 1563 gratiam
704 1507 841 1549 redire
863 1522 961 1549 cum
984 1507 1230 1564 Oppianico
1251 1502 1505 1561 Cluentius?
1534 1507 1607 1563 qui
1630 1522 1730 1549 cum

290 1573 428 1605 matre
448 1564 635 1605 habebat
658 1564 918 1606 simultates:
951 1565 1143 1606 haerebat
1165 1565 1208 1606 in
1233 1563 1388 1606 tabulis
1420 1564 1604 1621 publicis
1634 1574 1731 1616 reus

290 1631 334 1662 et
356 1630 603 1663 accusator:
626 1622 900 1667 condemnati
923 1631 1043 1663 erant
1067 1622 1277 1664 Fabricii:
1311 1637 1389 1663 nec
1411 1622 1522 1663 elabi
1553 1621 1638 1662 alio
1656 1637 1728 1664 ac·-

274 1685 487 1719 ‘cusatore
517 1688 686 1735 poterat
707 1677 875 1730 Albius,
906 1691 985 1721 nec
1016 1681 1106 1720 sine
1135 1680 1376 1735 ignominia
1404 1678 1631 1721 calumniae
1664 1693 1730 1721 rc·-

206 1731 275 1780 32
290 1736 482 1791 linquere
512 1737 829 1777 accusationem
862 1736 1101 1778 Cluentius.
1160 1736 1229 1777 An
1264 1746 1312 1777 ut
1347 1736 1728 1794 praevaricaretur?

226 1793 389 1842 87Ja1n
412 1793 452 1834 id
476 1808 647 1848 quoque
677 1793 729 1834 ad
751 1794 1111 1850 corrumpendum
1135 1794 1352 1850 judicium
1384 1794 1584 1850 pertinet.
1644 1793 1730 1836 Sed

288 1851 393 1906 quid
425 1865 532 1906 opus
564 1859 654 1891 erat
684 1851 737 1891 ad
769 1866 863 1894 eam
895 1866 983 1892 rem
1008 1851 1158 1906 judice
1189 1853 1432 1907 sequestre?
1462 1860 1505 1891 et
1535 1851 1730 1903 omnino,

288 1909 568 1963 quamobrem
592 1916 685 1949 tota
706 1909 788 1950 ista
809 1923 873 1950 res
895 1923 970 1965 per
1002 1908 1221 1949 Stalenum
1247 1908 1407 1965 potius,
1429 1908 1648 1950 hominem
1671 1909 1727 1950 ab

287 1974 472 2020 utroque
506 1965 831 2018 alienissimum,
863 1966 1217 2018 sordidissimum,
1249 1965 1561 2022 turpissimum,
1597 1980 1727 2021 quam

288 2036 366 2079 per
394 2023 558 2063 bonum
588 2022 771 2078 aliquem
800 2024 938 2064 virum
970 2034 1181 2080 ageretur,
1203 2032 1246 2064 et
1276 2023 1464 2064 amicum
1493 2023 1726 2064 necessari-

178 2099 209 2130 p.
225 2089 275 2120 36.
288 2093 447 2135 umque
476 2083 779 2123 communem?
810 2081 894 2122 Sed
926 2081 1137 2138 quid‘ego
1168 2082 1263 2122 haec
1291 2080 1500 2138 pluribuS,
1522 2080 1642 2135 quasi
1672 2080 1726 2121 de

244 2142 332 2178 a·1·e
363 2138 560 2188 obscura,
591 2137 788 2194 dispu't03
820 2153 918 2179 cum
951 2138 1044 2194 ipsa
1073 2139 1270 2195 pecunia,
1292 2153 1389 2193 quae
1419 2137 1593 2179 Staieno
1625 2138 1741 2190 data.⁴

284 2202 363 2246 est,
399 2209 578 2236 numero
598 2198 658 2236 'ac
697 2209 864 2236 summa
893 2204 971 2236 sua'
995 2211 1082 2237 non
1111 2195 1257 2247 modo,
1288 2204 1450 2250 quanta
1476 2194 1619 2246 fuerit,
1651 2195 1725 2236 sed

281 2253 415 2293 etiam
445 2252 498 2293 ad
530 2265 658 2307 quam
689 2267 778 2294 rem
809 2253 909 2294 data
940 2252 1082 2306 fuerit,
1113 2253 1335 2295 ostendat?
1367 2250 1594 2293 Sexdecim
1624 2251 1724 2293 dico

262 2309 462 2365 judices,
494 2317 542 2349 ut
574 2308 844 2366 Oppianicus
875 2309 1181 2362 absolveretur,
1203 2309 1539 2367 corrumpendos
1570 2308 1724 2350 fuisse:

282 2367 334 2407 ad
368 2366 590 2407 Stalenum
622 2375 827 2408 sexcenta
859 2377 903 2408 et
933 2368 1230 2425 quadraginta
1249 2366 1384 2408 millia
1419 2365 1599 2407 numum
1631 2381 1723 2407 esse

282 2424 438 2465 delata.
499 2423 560 2476 Si,
589 2432 637 2465 ut
669 2434 714 2465 tu
746 2425 868 2477 dieis,
900 2425 1052 2482 gratiae
1075 2424 1357 2467 conciliandae
1379 2438 1521 2475 causa,
1543 2424 1726 2479 quadra·

322 2555 364 2588 ’.Ὦ
385 2554 472 2584 dedit
491 2553 765 2595 eonafitbulam]
792 2555 924 2596 Proprie
947 2560 982 2587 et
1022 2555 1269 2595 reprimeretur,
1283 2553 1370 2595 quod
1384 2554 1544 2585 Gruterus
1567 2550 1653 2584 male'
1675 2563 1725 2584 re-

280 2595 449 2635 eleganter
469 2598 555 2627 dedit
577 2597 616 2627 de
638 2597 768 2634 fabula,
778 2607 836 2637 pro
852 2599 982 2637 excogi-
1023 2598 1163 2628 vocavit.
1186 2602 1302 2628 natum
1324 2602 1374 2628 est
1395 2607 1413 2628 e
1436 2596 1533 2627 verbo
1550 2597 1725 2637 reprehen-

279 2638 365 2668 tarit
390 2636 475 2668 hanc
496 2644 530 2669 et
552 2639 724 2670 exornavit
743 2645 778 2670 et
800 2640 834 2670 in
857 2640 979 2680 populo
1023 2640 1178 2678 deridunt,
1194 2639 1280 2680 quod
1293 2638 1404 2682 paullo
1419 2643 1497 2670 ante
1511 2644 1572 2670 est.

280 2680 410 2720 sparsit.
431 2715 433 2717 ¹
1065 2685 1106 2715 74
1128 2683 1294 2722 e.rplosum
1317 2684 1348 2711 et
1372 2679 1511 2721 ejectum
1537 2679 1597 2720 ese]
1629 2681 1721 2712 Groe-
1759 2712 1761 2715 ,

322 2724 362 2757 ’.73
398 2731 470 2752 eum
498 2732 534 2752 re
563 2724 785 2763 premeretur]
823 2723 876 2754 Sic
904 2724 979 2754 Am.
1021 2724 1093 2753 vius
1107 2724 1230 2754 frustra
1251 2723 1394 2764 dubitat,
1408 2722 1544 2763 ejectum
1568 2732 1610 2756 an
1625 2723 1664 2753 de
1687 2733 1722 2753 re

278 2764 405 2795 Victor.
434 2764 468 2793 P.
493 2764 632 2795 *Mamm
662 2767 720 2796 «Sec.
747 2765 834 2805 quod
855 2773 888 2796 et
921 2776 980 2796 nos
1022 2765 1168 2796 dicatur:
1193 2766 1383 2804 mavultque
1402 2764 1570 2805 rejectum.
1586 2776 1614 2796 v,
1630 2765 1722 2796 Clav.

278 2805 456 2837 edidimus:
483 2816 559 2842 nam
579 2812 629 2841 est
642 2817 719 2838 vera
740 2808 858 2838 lectio:
883 2818 982 2848 supra
1022 2807 1101 2838 Mox
1118 2818 1191 2847 quae
1212 2808 1281 2841 sint
1295 2807 1416 2840 tabutae
1429 2809 1580 2848 public-ce.
1597 2817 1626 2838 v.
1642 2807 1720 2842 ibicis

277 2848 520 2888 tuncjam-{lius
536 2854 754 2887 premeretur.
798 2849 881 2880 Edd.
903 2855 981 2880 ante
1023 2850 1059 2882 in
1072 2851 1203 2883 tabule.

277 2890 352 2923 Ald.
366 2890 490 2922 habent
501 2892 809 2931 reprehenderetur:
824 2892 875 2924 ed.
891 2895 980 2926 1471.
