1907 3231
443 112 518 152 DE
543 111 689 150 LEGE
716 111 839 150 AGR.
867 107 1085 148 CONTRA
1114 109 1363 149 RULLUM.
1547 108 1637 149 ‘619

175 226 401 262 momento
435 218 639 268 fortunae,
670 216 954 259 inclinatione
992 215 1201 271 temporis
1240 215 1453 272 pendere?
1515 214 1638 261 Quid

178 292 258 319 nos
279 277 397 319 Asiae
430 287 595 334 portuS,
617 275 721 330 quid
753 278 793 309 93
808 275 946 332 Syriae
978 288 1089 325 rura,
1111 272 1216 328 quid
1248 274 1397 314 omnia
1427 282 1639 314 transma-

178 336 273 376 rina
294 335 535 391 vectigalia
558 333 794 389 juvabunt,
817 331 1071 374 tenuissima
1101 330 1349 387 suspicione
1381 331 1636 386 praedonum

181 404 258 434 aut
293 393 483 434 hostium
517 392 706 448 injecta?
755 389 816 432 At
839 405 939 432 vero
975 389 1058 430 hoc
1090 389 1184 445 agri
1211 387 1424 444 Campani
1449 387 1698 443 vectigalSl

181 465 282 492 cum
303 449 517 506 ejusmodi
549 458 629 499 est,
652 459 700 490 ut
731 448 849 489 domi
881 450 952 499 sit,
974 458 1018 488 et
1048 447 1251 489 omnibus
1274 445 1488 502 praesidiis
1511 445 1639 501 oppi-

180 508 336 550 dorum
367 516 564 563 tegatur:
598 517 690 548 tum
732 521 873 562 neque
906 505 1028 547 bellis
1067 505 1290 555 infestum,
1315 517 1391 544 nec
1425 502 1640 543 fructibus

181 566 364 614 varium,
386 580 466 607 nec
489 565 605 607 coelo
627 581 677 606 ac
699 564 798 606 loco
820 564 1120 605 calamitosum
1144 577 1236 604 esse
1259 562 1383 602 solet.
1417 572 1420 575 ·
1445 559 1642 616 Majores

175 624 320 664 nostri
352 638 441 664 non
473 624 611 665 solum
644 623 702 673 id,
724 623 842 677 quod
873 638 898 662 a
932 621 1168 678 Campanis
1201 627 1421 676 ceperant,
1442 633 1531 659 non
1563 618 1645 658 im-

181 681 448 733 minuerunt,
472 696 621 722 verum
644 681 793 731 etiam,
810 682 853 714 94
874 679 989 735 quod
1013 680 1049 720 ei
1075 680 1298 728 tenebant,
1319 678 1481 732 quibus
1509 675 1644 717 adimi

176 739 279 795 jure
301 754 387 781 non
411 749 598 796 poterat,
621 739 891 780 co'einerunt.
944 737 1045 784 Qua
1067 737 1120 778 de
1142 751 1274 777 causa
1295 750 1375 776 nec
1396 735 1483 775 duo
1507 733 1647 775 Grac-

185 797 273 849 chi,
296 800 369 854 qui
393 798 447 838 de
479 798 618 854 plebis
644 797 856 837 Romanae
888 794 1132 836 commodis
1164 794 1399 850 plurimum
1422 793 1647 849 cogitave-

185 866 301 907 runt,
325 870 405 897 nec
427 855 475 896 L.
497 855 628 906 Sulla,
651 855 726 910 qui
747 852 896 894 omnia
919 852 1010 894 sine
1036 851 1118 892 ulla
1141 852 1367 906 religione,
1390 851 1548 906 quibus
1573 863 1649 890 vo-

185 914 284 965 luit,
305 925 371 956 est
402 913 646 970 dilargituS,
669 925 822 967 agrum
852 910 1126 967 Campanum
1159 911 1375 965 attingere
1408 923 1536 949 ausus
1569 915 1649 948 est.

190 972 345 1014 Rullus
367 972 553 1021 exstitit,
576 970 650 1026 qui
674 984 728 1010 ex
751 984 802 1010 ea
819 968 1091 1025 possessione
1110 966 1421 1024 rempublicam
1446 966 1651 1007 demove-

191 1040 278 1072 ret:
310 1044 366 1072 ex
399 1044 485 1085 qua
523 1042 603 1069 nec
640 1026 940 1069 Gracchorum
980 1026 1227 1082 benignitas
1262 1039 1374 1074 eam,
1405 1038 1484 1065 nec
1519 1022 1650 1065 Sullae

188 1087 431 1130 dominatio
464 1086 709 1142 dejecisset.
771 1087 914 1132 Quem
938 1099 1090 1141 agrum
1115 1099 1230 1125 nunc
1250 1091 1560 1139 praetereuntes
1581 1095 1650 1122 ve·
1665 1083 1738 1131 30

184 1156 327 1187 strum
349 1159 442 1186 esse
463 1145 626 1195 dicitis,
659 1152 704 1184 et
724 1146 765 1179 95
779 1158 905 1200 quern
949 1157 1025 1199 per
1055 1143 1136 1183 iter
1169 1142 1243 1198 qui
1274 1141 1457 1192 iaciunt,
1481 1139 1650 1181 externi

182 1203 406 1254 homine&
427 1212 615 1244 vestrum
647 1216 739 1243 esse
770 1202 976 1243 audiunt:
1011 1202 1045 1241 is
1077 1215 1177 1241 cum
1199 1200 1281 1242 erit
1312 1199 1490 1250 divisus,
1511 1211 1652 1253 neque

191 1262 287 1312 erit,
322 1276 462 1317 neque
493 1271 631 1302 vester
661 1274 753 1301 esse
791 1261 974 1301 (licetur.
1034 1258 1095 1300 At
1128 1258 1201 1314 qui
1235 1257 1434 1299 homines
1461 1256 1652 1313 posside·
1666 1263 1716 1297 82

193 1321 330 1363 bunt?
389 1320 538 1361 Primo
574 1319 749 1374 quidem
790 1332 924 1367 acreS,
959 1316 1011 1358 ad
1047 1317 1134 1357 vim
1178 1315 1354 1372 promti,
1385 1315 1437 1356 ad
1475 1314 1654 1356 seditio-

187 1392 293 1420 -nem
318 1379 471 1434 parati,
493 1378 565 1432 qui
592 1376 771 1417 simulac
802 1375 1035 1416 decemviri
1059 1373 1409 1431 concrepuerint,
1433 1372 1587 1414 armati
1611 1371 1655 1412 in

194 1438 327 1487 cives,
346 1446 389 1477 et
419 1434 614 1491 expediti
638 1435 690 1475 ad
723 1434 887 1475 caedem
911 1447 1002 1474 esse
1026 1434 1210 1489 possint.
1274 1431 1444 1472 Deinde
1475 1431 1526 1472 ad
1554 1445 1656 1487 pau·
1668 1437 1700 1467 b,

197 1509 288 1545 cOS,
311 1494 468 1550 opibus
502 1504 543 1533 et
578 1493 716 1548 copiis
756 1492 998 1540 affluentes,
1023 1501 1164 1531 totum
1199 1504 1352 1546 agrum
1383 1489 1660 1545 Campanum

192 1554 236 1586 96
253 1552 431 1608 perferri
476 1550 695 1591 videbitis.
769 1549 904 1590 Vobis
947 1549 1127 1599 interea,
1163 1550 1236 1605 qui
1285 1547 1376 1588 illas
1416 1563 1440 1588 a
1481 1546 1662 1602 majori-

191 1610 280 1652 bus
307 1609 618 1667 pulcherrimas
639 1612 678 1643 97
695 1607 973 1664 vectigalium
1006 1606 1125 1648 sedes
1158 1606 1287 1647 armis
1320 1614 1469 1662 captas
1491 1604 1662 1661 accepi-

197 1668 290 1720 stis,
323 1667 451 1724 gleba
473 1666 589 1708 nulla
619 1666 672 1708 de
703 1666 894 1723 paternis
916 1676 1046 1720 atque
1076 1665 1204 1706 avitis
1230 1663 1575 1721 possessionibus
1597 1676 1663 1702 re-

197 1725 444 1782 linquetur:
477 1728 518 1760 98
532 1739 583 1766 ac
615 1734 786 1766 tantum
818 1724 1015 1765 intererit
1047 1723 1158 1764 inter
1191 1732 1376 1763 vestram
1403 1731 1447 1762 et
1472 1719 1663 1777 privato-

199 1798 293 1825 rum
328 1783 624 1839 diligentiam:
655 1783 788 1837 quod,
821 1796 920 1823 cum
953 1796 978 1823 a
1010 1781 1250 1837 majoribus
1284 1780 1442 1821 nostris
1476 1780 1527 1820 P.
1552 1779 1664 1820 Len-

201 1841 331 1892 tulus,
363 1841 491 1896 99qui
527 1842 728 1897 princeps
759 1851 948 1890 senatus,
972 1840 1014 1880 in
1051 1854 1101 1880 ea
1132 1839 1228 1880 loca
1264 1838 1420 1879 missus
1458 1847 1584 1887 esset,
1615 1845 1667 1876 ut

200 1900 396 1957 privatos
428 1913 571 1954 agros,
605 1899 679 1954 qui
718 1899 758 1939 in
795 1898 1020 1955 publicum
1059 1896 1334 1953 Campanum
1370 1896 1665 1946 incurrebant,

202 1958 389 2014 pecunia
420 1957 595 2014 publica
617 1967 848 2007 coemeret,
872 1957 1033 1997 dicitur
1065 1956 1348 2006 renuntiasse,
1371 1954 1489 1995 nulla
1521 1967 1566 1994 se
1588 1967 1665 2009 pe-

203 2016 334 2057 cunia
355 2014 538 2057 fundum
569 2015 796 2070 cujusdam
829 2028 971 2055 emere
1003 2014 1218 2070 potuisse:
1252 2012 1453 2068 eumque,
1475 2011 1549 2067 qui
1574 2010 1668 2052 nol·

199 2073 264 2116 let
282 2073 481 2124 vendere,
504 2073 602 2114 ideo
621 2087 798 2130 negasse
817 2088 861 2113 se
874 2072 1031 2114 adduci
1051 2086 1192 2128 posse,
1217 2072 1277 2112 uti
1300 2070 1520 2120 venderet,
1534 2068 1668 2125 quod,

203 2146 306 2178 cum
342 2131 485 2188 plures
525 2131 682 2172 fundos
717 2130 910 2182 liaberet,
933 2145 988 2172 ex
1030 2130 1102 2172 illo
1138 2130 1229 2171 solo
1264 2129 1400 2170 fundo
1430 2141 1670 2183 numquam

248 2253 290 2285 93
314 2250 422 2290 Syrioe
445 2250 546 2290 rura]
573 2250 655 2281 Edd.
680 2260 730 2291 pr.
753 2258 916 2280 consensu
1003 2249 1044 2283 96
1054 2246 1218 2288 pezserrz]
1239 2247 1313 2277 Hoc
1327 2246 1458 2286 quidem
1474 2256 1589 2276 verum
1602 2254 1672 2276 non

203 2303 304 2331 cura,
319 2294 408 2333 quod
430 2294 557 2324 factum
573 2304 592 2323 e
614 2298 708 2330 tura,
724 2293 811 2332 quod
826 2293 861 2323 in
878 2292 916 2322 li-
960 2298 1056 2332 puto,
1072 2289 1308 2331 nee,pe1jJ'erre
1325 2300 1449 2329 agrum
1466 2289 1512 2319 ad
1525 2290 1672 2329 aliquem

206 2336 274 2367 bris
289 2335 460 2366 nonnullis
474 2337 605 2376 scriptis
621 2341 682 2366 est.
726 2335 814 2366 Nam
831 2344 917 2374 saepe
962 2340 1050 2365 recte
1066 2333 1139 2364 dici.
1185 2334 1248 2364 Sed
1264 2333 1297 2362 in
1313 2333 1404 2363 libris
1420 2332 1514 2363 nulla
1528 2332 1670 2362 varietas

197 2379 244 2410 'in
259 2389 320 2410 ser.
334 2390 352 2410 e
365 2384 378 2410 t
393 2380 519 2410 factum
535 2389 563 2410 c.
595 2377 694 2410 Rura
709 2379 835 2419 primus
850 2377 918 2408 edi·
961 2383 1025 2414 est,
1043 2376 1104 2407 nisi
1121 2376 1206 2416 quod
1221 2375 1271 2406 ed.
1288 2375 1396 2406 wald.
1419 2380 1453 2405 et
1468 2376 1537 2414 ejus
1555 2384 1673 2414 sequa-

206 2422 259 2454 dit
273 2421 389 2453 Aldus.
963 2430 1028 2457 ces,
1045 2426 1084 2450 ut
1100 2420 1150 2450 ed.
1171 2422 1261 2450 1480.
1277 2416 1578 2458 habentproesierrc‘.
1605 2416 1673 2448 To-

249 2468 292 2499 94
315 2464 401 2504 quod
428 2465 457 2495 ei
481 2464 648 2504 tenebant]
676 2463 768 2494 Libri
790 2464 922 2494 variant
963 2463 1132 2493 lerabilius
1161 2466 1247 2492 esset
1275 2460 1409 2501 deferri.
1467 2460 1532 2491 Sed
1554 2459 1672 2491 malim

208 2508 299 2540 inter
313 2510 356 2544 et,
377 2509 418 2544 ei,
442 2513 475 2538 et
499 2508 711 2538 omissionem
735 2507 919 2545 utriusque.
959 2505 1135 2547 pervenire
1149 2516 1166 2535 e
1182 2515 1209 2534 e.
1228 2506 1280 2538 ⁶29.

211 2550 295 2582 Edd.
311 2560 361 2592 pr.
375 2555 406 2581 et
419 2550 556 2581 habent.
591 2551 730 2580 Secutus
743 2560 815 2580 suin
832 2549 918 2579 Gru·
1003 2552 1041 2583 97
1067 2548 1282 2586 vectigalium
1307 2546 1408 2586 sedes]
1435 2546 1489 2577 Sic
1515 2543 1672 2584 dixit,‘ut

180 2597 334 2627 ’,ἵει-μω.
380 2593 495 2624 Cicero
524 2594 559 2624 in
587 2593 695 2624 forma
714 2592 776 2623 hac
798 2601 919 2633 prono·
961 2590 1331 2632 supra-fundamentum
1346 2590 1572 2628 vectigalium.

205 2645 290 2683 *men
307 2637 402 2677 ponit
415 2635 723 2672 demonstrativum.
1004 2637 1045 2668 98
1069 2644 1109 2664 ac
1131 2637 1265 2663 tautum
1287 2632 1452 2671 intererit]
1480 2632 1564 2663 Edd.
1587 2636 1670 2663 vett.

254 2680 295 2712 95
318 2677 414 2718 quem
436 2689 499 2718 per
526 2680 592 2709 iter
616 2677 839 2718 quijiiciuuz']
866 2678 919 2708 Sic
964 2682 1012 2714 at,
1037 2676 1136 2706 solita
1159 2675 1362 2706 confusione.
1409 2674 1450 2705 Ιιι
1475 2679 1606 2706 tautum
1623 2675 1672 2706 la-

212 2727 302 2752 recte
316 2721 444 2752 editum
461 2731 478 2751 e
501 2721 593 2752 libris
615 2722 780 2752 veteribus
796 2721 919 2751 Lause·
961 2726 1011 2751 tet
1028 2721 1097 2756 hoe,
1113 2729 1171 2759 pro
1193 2728 1271 2757 quo,
1297 2717 1438 2758 angendi
1453 2719 1575 2757 gratia,
1589 2717 1673 2748 dixit

211 2763 502 2794 daniaGi-utero:
527 2766 573 2795 sie
598 2770 632 2795 et
656 2763 721 2794 Ms.
746 2764 812 2794 Ers.
840 2763 920 2794 Edd.
963 2768 1114 2794 tantum:
1139 2771 1243 2800 eoque
1258 2761 1399 2792 refertur
1413 2761 1506 2801 quod.

211 2816 262 2848 pr.
277 2816 372 2846 quem
381 2807 514 2846 pariter
528 2808 585 2848 qui
595 2807 672 2847 sac.
719 2807 860 2837 Pariter
874 2806 922 2836 sa-
1007 2811 1047 2841 99
1066 2805 1122 2845 qui
1143 2804 1268 2845 p1·.,.5i]
1288 2804 1352 2839 Inf.
1369 2803 1460 2844 ficit,
1486 2808 1545 2834 aut
1568 2803 1681 2843 potins

213 2852 307 2879 ctum
322 2859 340 2879 e
357 2849 428 2888 per'
441 2850 515 2880 iter.
561 2850 651 2881 Male
676 2855 749 2892 post
774 2850 926 2880 additum
970 2848 1064 2886 adde,
1080 2853 1118 2878 ut
1133 2852 1184 2877 est
1197 2848 1232 2878 in
1251 2846 1362 2878 Caeeil.
1377 2849 1430 2878 ί21.
1476 2847 1558 2878 Mox
1580 2850 1611 2877 et
1626 2845 1682 2876 de-

208 2893 290 2966 iger,
315 2891 371 2922 sed
379 2897 521 2966 &servato
541 2894 690 2934 pariter,
705 2901 744 2924 ut
763 2894 804 2924 ab
827 2891 925 2929 Aldo,
970 2891 1034 2922 levi
1049 2900 1127 2922 cum
1143 2890 1273 2921 Graevio
1289 2896 1364 2931 post
1378 2895 1425 2922 uz.

234 2934 361 2966 'ictorio
411 2946 440 2966 c.
795 2942 806 2948 ⁵
