1907 3231
556 88 621 125 IN
648 87 695 127 L.
723 85 1073 125 CATILINAM.
1475 90 1554 126 683

104 193 188 234 mei
211 193 271 235 dii
293 192 555 235 immortales
577 203 668 234 esse
691 192 932 243 volue1·,unt
954 199 1004 232 ut
1024 206 1116 242 VOS,
1139 200 1281 247 patres
1301 192 1552 249 conscripti,

107 251 403 306 populumque
436 251 680 292 Romanum
706 265 760 291 ex
792 250 912 291 caede
941 250 1111 299 misera,
1133 263 1342 305 conjuges
1373 250 1552 291 liberos-

103 322 187 362 que
210 318 388 359 vestros,
411 309 685 364 viroinesque
708 307 900 348 Vestales
921 321 975 348 ex
999 283 1551 360 ace1·bissima0vexatione;

104 366 266 421 templa
287 376 415 420 atque
438 366 630 415 delubra,
652 365 764 406 hanc
794 364 1126 421 pulcherrimam
1149 363 1333 420 patriam
1355 365 1551 406 omnium

103 423 299 464 nostrum
330 438 384 464 ex
417 421 661 463 foedissima
683 423 881 474 flamma3
914 430 1049 463 totam
1083 420 1255 462 Italiam
1285 434 1340 460 ex
1374 421 1485 462 bello
1507 432 1551 463 et

103 480 306 520 vastitate
335 480 569 535 eriperem:
603 494 889 535 quaecumque
920 479 1028 520 mihi
1060 479 1134 519 uni
1166 488 1432 533 proponetur
1463 480 1550 519 for-

105 546 224 587 tuna,
256 538 473 578 subtatui
535 537 723 588 Etenim,
754 537 788 578 si
823 537 873 578 P.
897 535 1104 577 Lentulus
1134 550 1258 576 suum
1290 550 1462 586 nomen,
1485 537 1594 579 in-b.

103 594 258 634 ductus
280 610 305 637 a
327 609 351 634 x
355 596 512 645 atibus,
536 595 612 636 faut
602 595 665 636 tle
694 595 748 635 ad
771 594 1006 651 perniciem
1029 593 1278 649 reipublicae
1304 592 1395 633 fore
1426 603 1551 648 puta-

103 651 189 692 vit:
223 666 299 692 cui
320 666 402 707 ego
425 667 510 693 non
542 652 677 703 laeter,
702 666 847 692 meum
869 651 1141 692 consulatum
1172 651 1225 691 ad
1257 650 1438 692 salutem
1469 651 1551 691 rei-

103 708 291 764 publicae
316 724 449 765 prope
471 710 646 750 sitalem
668 710 910 750 exstitisse.
904 711 916 738 Ρ
949 708 1110 759 Quale,
1136 718 1277 763 patres
1299 707 1549 771 conscripti,
1565 706 1595 751 2

105 765 319 807 consulite
344 767 480 817 vobis,
503 766 738 823 prospicite
760 766 928 822 patriae,
947 780 1125 806 consen
1129 776 1198 805 ate
1217 780 1307 816 vos,
1326 779 1587 822 coriJuges‚3

104 822 278 874 liberos,
297 823 576 879 fortunasque
598 832 774 874 vestras,
795 822 943 879 populi
968 822 1154 863 Romani
1174 837 1331 863 nomen
1351 824 1554 864 salutem-

104 895 188 936 que
220 880 464 924 defendite:
497 881 605 922 mihi
638 895 826 937 parcere,
860 895 910 920 ac
943 880 996 920 dc
1027 894 1098 920 me
1133 880 1327 936 cogitare
1357 881 1554 922 desinite.

107 938 222 980 Nam
259 938 444 994 primum
477 939 615 980 debeo
651 952 836 994 sperare,
870 952 1019 978 omnes
1052 938 1170 988 deos,
1205 938 1279 993 qui
1317 937 1419 978 huic
1461 941 1557 980 urbi

108 995 356 1051 praesident,
388 1010 465 1052 pro
487 1010 538 1037 eo
560 995 683 1046 mihi,
715 1011 765 1037 ac
797 1009 977 1045 mereor,
1001 995 1208 1036 relaturos
1240 995 1423 1051 gratiam
1450 1011 1556 1039 esse.

104 1053 274 1103 deinde,
298 1053 362 1093 3si
392 1053 496 1109 quid
525 1053 907 1117 obtioffe1it‚aequ‹3
938 1054 1084 1093 auimo
1116 1061 1353 1108 paratoque
1381 1055 1556 1095 moriar.

101 1124 241 1165 neque
270 1111 386 1151 enim
418 1112 554 1167 turpis
584 1125 697 1151 mors
729 1110 832 1151 f·01ti
865 1124 957 1151 vno
990 1119 1139 1174 potest
1172 1110 1382 1161 accidere,
1416 1126 1557 1167 neque

102 1167 333 1208 immatma
354 1169 583 1219 consulari,
614 1183 694 1209 nec
725 1168 880 1209 misera
909 1168 1110 1232 sapi-enti.
1173 1167 1267 1208 Nec
1300 1177 1444 1210 tamen
1473 1184 1558 1226 eoo

107 1239 202 1265 sum
233 1225 332 1266 4ille
367 1225 543 1277 feireus,
579 1227 652 1281 qui
688 1226 831 1266 framis
864 1225 1074 1266 carissnni
1113 1233 1244 1280 atque
1274 1203 1560 1268 amantissimi

108 1283 334 1338 pra-sentis
365 1298 553 1325 moerme
585 1298 670 1324 non
702 1298 839 1324 move
832 1298 891 1334 ιι
925 1282 1164 1337 horumque
1197 1284 1390 1323 omnium
1422 1283 1561 1340 lacry-

109 1354 206 1390 mis,
232 1343 249 1370 5
264 1355 288 1380 a
309 1341 466 1395 quibus
491 1356 557 1382 me
578 1341 907 1382 circumsessum
930 1340 1097 1381 videtis.
1117 1354 1256 1395 neque
1279 1355 1417 1381 meam
1440 1356 1562 1383 men-

110 1406 197 1438 tem
234 1412 322 1438 non
361 1398 538 1439 domum
582 1412 697 1454 saepe
739 1407 913 1439 revocat
946 1398 1195 1438 exanimata
1230 1413 1356 1449 uxor,
1388 1400 1562 1454 abjecta

109 1465 227 1496 metu
257 1455 358 1506 filia,
389 1465 432 1496 et
465 1456 667 1512 parvulus
699 1455 827 1506 filius,
861 1470 989 1510 quem
1020 1455 1126 1495 mihi
1159 1455 1329 1496 vitietur
1356 1457 1560 1512 amplecti

108 1513 351 1568 respublica
390 1522 610 1568 tamquam
643 1513 836 1553 obsidem
873 1512 1120 1553 consulatus
1159 1512 1269 1554 mei:
1303 1527 1442 1568 neque
1476 1514 1560 1566 ille,

109 1570 182 1624 qui
205 1580 461 1626 exspectaus
489 1571 561 1626 huj
572 1586 617 1611 us
639 1571 807 1612 exitum
831 1570 932 1621 diei,
953 1570 1095 1610 adstat
1126 1570 1170 1610 in
1194 1581 1430 1626 conspectu
1461 1586 1560 1612 meo

109 1641 255 1682 gener.
287 1642 464 1668 moveor
495 1628 561 1669 his
592 1629 719 1669 rebus
744 1628 961 1678 omnibus,
997 1628 1069 1668 sed
1103 1626 1146 1667 in
1181 1642 1277 1668 eam
1309 1637 1489 1683 partem,
1513 1639 1561 1671 ut

109 1684 214 1725 salvi
237 1684 323 1724 sint
346 1686 570 1726 vobiscum
595 1700 757 1736 omnes,
780 1685 950 1725 etiamsi
978 1685 1039 1725 vis
1070 1683 1214 1739 aliqua
1244 1699 1313 1725 me
1335 1700 1559 1742 oppresse-

110 1742 180 1792 rit,
204 1742 364 1797 potius,
386 1757 514 1798 quam
538 1752 581 1783 et
602 1743 678 1794 ilii,
697 1753 739 1783 et
762 1757 839 1783 nos
863 1743 979 1783 6una
997 1741 1247 1798 reipublicae
1273 1753 1391 1798 peste
1413 1759 1560 1800 perea-

108 1814 221 1841 mus.
283 1800 443 1864 Quare,
482 1809 623 1856 patres
662 1800 914 1855 conscripti,
948 1800 1187 1841 incumbite
1220 1801 1271 1840 ad
1308 1800 1595 1857 reipublicae4

109 1857 316 1898 salutem:
360 1857 681 1914 circumspicite
718 1872 867 1898 omnes
908 1856 1132 1913 procellas,
1163 1872 1260 1921 quae
1294 1858 1562 1913 impendent,

111 1914 195 1955 nisi
230 1914 480 1970 providetis.
533 1915 668 1956 ἴδοι]
703 1914 771 1956 si.
799 1914 1040 1966 Gracchus,
1071 1915 1146 1970 qui
1176 1916 1331 1956 iterum
1364 1917 1563 1959 tlibunus

101 1971 245 2027 plebis
270 1972 359 2012 fieri
385 1972 544 2014 voluit:
576 1988 662 2014 non
688 1972 740 2014 C.
765 1972 1007 2023 Gracchus,
1030 1973 1103 2027 qui
1127 1972 1320 2028 agrarios
1342 1975 1563 2017 concitare

109 2039 290 2069 conatus
311 2040 401 2071 est:
433 2045 520 2071 uon
552 2030 600 2071 L.
625 2030 898 2081 Saturninus,
921 2030 996 2084 qui
1021 2029 1073 2071 C.
1098 2029 1361 2071 Memmium
1384 2033 1562 2085 occidit,

109 2086 154 2128 in
177 2086 408 2128 discrimen
440 2087 629 2144 aliquod,
661 2099 791 2144 atque
822 2087 867 2128 in
895 2097 1050 2128 vestrae
1083 2088 1323 2130 severitatis
1342 2088 1562 2144 judicium

153 2214 172 2242 3
193 2213 222 2241 si
242 2212 323 2251 quid
340 2212 507 2252 obtigerit]
532 2212 621 2244 Alias
643 2213 756 2244 Latini
780 2212 814 2243 in
858 2213 1046 2243 securitatis
1065 2221 1191 2249 caussa,
1214 2223 1290 2243 cum
1312 2214 1352 2244 de
1375 2225 1471 2256 poena
1487 2226 1565 2247 con-

111 2253 172 2284 hac
200 2254 330 2293 quidem
354 2256 521 2286 sententia
541 2265 671 2296 semper
687 2256 1044 2303 dicunt,j1uatorum
1068 2256 1241 2294 agebatur,
1258 2262 1297 2286 ut
1319 2257 1435 2288 doceat
1458 2259 1565 2289 Sallu·
1596 2283 1598 2287 ,

110 2297 139 2326 si
163 2298 242 2336 quid
261 2297 444 2328 acciderit?
468 2307 534 2328 non
554 2309 581 2328 s.
608 2308 638 2337 q.
665 2299 817 2336 obtigerit
860 2298 956 2334 stiuS,
989 2297 1187 2328 Plutarchus
1217 2278 1275 2328 sic.
1326 2299 1566 2333 (ἱναιηιεεεεαε

112 2344 171 2369 aut
196 2341 300 2377 wntig
303 2341 390 2369 ..eu-t:
413 2340 473 2371 etsi
500 2343 687 2378 contingere
713 2341 816 2371 inter·
859 2349 927 2370 non
947 2350 1029 2380 prol
1033 2341 1078 2369 rie
1101 2340 1341 2381 accipiendum,
1356 2343 1411 2374 sed
1425 2344 1565 2375 circum-

113 2381 191 2412 dum
209 2391 241 2412 et
265 2383 298 2412 in
322 2382 517 2413 deteriorem
542 2388 670 2423 partem
685 2383 816 2413 dicitur.
860 2382 969 2418 datus,
983 2387 1021 2412 ut
1038 2382 1128 2412 alibi.

113 2424 230 2463 ltaque
249 2425 276 2454 si
292 2424 398 2455 ullum
416 2425 588 2464 vestigium
604 2424 688 2455 alius
704 2425 818 2455 lectio-
903 2425 927 2455 6
945 2435 1015 2455 una
1036 2424 1117 2463 reip.
1135 2428 1226 2464 peste
1240 2426 1329 2465 pern]
1356 2428 1407 2458 Sic
1431 2429 1512 2460 Mss.
1532 2434 1567 2461 et

115 2467 165 2496 nis
201 2466 236 2496 in
270 2466 362 2497 libris
391 2474 488 2504 esset,
517 2469 726 2507 corrigerem.
771 2468 818 2499 Et
859 2466 932 2498 edd.
953 2472 1036 2498 vett.
1079 2466 1260 2498 Lambinus
1283 2468 1373 2500 dedit
1391 2472 1566 2511 vulgatum

115 2515 228 2540 tamen
243 2509 339 2540 credo
353 2520 422 2540 esse
436 2511 604 2541 vitiosum.
860 2519 931 2539 una
945 2519 1021 2539 eum
1034 2519 1104 2550 rep.
1124 2519 1312 2550 pereamus,
1332 2513 1418 2561 quod
1439 2518 1566 2546 temere

157 2554 178 2582 4
200 2552 254 2582 tue
268 2551 420 2592 ferreus]
456 2553 572 2583 Rarior
597 2562 673 2582 usus
697 2562 818 2593 prono-
862 2551 1022 2582 Gruterus
1037 2562 1108 2582 serv
1111 2553 1188 2583 avit.
1218 2552 1344 2583 Vetus
1329 2565 1403 2595 jam
1419 2558 1567 2589 restituit

115 2593 213 2624 minis
229 2594 430 2631 observetur,
447 2605 505 2635 pro
522 2595 610 2632 talis,
624 2595 796 2633 ejusmodi.
862 2595 1022 2624 Graevius.

158 2639 176 2666 5
198 2647 220 2667 ιι
235 2638 349 2677 quibus
363 2648 414 2667 me
427 2639 672 2668 circumsessum
688 2636 815 2676 videris]
905 2640 923 2671 7
949 2637 1027 2667 Non
1053 2636 1092 2667 T.
1120 2636 1301 2676 Gracchus,
1324 2641 1379 2679 qui
1400 2641 1473 2681 δια]
1500 2641 1564 2672 Pro

116 2678 152 2708 P.
169 2679 342 2709 Manutius
364 2679 523 2720 intelligit
545 2687 713 2711 senatores
735 2681 818 2710 ami-
862 2680 918 2719 qui
933 2684 967 2709 et
989 2679 1043 2709 hic
1066 2685 1100 2709 ct
1122 2689 1198 2710 mox
1220 2681 1269 2711 ed.
1286 2682 1338 2712 W.
1354 2682 1453 2715 habet
1467 2685 1561 2723 quod.

115 2731 182 2752 cos,
227 2721 335 2752 Immo
357 2723 472 2753 videtis
495 2723 640 2762 pertinet
660 2721 701 2753 ad
723 2727 817 2752 sena-'
859 2721 943 2752 illud
966 2722 1082 2752 melius
1104 2728 1165 2752 est.
1211 2722 1289 2754 Post
1309 2732 1388 2756 ante
1410 2731 1564 2756 tenentur

60 2779 84 2805 s'
115 2769 203 2794 tores
222 2774 347 2796 omneS.
392 2764 605 2804 Intelligendi
627 2769 706 2795 sunt
728 2764 817 2804 equi-
859 2763 962 2794 deleti
986 2765 1043 2795 sed
1055 2775 1131 2795 cum
1147 2765 1287 2796 Graevio.
1309 2768 1402 2799 abest
1424 2770 1465 2800 ab
1488 2769 1561 2801 edd.

113 2811 164 2836 tes
187 2812 220 2836 et
246 2807 315 2843 alii,
339 2807 394 2847 qui
421 2808 587 2839 Ciceronis
611 2807 727 2838 sellam
753 2809 815 2837 cir-
857 2817 907 2848 pr.
923 2813 1037 2847 estque
1052 2807 1098 2838 sic
1111 2807 1308 2846 elegantius.

110 2849 334 2888 cmnstabant,
371 2850 473 2881 immo
501 2857 612 2881 totum
648 2855 814 2888 senatum,
