1907 3231
528 148 652 187 Ac'r.
681 148 739 186 11.
772 147 960 185 LIBER
986 147 1229 187 PRIMUS.
1529 143 1603 189 123

215 257 281 294 dat
299 256 347 293 ibi
369 255 606 297 sortitionem,
632 253 695 290 ubi
718 264 857 289 urnam
886 254 1076 288 nominat:
1105 252 1170 288 dat
1195 253 1402 289 electionem
1418 254 1600 300 judicum,

217 321 297 346 cum
324 309 426 349 dicit,
453 306 728 355 consiliumque
755 311 884 341 vocat:
916 306 981 341 dat
1008 306 1249 351 cognitionem
1266 304 1494 353 facinorum,
1522 319 1603 343 cum

215 362 317 401 dicit,
341 361 510 408 vitasque
526 363 566 394 et
582 358 744 394 crimina
760 357 882 394 discit.
937 358 1036 405 Ergo
1062 356 1120 392 hic
1149 356 1250 398 liber,
1281 359 1343 404 qui
1371 358 1414 392 de
1431 363 1603 395 anteacta

213 415 293 449 vita
309 417 376 455 est,
395 416 532 447 statum
549 422 686 446 necesse
700 415 753 446 est
772 408 1048 456 conjecturalem
1065 408 1205 444 habeat.
1236 409 1369 457 Capita
1386 414 1506 445 autem
1524 423 1602 457 quse

213 466 290 513 ipse
320 463 460 500 Tullius
472 462 584 512 fecit,
613 463 805 498 dividendo
830 467 946 498 totam
971 462 1064 498 hanc
1091 463 1366 503 accusationem,
1393 467 1477 497 sunt
1501 462 1573 497 hoec
1588 479 1601 498 .-

207 518 370 565 primum
387 517 424 551 in
443 519 678 563 quaesturam:
707 515 834 550 deinde
848 515 885 550 in
904 515 1119 562 legationem
1134 518 1168 549 et
1181 515 1499 562 vicequaesturam:
1530 518 1601 549 ter-

214 570 266 604 tio
291 570 330 604 in
351 572 551 616 praeturam
568 567 740 603 urbanam
754 583 766 603 .·
795 571 926 615 quarto
944 569 982 602 in
997 571 1193 615 prceturam
1214 565 1449 602 Siciliensem.
1504 566 1602 602 Nam

213 632 324 668 quum
349 631 466 656 omnes
493 618 567 666 ejus
592 623 693 655 actus
719 623 906 667 quoesturae
931 621 1087 661 nomine,
1117 618 1320 665 legationis,
1345 623 1514 666 praeturce
1539 631 1600 654 ur-

213 673 325 718 banae,
361 672 644 721 Siciliensisque,
681 673 955 719 quadripartita
990 671 1161 707 librorum
1189 670 1363 706 divisione
1386 683 1600 718 cognoscan-

214 729 298 762 tur:
327 729 498 761 anteacta
515 723 589 771 ejus
607 726 729 760 onmia
755 723 821 759 hoc
845 723 934 759 libro
961 722 1213 771 comprehensa
1237 728 1319 759 sunt
1347 725 1395 760 ad
1421 725 1601 774 eorumfi-

213 779 295 814 dem
322 789 401 826 quae
422 781 507 825 post
526 778 701 813 dicentur.
757 776 938 811 Prooemia
959 787 1045 811 sane
1071 772 1175 819 hujus
1200 775 1283 811 libri
1310 778 1347 812 in
1371 776 1603 812 simulatione

211 833 411 866 constituta
425 834 521 871 sunt,
542 831 645 877 quasi
662 839 755 864 verce
772 829 1010 863 accusationis
1031 830 1067 863 in
1091 827 1124 861 1
1120 838 1235 862 errem
1253 830 1443 864 audentem
1462 830 1597 871 adesse,

212 887 322 930 atque
350 881 557 931 defensum:
584 884 623 917 in
655 881 904 916 exhortatione
927 878 1096 926 judicum
1130 879 1178 913 ad
1212 885 1308 916 recte
1332 879 1600 927 judicandum-.-

214 939 292 971 tum
318 937 358 971 in
376 936 484 970 minis
501 938 627 970 contra
653 933 878 968 adversarios
905 937 940 968 et
958 934 996 968 in
1021 933 1220 969 exhibenda
1235 935 1378 968 ratione
1397 933 1507 981 officii
1530 935 1601 976 sni,

215 1000 278 1024 cur
295 989 348 1024 ita
374 987 546 1022 maluerit
572 997 753 1027 accusare,
781 989 823 1020 ut
846 986 970 1032 prima
993 987 1134 1021 actione
1160 989 1301 1021 tantum
1321 986 1468 1022 testibus
1487 990 1601 1022 utere-

214 1045 286 1077 tur.
342 1039 429 1080 Quae
462 1039 584 1074 omnia
616 1037 790 1085 ejusmodi
819 1042 916 1079 sunt,
945 1041 986 1072 ut
1011 1050 1083 1073 non
1112 1043 1187 1073 tam
1213 1050 1308 1074 nova
1334 1039 1464 1080 dicere,
1493 1050 1603 1086 quam

213 1094 313 1128 dicta
337 1092 420 1128 libri
436 1092 632 1138 superioris
654 1092 858 1126 instaurare
876 1091 1054 1126 videatur.
1110 1090 1201 1125 Post
1227 1091 1302 1126 haec
1327 1093 1462 1133 omnia,
1489 1092 1602 1138 ipsius

213 1144 395 1180 Ciceronis
409 1154 476 1192 per
495 1143 644 1179 honores
667 1142 785 1178 Verris
805 1154 884 1178 cum
912 1142 1120 1179 criminibus
1129 1141 1278 1189 junctos
1304 1144 1433 1179 divisio
1452 1155 1520 1192 per
1543 1155 1601 1179 or-

212 1198 334 1233 dinem
352 1200 554 1244 temporum
572 1196 698 1231 currit.

165 1275 505 1346 NEMINEM
529 1303 719 1344 vestrum
742 1302 940 1358 ignorare
963 1302 1161 1356 albitror,
1178 1303 1364 1368 jundiceS,
1390 1302 1506 1345 hunc
1526 1318 1600 1361 per
1618 1306 1645 1352 1

159 1360 293 1404 hosce
317 1362 406 1402 dies
433 1375 671 1403 sermonem
695 1360 829 1416 vulgi,
860 1369 989 1415 atque
1023 1360 1134 1402 hanc
1167 1361 1416 1417 opinionem
1451 1362 1633 1418 populi1

162 1417 350 1461 Romani
376 1418 521 1469 fuisse,
555 1417 607 1459 C
633 1417 811 1459 Verrem
841 1417 974 1458 altera
994 1418 1165 1459 actione
1189 1433 1491 1475 r·esponsu1um
1514 1433 1602 1460 non

160 1489 266 1528 esse,
297 1490 436 1531 neque
455 1475 739 1540 adjudicium
762 1473 1012 1516 affatui-‚um
1062 1476 1174 1522 Quae
1194 1475 1310 1517 fama
1331 1491 1419 1517 non
1440 1476 1602 1518 idcirco

161 1532 299 1575 solum
320 1543 553 1584 emanar,at
583 1532 699 1588 quod
718 1532 798 1572 iste
824 1535 966 1573 leerte
989 1542 1195 1574 statuerat
1217 1549 1266 1575 ac
1296 1533 1605 1575 deliberaverat

160 1604 249 1632 non
282 1591 455 1644 adesse3
488 1605 636 1632 verum
663 1590 810 1640 etiarn,
841 1590 958 1645 quod
990 1604 1118 1632 nemo
1140 1605 1401 1646 quemquam
1420 1601 1509 1632 tam
1530 1606 1605 1632 au-

159 1647 325 1713 dacem,
358 1655 447 1690 tam
470 1657 700 1699 amentem,
733 1656 820 1688 tam
844 1646 1140 1703 impudentem
1175 1648 1266 1689 fore
1300 1648 1603 1713 arbitiabatur,

159 1707 236 1761 qui
258 1715 348 1747 tam
375 1706 550 1747 nefariis
580 1704 848 1755 criminibus,
881 1714 968 1746 tam
998 1706 1144 1747 multis
1171 1706 1387 1747 Qtestibus
1420 1707 1603 1757 evictus,

161 1778 238 1804 ora
251 1763 451 1819 judicum
474 1763 708 1819 adspicere,
740 1770 813 1802 aut
835 1777 882 1803 os
906 1777 1029 1803 suum
1052 1763 1212 1828 populo
1237 1763 1437 1804 Romano
1459 1772 1603 1805 osten-

161 1820 262 1862 dere
303 1821 492 1862 auderet
553 1819 631 1861 Est
669 1820 781 1860 idem
822 1819 990 1871 Verres,
1021 1836 1095 1876 qui
1133 1820 1215 1862 fuit
1249 1835 1436 1877 semper3
1468 1831 1517 1862 ut
1549 1820 1638 1863 ad2

162 1878 406 1919 audendum
429 1876 662 1934 projectus,
686 1877 746 1918 sic
769 1886 942 1933 paratus
964 1877 1017 1918 ad
1039 1878 1314 1920 audiendum.
1338 1888 1497 1934 praesto
1516 1887 1603 1921 est:

161 1936 417 1999 respondet:
450 1935 785 1977 defenditu1.ne
806 1934 889 1976 hoc
912 1935 1086 1990 quidem
1109 1936 1192 1977 sibi
1226 1936 1377 2000 reliqui
1402 1935 1523 1988 facit,
1557 1946 1606 1977 ut

162 2007 206 2033 1n
230 1994 356 2034 rebus
379 1992 651 2049 turpissimis,
683 2007 781 2033 cum
803 1993 1034 2034 manifesto
1058 2002 1268 2045 teneatur,
1291 1994 1325 2034 si
1348 1993 1540 2045 reticeat,
1562 2003 1607 2035 et

163 2044 289 2102 absit,
321 2060 463 2091 tamen
497 2049 777 2106 impudentiae
813 2064 901 2091 suae
936 2051 1170 2106 pudentem
1200 2052 1368 2092 exitum
1402 2051 1607 2106 quaesisse

161 2107 374 2150 videatur.
436 2107 603 2159 Patior,
625 2107 812 2171 JudiceS‚
843 2119 886 2148 et
908 2122 993 2148 non
1019 2108 1198 2150 moleste
1221 2108 1326 2160 fero,
1358 2123 1426 2149 me
1448 2108 1606 2149 laboris

160 2165 261 2216 mei,
294 2181 369 2206 vos
393 2165 564 2206 virtutis
587 2176 739 2208 vestrae
763 2163 952 2206 fructum
978 2180 1069 2206 esse
1099 2166 1275 2208 laturos.
1337 2166 1451 2207 Nam
1473 2167 1506 2207 si
1527 2167 1607 2207 iste

161 2222 206 2263 id
239 2222 425 2274 fecisset,
456 2223 572 2279 quod
607 2223 747 2279 primo
783 2230 1004 2274 statuerat,
1038 2233 1084 2264 ut
1115 2238 1203 2265 non
1234 2224 1426 2276 adesset3
1464 2223 1607 2266 minus

162 2279 400 2335 aliquanto,
430 2295 560 2337 quam
586 2280 695 2321 mihi
726 2293 835 2335 opus
863 2289 988 2332 esset,
1018 2290 1368 2338 cognosceretur,
1399 2281 1503 2336 quid
1523 2295 1608 2336 ego

162 2336 208 2378 in
232 2338 313 2379 hac
347 2339 622 2379 accusatione
654 2337 945 2392 comparanda
976 2339 1364 2394 constituendaque
1393 2338 1609 2380 elaboras-

161 2409 276 2437 sem:
307 2405 449 2437 vestra
470 2410 571 2437 vero
593 2395 684 2436 laus
715 2394 856 2435 tenuis
884 2394 1011 2451 plane
1043 2406 1172 2452 atque
1198 2397 1395 2447 obseura,
1419 2395 1606 2450 Judices,

161 2460 286 2493 esset.
348 2452 503 2509 Neque
540 2453 655 2494 enim
696 2452 781 2493 hoc
822 2466 848 2492 a
889 2452 1011 2493 vobis
1050 2454 1233 2510 populus
1274 2452 1497 2494 Romanus
1528 2458 1642 2495 ert-3

163 2517 344 2574 spectat,
376 2525 516 2575 neque
549 2526 599 2553 eo
632 2518 778 2573 potest
819 2522 912 2550 esse
951 2520 1196 2562 contentus,
1227 2510 1261 2551 si
1295 2510 1607 2552 condemnatus

163 2567 219 2607 sit
239 2567 290 2618 is,
321 2568 396 2623 qui
418 2569 564 2610 adesse
588 2567 796 2617 noluerit3
827 2575 872 2607 et
901 2566 934 2607 si
967 2565 1099 2610 fortes
1125 2568 1323 2610 fueritis
1314 2583 1358 2609 m
1381 2581 1447 2619 co,
1478 2582 1608 2624 quem

161 2637 290 2666 nemo
335 2625 391 2666 sit
427 2641 554 2667 ausus
589 2625 833 2667 defendere.
869 2623 1005 2664 immo
1035 2640 1137 2668 vero
1170 2625 1297 2678 adsit,
1329 2626 1608 2682 respondeat:

206 2740 219 2768 1
244 2742 330 2769 certe
349 2743 514 2770 statuerat
540 2749 581 2770 ac
604 2739 713 2779 delio]
738 2738 866 2780 Legen-
908 2739 983 2770 Am.
1000 2741 1050 2770 31.
1066 2749 1107 2771 ne
1122 2741 1192 2780 quis
1213 2739 1362 2770 ordinem
1378 2740 1571 2771 verborum'
1563 2749 1615 2770 m-

161 2778 242 2810 dum
255 2785 351 2811 certo.
395 2782 550 2812 Ceterum
565 2782 627 2813 hoc
642 2782 756 2813 ordine
768 2783 867 2813 verba
908 2792 1037 2813 versum
1063 2788 1172 2823 putet,
1195 2793 1275 2814 cum
1302 2783 1390 2823 prius
1416 2783 1616 2814 deliberetur

159 2826 304 2853 statuere
328 2833 368 2853 ac
388 2825 481 2855 decib.
504 2825 672 2861 dicuntur,
697 2829 739 2855 ut
759 2829 867 2855 statu·
909 2835 1006 2866 quam
1021 2830 1201 2856 statuatur.

161 2869 235 2895 tum
257 2875 298 2895 ac
317 2866 530 2897 deliberatum
551 2868 680 2905 habere,
699 2867 786 2897 infra
800 2868 865 2905 111,
953 2870 973 2899 2
995 2868 1126 2898 testibus
1148 2867 1282 2907 cinctus]
1307 2877 1338 2897 v·
1359 2867 1448 2902 Clav.
1472 2868 1508 2899 in
1526 2866 1559 2898 h·
1584 2876 1617 2902 v,

159 2908 213 2938 41.
236 2907 317 2940 item
337 2913 462 2940 certum
477 2910 754 2951 deliberatumque
768 2910 866 2942 Rosc.
910 2910 975 2941 Ms.
989 2915 1102 2942 tamen
1118 2911 1181 2942 Gu.
1196 2911 1368 2942 com-ictas.
