1907 3231
566 135 685 180 PRO
713 142 755 179 C
781 139 1052 179 RABIRIO.
1456 140 1532 182 6:33

92 246 315 289 ademistit
354 235 596 303 propterea,
625 246 740 302 quod
780 245 833 288 ad
866 243 1184 287 defendendum
1218 245 1533 302 piopemodum

92 306 114 336 6
136 306 238 346 satis
270 305 351 346 erit
383 304 467 344 hoc
497 303 605 344 mihi
639 305 860 360 temporis,
894 302 947 343 ad
980 303 1329 357 conquerendum
1366 319 1532 360 parum.

91 363 174 403 nisi
198 362 264 404 for
270 371 309 403 te
331 361 383 402 de
405 360 510 402 10013
533 361 744 417 religiosis
776 376 825 402 ac
853 361 905 402 de
935 359 1056 411 lucis,
1079 373 1187 414 quos
1218 360 1272 400 ab
1294 360 1377 402 hoc
1403 362 1571 410 viola-7

91 429 158 461 tos
188 434 279 461 esse
307 419 473 483 dixisti,
506 418 700 474 plulibus
723 418 863 459 Verbis
895 418 974 459 tibi
1007 417 1351 473 respondendum
1363 428 1534 482 putas:

91 491 178 532 quo
201 478 244 518 in
267 476 448 518 crimine
479 475 588 516 nihil
618 486 682 517 est
713 490 917 532 umquam
950 476 1026 516 abs
1054 485 1096 515 te
1127 475 1308 526 dictum,
1331 475 1412 516 nisi
1436 491 1459 516 a
1483 475 1535 518 C.

93 534 249 575 Macro
269 533 495 588 objectum
525 548 616 574 esse
648 534 810 575 crimen
842 533 885 573 id
918 532 970 574 C.
996 531 1191 573 Rabirio.
1255 531 1307 572 In
1338 547 1424 588 quo
1455 547 1538 589 ego

93 591 293 656 demiror,
325 591 571 632 meminisse
605 601 662 642 te,
696 591 798 646 quid
833 590 1044 654 obj-'ecerit
1084 589 1136 631 C.
1171 589 1353 630 Rabirio
1386 589 1540 631 Macer

92 649 308 699 inimicus,
332 649 515 689 oblitum
539 663 644 699 esse,
667 649 769 704 quid
804 648 917 702 aequi
944 656 986 688 et
1011 647 1146 702 jurati
1174 647 1343 703 judices
1367 647 1540 703 judica-

91 705 192 747 rint.
229 705 299 747 An
323 706 374 747 de
398 705 597 762 peculatu
621 705 754 756 facto,
776 720 829 746 an
851 705 904 745 de
928 704 1172 745 tabular'io
1164 719 1354 769 incenso,
1377 705 1586 762 7longa3

90 764 230 804 oratio
252 773 317 805 est
347 763 660 819 exprimenda?
691 777 776 818 quo
800 763 843 802 in
870 762 1052 802 crimine
1082 763 1350 826 propinquus
1375 762 1426 804 C.
1452 738 1540 804 Ra-

92 821 377 877 biriijudieio
400 821 636 862 clarissimo
661 820 742 860 8C.
768 819 960 869 Curtius,
984 833 1061 875 pro
1086 819 1243 860 virtute
1263 835 1353 871 sua,
1375 830 1439 862 est
1460 820 1540 861 ho-

90 880 334 921 nestissime
356 878 587 920 liberatus.
620 878 713 933 ipse
732 885 834 917 x‘ero
859 876 1064 917 Rab'uius
1087 891 1171 917 non
1196 878 1359 918 modo
1350 891 1392 918 ln
1419 877 1540 934 judi-

91 936 209 978 cium
233 936 386 978 horum
408 936 654 986 criminum,
678 934 750 975 sed
774 948 827 974 ne
858 933 901 974 in
926 934 1221 974 tenuissimam
1244 935 1418 998 quidem
1450 950 1540 976 sus-

92 994 310 1049 picionem
343 993 473 1034 verbo
496 1001 561 1033 est
590 1006 797 1047 umquam
829 999 1024 1032 vocatus.
1084 991 1154 1032 An
1184 992 1237 1033 de
1268 992 1424 1033 sororis
1450 992 1539 1033 filio

91 1051 343 1107 diligentius
375 1050 721 1106 respondendum
743 1050 835 1091 est?
866 1063 994 1104 quem
1026 1049 1080 1090 ab
1110 1049 1194 1090 hoc
1224 1060 1426 1091 necatum
1448 1063 1540 1090 esse

90 1108 258 1160 dixisti,
281 1114 381 1150 011111
405 1109 457 1149 ad
482 1107 641 1163 judicii
663 1121 830 1147 moram
852 1110 872 1141 9
887 1106 1107 1147 familiaris
1130 1106 1291 1147 funeris
1313 1108 1539 1148 excusatio

91 1172 370 1221 q'uaereretur.
433 1169 470 1196 1⁰
486 1165 603 1212 Quid
626 1165 743 1206 enim
764 1173 829 1205 est
860 1175 950 1205 tam
982 1163 1226 1228 verisimile,
1249 1179 1379 1220 quam
1401 1165 1539 1205 cario-

88 1236 181 1264 rem
212 1223 314 1264 huic
346 1223 502 1264 sororis
532 1223 751 1273 maritum,
774 1235 903 1277 quam
935 1222 1092 1263 sororis
1121 1221 1257 1263 filium
1282 1221 1443 1264 fuisse?
1474 1226 1650 1264 at-P·9²⁴

91 1295 175 1336 que
197 1281 260 1322 ita
279 1281 504 1332 cariorem,
527 1290 576 1320 ut
599 1281 706 1321 alter
729 1280 817 1321 vita
838 1278 1131 1320 crudelissime
1162 1280 1417 1335 privaretur,
1439 1277 1570 1321 cuma

93 1338 214 1379 alteli
248 1339 301 1380 ad
335 1338 620 1394 prolationem
648 1337 806 1394 judicii
844 1337 1025 1378 biduum
1061 1340 1352 1392 quaereretur?
1384 1337 1454 1378 An
1487 1338 1540 1379 de

93 1396 225 1437 servis
247 1396 396 1437 alienis
418 1405 570 1437 contra
591 1395 731 1451 legem
758 1394 937 1435 Fabiam
968 1395 1160 1459 retentis,
1183 1405 1258 1436 aut
1288 1395 1340 1435 de
1371 1395 1540 1436 civibus

94 1452 304 1495 Romanis
327 1462 478 1494 contra
499 1429 658 1509 legemD
660 1452 859 1493 Porciam
884 1452 1118 1493 verberatis
1137 1461 1212 1493 aut
1233 1452 1395 1493 necatis
1419 1452 1542 1510 plura

93 1510 276 1552 dicenda
306 1520 419 1561 sunt,
441 1525 540 1551 cum
563 1519 685 1551 tanto
709 1509 852 1550 studio
877 1508 928 1550 C.
955 1509 1159 1550 Rabirius
1185 1510 1316 1551 totius
1348 1509 1538 1566 Apuliae,

93 1567 299 1625 singulari
332 1542 555 1609 voluntate
588 1567 889 1624 1¹Campaniae
924 1567 1160 1608 vicinitatis
1182 1570 1387 1608 ornetur?
1418 1583 1540 1608 cum-

91 1640 175 1680 que
206 1626 259 1667 ad
288 1624 382 1681 ejus
414 1624 752 1690 propulsandum
785 1624 1023 1680 periculum
1055 1638 1141 1665 non
1174 1625 1304 1666 modo
1328 1624 1539 1690 homines,

92 1683 164 1724 sed
188 1698 322 1748 prope
346 1685 542 1739 regiones
565 1698 671 1739 lpsae
697 1682 1055 1733 12coneurrerint,
1078 1682 1299 1739 aliquanto
1321 1682 1453 1723 etiam
1481 1683 1541 1723 la-

91 1741 177 1782 tius
199 1742 418 1793 excitatae,
441 1755 571 1796 quam
594 1740 727 1797 ipsius
751 1740 988 1782 vicinitatis
1011 1753 1171 1782 nomen
1194 1756 1244 1782 ac
1266 1740 1440 1782 termini
1463 1755 1541 1797 po-

881 1885 900 1916 9
903 1877 1096 1922 familiaris
1095 1880 1234 1922 funeris
1244 1882 1422 1922 excusatio]
1439 1882 1542 1913 Nem-

838 1933 877 1964 pe
892 1934 931 1954 ex
947 1924 1053 1955 edicto
1069 1925 1232 1965 praetoris,
1246 1925 1332 1965 quod
1346 1924 1431 1955 hauc
1445 1935 1543 1955 excu-

134 1880 154 1910 6
175 1881 257 1912 satis
270 1882 334 1912 erit
355 1883 412 1912 hoc
427 1883 507 1913 mihi
521 1880 686 1921 temporis]
705 1881 796 1911 Grae-

93 1922 163 1953 vius
186 1919 331 1954 malebat
353 1934 377 1954 s.
393 1933 418 1954 e.
443 1926 524 1955 mihi
548 1927 603 1954 hoc
624 1926 795 1964 temporis:

92 1965 174 1996 mihi
198 1965 326 1997 videtur
339 1969 396 1997 hoc
410 1967 585 1997 delendum
605 1975 690 1997 esse:
715 1971 796 1997 tem-

86 2009 178 2051 poris
192 2008 313 2048 pendet
328 2020 347 2040 a
359 2010 452 2046 satis,
466 2011 538 2049 quis
551 2010 631 2040 dicit
643 2010 700 2040 hoc
715 2014 795 2040 tem—

88 2051 180 2090 poris
208 2051 286 2081 mihi
313 2054 393 2082 satis
417 2054 486 2082 est?
516 2062 592 2082 mox
621 2057 655 2082 et
680 2062 797 2082 veram

94 2093 212 2122 melius
241 2094 380 2132 abesset,
410 2095 495 2134 qnod
531 2095 566 2124 in
602 2094 662 2125 hac
691 2095 797 2125 forma

93 2141 182 2165 certe
215 2135 364 2176 languet,
392 2143 427 2167 et
455 2136 533 2168 alibi
562 2147 628 2167 non
656 2136 796 2168 additur.

94 2176 177 2208 Edd.
193 2177 246 2208 W.
266 2182 356 2210 1480.
371 2178 423 2209 hic
447 2189 515 2210 non
529 2178 653 2210 habent
669 2189 796 2217 terum,

87 2219 149 2250 sed
163 2229 219 2260 pos
223 2225 237 2250 t
252 2231 390 2261 conqner
391 2223 523 2259 endum,
539 2232 632 2252 vero:
653 2232 726 2262 quae
741 2230 798 2253 va-

94 2263 194 2293 rietas
209 2263 316 2300 docet,
332 2273 400 2294 esse
416 2264 478 2294 11οο
492 2264 627 2294 ν·611111111
643 2275 663 2294 a
676 2264 799 2304 glossa-

93 2307 175 2335 tore.
221 2286 337 2345 Itaqtie
352 2316 427 2336 cum
444 2307 608 2337 Lambino
623 2306 739 2338 delevi.

137 2351 154 2381 7
179 2349 250 2386 long
236 2359 277 2378 υα
293 2350 396 2379 oratio
411 2354 457 2379 est
473 2349 701 2389 erprimencla]
728 2349 799 2380 Du-

92 2390 160 2420 rius
198 2378 278 2420 inihi
317 2391 378 2421 hoc
414 2391 518 2422 visum
547 2396 597 2422 est
624 2396 659 2422 et
686 2401 799 2432 expro-

94 2433 214 2463 menda
243 2433 432 2473 legendum,
462 2439 552 2471 ante,
580 2443 678 2473 quam
714 2445 734 2464 a
763 2435 798 2466 P.

94 2474 263 2510 Manufio,
286 2476 450 2507 Lambino
473 2483 507 2507 et
529 2476 601 2507 aliis
623 2482 698 2517 post
721 2487 796 2508 eum

94 2517 140 2547 31(,
171 2518 297 2548 editum
334 2529 538 2559 repereram.
577 2519 664 2558 quod
692 2519 798 2551 simile

95 2564 144 2590 est
159 2560 201 2597 ei,
218 2560 305 2600 quod
324 2562 410 2591 infra
424 2562 558 2598 dicitur,
575 2562 707 2601 longam
724 2572 798 2592 ora-

95 2603 215 2633 tionem
230 2611 432 2643 comparare.
473 2604 525 2634 sic
540 2613 727 2644 expromere
740 2614 799 2645 pro

96 2644 197 2676 Dom.
213 2647 264 2677 223.
281 2648 330 2676 est
344 2656 403 2686 pro
417 2656 685 2677 commemorare.

139 2691 157 2718 8
179 2688 211 2719 C.
233 2688 379 2728 Curtius]
397 2687 446 2719 Ex
461 2688 518 2719 Or.
539 2698 597 2729 pro
612 2689 694 2720 Rab.
708 2689 797 2720 Post.

94 2732 125 2762 Ξ.
148 2733 195 2764 17.
211 2731 381 2771 corrigunt
395 2732 540 2771 quidam,
555 2737 594 2761 ut
610 2731 798 2762 Hotoman-

95 2780 170 2810 nus,
192 2774 225 2805 C.
245 2773 372 2804 Curius.
387 2774 474 2813 quod
490 2779 522 2804 et
541 2773 643 2804 edidit
664 2774 797 2805 Lambi-

95 2823 176 2845 nus:
202 2817 302 2853 reclte‚
320 2820 358 2846 ut
380 2817 507 2857 opinor.
533 2816 595 2847 vid.
621 2815 796 2848 Hot.0bs.

90 2857 153 2932 Ε,
172 2862 201 2889 8.
234 2858 383 2890 Fortasse
397 2864 431 2890 et
446 2868 568 2890 nomen
583 2859 644 2891 hoc
660 2864 710 2892 es't
724 2860 796 2891 foco

137 2911 211 2934 eno·

838 1967 1000 1997 sationem
1016 1967 1128 2003 dabat,
1143 1972 1183 1998 ut
1197 1973 1248 1998 est
1269 1968 1304 1998 in
1319 1967 1448 2006 Digest.
1463 1967 1492 2005 1,
1509 1970 1539 1999 52.

837 2009 877 2039 de
892 2010 926 2039 in
934 2012 990 2050 jus
1005 2009 1163 2041 vocando.

885 2054 922 2082 10
937 2051 1032 2093 ‚Quid
1045 2058 1091 2083 est
1106 2058 1176 2084 tam
1190 2051 1378 2091 verisimile]
1397 2052 1431 2082 Si
1443 2053 1543 2083 lectio

839 2103 919 2124 sana
944 2100 1006 2131 est,
1033 2095 1287 2135 intelligendum
1313 2095 1375 2125 hoe
1401 2101 1450 2125 est
1477 2096 1542 2126 iro-

840 2139 929 2166 nice:
968 2137 1056 2176 quod
1084 2143 1198 2168 tamen
1228 2137 1304 2167 huic
1330 2137 1445 2168 formae
1474 2148 1542 2170 non

840 2179 919 2209 satis
934 2185 1061 2220 aptum.
1083 2180 1222 2211 Videtur
1236 2179 1390 2210 excidisse
1399 2190 1522 2220 parum
1533 2193 1543 2211 .-

841 2221 936 2263 ‚Quid
947 2227 993 2252 est
1009 2227 1077 2253 tam
1088 2232 1215 2263 parum
1230 2223 1427 2253 verisimile?

888 2267 921 2294 ll
953 2264 1143 2305 Campania?
1166 2265 1359 2304 vicinitatis]
1396 2265 1448 2296 Sic
1470 2264 1542 2295 edd.

841 2316 969 2344 omnes,
998 2317 1078 2346 quas
1107 2308 1194 2346 vidi3
1223 2307 1319 2347 idque
1348 2307 1544 2338 defendebat

841 2349 1061 2381 Guilielmius.
1089 2351 1219 2381 Tamen
1240 2350 1414 2390 Campanae
1431 2350 1545 2390 legen·

841 2391 919 2421 dum
935 2398 1027 2432 puto,
1073 2393 1248 2423 Sallustius
1264 2398 1298 2423 et
1315 2393 1371 2423 alii
1389 2392 1543 2423 similiter

841 2433 963 2472 dixere,
988 2434 1247 2476 Gallz'oejkminoe
1262 2436 1319 2465 810.
1339 2446 1368 2466 v.
1386 2436 1478 2467 Cort.
1502 2435 1543 2466 ad

839 2476 880 2506 fr.
904 2476 993 2507 Hist.
1019 2488 1049 2518 p.
1074 2481 1142 2513 990.
1172 2484 1206 2508 et
1227 2477 1327 2509 Catil.
1350 2480 1402 2512 27.
1425 2478 1543 2510 Sordes

840 2519 911 2548 istae
932 2525 1022 2557 sunt,
1035 2521 1243 2551 alienissimae
1263 2531 1283 2551 a.
1297 2520 1464 2551 Ciceronis
1478 2521 1544 2551 ele-

841 2562 965 2600 gantia.
1012 2563 1043 2593 Si
1066 2571 1179 2594 tamen
1202 2563 1248 2592 310
1266 2563 1396 2612 scripsit
1413 2564 1541 2601 Cicero,

847 2604 1035 2644 (ὶιηψαηὶιε
1047 2612 1098 2636 est
1111 2606 1234 2646 genitiv
1238 2615 1275 2636 us
1289 2606 1344 2646 qui
1359 2617 1379 2637 a
1391 2607 1543 2637 vicinitas

839 2646 976 2686 regitur.

887 2691 923 2721 12
945 2690 1166 2730 comenerz'nt]
1191 2690 1340 2721 Graevius
1363 2701 1380 2721 e
1402 2690 1467 2721 Ms.
1488 2689 1541 2722 Fr.

840 2730 930 2762 dedit
950 2734 1195 2764 concurrerint.
1218 2733 1305 2772 quod
1318 2738 1368 2764 est
1382 2737 1459 2765 'sane
1473 2734 1542 2764 effi-

840 2775 962 2812 cacius,
977 2780 1011 2805 et
1028 2776 1073 2806 rei
1088 2776 1208 2816 aptiuS.
1229 2784 1305 2806 nam
1322 2778 1370 2806 est
1385 2775 1452 2807 fere
1467 2786 1542 2816 pro-

840 2818 950 2857 prium
971 2818 1005 2848 in
1020 2817 1082 2848 bac
1105 2818 1272 2849 sententia
1286 2818 1432 2850 verbum.
1475 2818 1543 2850 Ita,

839 2869 902 2899 que
915 2870 992 2894 eum
1006 2861 1155 2892 imitatus
1169 2870 1254 2895 sum.
