1907 3231
265 110 316 145 92
718 105 786 142 IN
819 105 865 145 Q.
902 104 1243 154 QAECILIUM

265 223 520 264 quaeramus,
543 223 640 250 curn
670 207 753 250 hoc
782 218 963 258 constet,
988 209 1154 250 Siculos
1183 223 1207 249 a
1236 221 1304 250 me
1336 208 1505 265 petisse,
1533 207 1688 265 ecquid

265 265 377 307 hauc
403 280 492 308 rein
512 266 625 329 apud
653 280 728 307 vos
750 266 1000 320 animosque
1030 275 1191 306 vestros
1215 266 1351 307 valere
1372 274 1588 322 oporteat:
1619 279 1690 308 ec-

265 322 369 378 quid
392 323 659 364 auctoritatis
689 323 801 379 apud
834 338 909 363 vos
932 324 974 363 in
1000 337 1076 363 suo
1099 323 1200 378 jure
1224 323 1459 379 repetundo
1483 323 1588 364 socii
1611 337 1691 379 po·

266 379 355 437 puli
398 379 597 431 Romani,
634 379 846 436 supplices
886 380 1030 430 vestri,
1063 379 1219 421 habere
1246 380 1443 422 debeant.
1505 379 1573 421 De
1603 394 1690 435 quo

266 437 369 492 quid
391 452 473 493 ego
498 437 617 493 plura
637 439 991 478 commemorem?
1021 437 1141 491 quasi
1172 451 1270 479 vero
1292 437 1471 478 dubium
1495 437 1564 489 sit,
1585 436 1689 492 quin

267 503 362 535 tota
388 493 456 535 lex
487 496 538 535 dc
565 494 756 549 pecuniis
789 493 1033 549 repetundis
1063 494 1274 536 sociorum
1302 509 1429 536 causa
1456 495 1692 535 constituta

209 557 257 592 18
271 551 338 592 sit.
399 551 512 593 Nam
550 552 716 592 civibus
756 565 854 592 cum
889 558 988 591 sunt
1024 560 1183 606 ereptae
1213 552 1422 607 pecuniae,
1457 551 1572 593 civili
1604 550 1692 592 fere

268 609 436 650 actione
453 617 494 648 et
511 608 677 664 privato
692 608 791 662 jure
808 615 1075 663 repetuntur:
1109 608 1202 650 liaec
1224 608 1292 650 lex
1309 607 1476 650 socialis
1497 619 1585 650 est:
1608 607 1692 649 hoc

260 665 336 720 jus
358 665 580 706 nationum
601 674 846 705 exterarum
863 673 945 706 cst:
978 664 1090 706 hanc
1106 664 1267 706 habent
1287 680 1442 716 arcem,
1460 666 1599 706 minus
1615 664 1692 706 ali-

267 733 429 777 quanto
446 736 558 764 nunc
577 722 749 777 quidem
771 722 996 772 munitam,
1015 736 1144 777 quam
1165 731 1304 774 antea,
1327 733 1635 772 verumtamen,
1657 722 1692 763 si

267 792 353 834 qua
374 779 535 834 reliqua
555 794 649 835 spes
671 790 749 830 est,
770 795 866 835 quae
890 779 1104 821 sociorum
1125 780 1290 821 animos
1311 779 1520 821 consolari
1543 778 1694 841 possit,

267 850 319 876 ea
341 845 432 878 tota
456 837 499 877 in
523 836 602 878 hac
624 836 717 893 lege
739 837 878 893 posita
897 846 986 878 est:
1018 836 1141 891 cujus
1174 836 1278 893 legis
1307 851 1393 878 non
1420 837 1548 878 modo
1571 852 1596 878 a
1618 850 1695 892 po-

270 892 371 949 pulo
402 892 615 946 Romano,
638 894 709 935 sed
735 894 866 936 etiam
894 895 949 935 ab
979 893 1139 936 ultimis
1161 894 1410 936 nationibus
1430 893 1695 950 jampridem

210 962 258 997 19
271 951 405 992 severi
443 952 642 993 custodes
675 951 959 1006 requiruntur.
1020 952 1130 998 Quis
1171 951 1302 1008 igitur
1342 961 1421 1003 est,
1457 951 1531 1007 qui
1566 959 1697 1007 neget

269 1018 466 1064 oportere
489 1012 670 1049 Seorum
702 1008 909 1049 arbitratu
934 1007 1028 1064 lege
1056 1009 1142 1064 agi,
1171 1023 1354 1063 quorum
1381 1023 1510 1050 causa
1539 1007 1609 1050 lex
1640 1008 1696 1048 sit

267 1066 527 1108 constituta?
559 1065 706 1107 Sicilia
736 1073 840 1116 tota,
871 1065 903 1105 si
936 1080 1021 1106 una
1049 1079 1155 1107 voce
1183 1066 1440 1121 loqueretur,
1470 1065 1553 1107 hoc
1581 1065 1697 1106 dice-

268 1132 352 1163 ret:
392 1123 506 1177 quod
537 1123 643 1174 auri,
665 1121 779 1178 quod
801 1122 982 1178 argenti,
1005 1122 1121 1177 quod
1145 1132 1494 1164 ornamentorum
1521 1123 1562 1164 in
1590 1122 1696 1163 meis

268 1179 459 1231 urbibus,
482 1180 668 1230 sedibus,
690 1179 876 1220 delubris
907 1179 1017 1230 fuit;
1049 1180 1163 1235 quod
1190 1180 1232 1221 in
1265 1194 1519 1235 unaquaque
1540 1194 1599 1230 re,
1624 1180 1698 1220 be-

266 1237 421 1278 neficio
452 1238 586 1278 senati
617 1236 850 1293 populique
880 1236 1083 1286 Romani,
1106 1237 1218 1292 juris
1250 1236 1394 1288 habui,
1426 1237 1468 1278 id
1499 1236 1605 1278 mihi
1636 1245 1696 1287 tu,

267 1293 320 1335 C.
357 1293 520 1345 Verres,
553 1294 745 1349 eripuisti
784 1303 911 1348 atque
940 1294 1179 1346 abstulisti3
1221 1309 1306 1349 quo
1338 1294 1512 1335 nomine
1543 1295 1619 1335 abs
1655 1302 1698 1334 te

266 1352 508 1392 sestertium
527 1351 678 1392 millies
700 1366 754 1392 ex
774 1349 867 1406 lege
890 1360 1050 1406 repeto.
1103 1352 1148 1392 Si
1173 1352 1382 1402 universa,
1401 1361 1449 1392 ut
1469 1351 1577 1402 dixi,
1600 1365 1699 1408 pro-

266 1408 410 1449 vincia
431 1408 546 1463 loqui
569 1418 727 1464 posset,
751 1407 831 1450 hae
854 1423 958 1450 voce
980 1418 1186 1449 uteretur:
1219 1409 1423 1464 quoniam
1447 1409 1488 1450 id
1511 1423 1597 1450 non
1620 1423 1698 1465 po-

268 1473 392 1514 terat,
414 1465 565 1507 harum
595 1480 735 1506 rerum
763 1474 967 1517 actorem,
991 1480 1118 1521 quem
1147 1466 1349 1506 idoneum
1379 1480 1470 1507 esse
1492 1466 1699 1507 arbitrata

201 1531 258 1565 20
270 1532 347 1574 est,
371 1522 463 1578 ipsa
484 1522 657 1579 delegit.
707 1522 758 1564 In
776 1523 1024 1577 hujusmodi
1047 1537 1091 1563 re
1111 1523 1337 1578 quisquam
1360 1531 1449 1564 tam
1472 1522 1698 1579 impudens

269 1580 515 1636 reperietur,
538 1581 612 1636 qui
640 1580 694 1620 ad
723 1580 902 1622 alienam
932 1594 1118 1631 eausam,
1145 1580 1290 1620 invitis
1321 1579 1386 1630 iis,
1413 1594 1595 1635 quorum
1623 1594 1697 1620 ne-

220 1637 438 1695 figotium
459 1646 536 1689 est,
559 1637 760 1679 accedere
782 1646 856 1679 aut
879 1637 1093 1693 adspirare
1118 1637 1297 1679 audeat?
1329 1636 1374 1678 Si
1399 1638 1493 1688 tibi,
1518 1637 1574 1684 Q.
1598 1636 1697 1679 Cae-

266 1693 352 1745 cili,
376 1693 459 1736 hoe
485 1695 618 1735 Siculi
635 1694 852 1745 dicerent3
878 1704 919 1736 te
937 1708 1024 1736 non
1043 1694 1265 1735 novimus:
1293 1695 1506 1736 nescimus
1525 1694 1598 1750 qui
1618 1693 1697 1736 sis:

154 1777 185 1809 p.
203 1769 251 1798 52.
265 1765 501 1806 numquam
523 1761 564 1792 te
580 1761 706 1793 antea
723 1753 929 1794 vidimus:
954 1751 1044 1793 sine
1059 1766 1136 1793 nos
1158 1765 1233 1808 per
1254 1766 1352 1792 eum
1374 1761 1540 1792 nostras
1562 1750 1700 1792 fortu-

223 1821 252 1841 a.
266 1822 340 1850 nas
362 1808 604 1860 defendere,
626 1808 749 1864 cujus
773 1809 876 1850 fides
897 1817 962 1850 est
983 1808 1108 1850 nobis
1124 1809 1323 1864 cognita3
1354 1823 1497 1850 nonne
1519 1808 1561 1850 id
1583 1807 1700 1850 dice-

265 1875 373 1917 rent,
412 1865 527 1922 quod
563 1865 700 1908 cuivis
743 1867 925 1923 probare
965 1865 1198 1907 deberent?
1242 1881 1358 1908 nunc
1396 1865 1479 1908 hoc
1516 1865 1696 1907 dicunt:

265 1933 493 1979 utrumque
515 1938 559 1964 se
577 1937 701 1965 nosse
719 1940 729 1966 :
762 1924 942 1967 alterum
965 1937 1009 1964 se
1030 1937 1186 1979 cupere
1208 1923 1477 1964 defensorem
1498 1937 1589 1964 esse
1609 1922 1699 1964 for-

200 1995 248 2029 21
266 1989 463 2022 tunarum
486 1995 672 2032 suarum,
694 1981 874 2023 alterum
896 1980 1021 2038 plane
1042 1979 1168 2022 nolle.
1210 1981 1299 2022 Cur
1320 1980 1472 2032 nolint,
1495 1979 1697 2022 9etia1nsi

264 2046 421 2089 tacent,
444 2039 546 2079 satis
568 2039 732 2080 dicunt.
766 2053 913 2080 verum
935 2053 1022 2079 non
1045 2046 1203 2079 tacent.
1236 2046 1380 2079 tamen
1401 2037 1468 2078 his
1491 2037 1698 2078 invitissi-

261 2095 344 2136 mis
375 2103 418 2136 te
446 2095 630 2138 offeres?
661 2105 804 2137 tamen
835 2096 879 2137 in
901 2094 1040 2136 aliena
1068 2109 1197 2136 causa
1221 2095 1419 2151 loquere?
1452 2105 1594 2136 tamen
1624 2108 1697 2136 eos

259 2151 476 2204 defendes,
500 2153 573 2208 qui
603 2167 646 2194 se
677 2154 731 2194 ab
761 2153 960 2194 omnibus
991 2153 1182 2194 desertos
1212 2153 1370 2210 potius,
1393 2166 1522 2207 quam
1553 2152 1630 2193 abs
1656 2159 1699 2192 te

258 2208 456 2252 defensos
483 2224 574 2251 esse
597 2210 788 2253 malunt?
821 2220 962 2251 tamen
990 2209 1057 2250 his
1084 2224 1259 2266 operam
1284 2218 1401 2251 tuam
1424 2208 1696 2265 pollicebere,

257 2266 332 2322 qui
354 2275 396 2309 te
430 2272 467 2301 ¹0
480 2281 618 2323 neque
645 2267 752 2310 velle
769 2282 891 2310 suam
911 2281 1100 2319 eausam,
1123 2281 1216 2321 nec,
1241 2267 1275 2309 si
1296 2266 1460 2323 cupias,
1484 2279 1609 2323 posse
1631 2279 1698 2308 ar·

299 2425 317 2454 8
341 2433 450 2454 eorum
486 2425 654 2456 arbitratu
690 2426 760 2464 Iege
795 2425 853 2464 agi
885 2424 951 2464 op.]
997 2427 1139 2454 taceant.

259 2464 348 2503 Lege
361 2471 469 2505 posset
481 2467 651 2497 commode
666 2467 794 2497 abesse:
817 2476 953 2497 cont-ui·-
1043 2469 1079 2496 10
1100 2475 1201 2505 neque
1223 2465 1303 2495 velle
1328 2474 1423 2495 suam
1449 2464 1598 2504 eausam]
1645 2464 1699 2496 Sic

257 2507 363 2546 ritque
379 2507 490 2538 durius
512 2519 588 2540 cuin
610 2510 790 2540 arbitrata.
811 2509 874 2540 Ms.
891 2510 952 2540 Gu.
995 2508 1069 2538 edd.
1085 2513 1165 2538 vett.
1180 2512 1214 2537 et
1229 2517 1290 2537 scr.
1328 2507 1366 2537 In
1379 2516 1445 2546 quo
1460 2507 1485 2537 si
1502 2507 1666 2547 intelligas
1679 2518 1704 2547 e,

255 2548 356 2579 habet
372 2551 475 2587 Iegem
488 2553 557 2588 agi.
996 2550 1254 2590 praecedentibus
1288 2548 1469 2589 dql'endere,
1506 2556 1593 2580 recte
1627 2558 1697 2580 om-

296 2594 317 2624 9
336 2593 465 2622 etiamsi
478 2592 600 2632 tacent]
639 2592 693 2623 Sic
706 2592 805 2623 habet
820 2593 954 2623 Asconi-
997 2593 1052 2623 nia
1077 2602 1110 2622 se
1137 2592 1267 2622 habent.
1309 2591 1454 2621 Fortasse
1477 2591 1607 2622 excidit.
1636 2591 1701 2621 Ms.

255 2642 306 2669 ns,
319 2639 419 2670 recte,
433 2635 605 2672 utjudicat
617 2636 787 2665 Gruterus.
810 2634 892 2665 Edd.
906 2645 953 2674 pr.
998 2635 1125 2673 quidem
1154 2634 1266 2664 Franc.
1293 2633 1384 2663 addit
1408 2633 1505 2664 lueri.
1549 2633 1696 2664 Graevius

255 2675 380 2706 habent
406 2680 562 2713 tacerent,
591 2677 678 2716 quod
712 2677 797 2707 male
834 2678 956 2717 recepit
998 2676 1144 2706 malebat
1165 2677 1249 2707 nolle
1275 2685 1410 2705 causum
1435 2676 1531 2705 tueri.
1576 2675 1699 2714 Vulga-

254 2717 426 2755 (iraeviu53
451 2727 554 2758 neque
572 2720 659 2749 enim
675 2719 754 2748 sinit
774 2718 857 2748 ratio
873 2724 956 2748 teni-
998 2722 1069 2748 tum
1095 2718 1223 2758 quidem
1248 2719 1328 2747 velle
1348 2727 1409 2748 sna
1431 2727 1532 2747 causa
1553 2723 1603 2748 est
1621 2717 1699 2748 alie-

255 2769 383 2799 poruin.
427 2759 521 2799 Sequi
543 2760 674 2791 deberet
691 2762 842 2790 dicerent.
886 2760 957 2791 Nec
1000 2770 1093 2796 num,
1109 2760 1195 2800 quod
1212 2765 1346 2791 tantum
1368 2759 1630 2791 benevolentiam
1651 2759 1701 2789 in-

253 2801 388 2839 vulgata
410 2807 539 2833 lucrant
563 2813 639 2833 vera
659 2810 721 2839 est,
741 2803 801 2832 etsi
826 2802 955 2837 molior,
999 2802 1096 2833 dicat.

253 2853 352 2881 esiam
368 2848 522 2876 lucerent.
546 2845 610 2877 Me.
633 2845 762 2886 quidem
779 2845 841 2874 Gn.
859 2845 955 2875 babet
