1907 3231
596 180 712 218 PRO
743 179 786 217 P.
823 178 1097 220 QUINTIO.-
1509 185 1559 220 21

130 284 301 332 Quintii
331 284 546 327 neminem
577 283 722 336 fuisse,
753 283 826 325 sed
857 283 1094 340 gratiosum
1126 281 1270 326 fuisse.
1332 282 1448 326 Mihi
1487 301 1562 327 au-

130 350 217 383 tem
246 343 298 383 ad
329 342 585 384 vincendum
622 342 723 382 satis
753 349 831 392 est,
863 340 994 381 fuisse
1024 349 1358 405 procuratorem,
1385 342 1559 396 quicum

125 399 311 455 experiri
350 409 510 477 posset.
571 398 722 445 Qualis
753 398 787 439 is
821 373 969 449 'fuerit,
1004 399 1037 438 si
1072 398 1202 439 modo
1234 398 1455 439 absentem
1488 399 1561 440 de-

126 455 367 498 fendebat
355 459 475 513 t‘lper
497 457 586 513 jus,
609 465 652 497 et
682 470 756 511 per
785 455 1098 511 magistratum,
1120 454 1226 495 nihil
1259 455 1312 496 ad
1334 469 1422 496 rem
1448 456 1560 496 arbi-

129 521 218 553 tr01
238 514 464 577 pertinet-e
495 517 534 549 73
549 513 653 555 Erat
674 527 802 564 enim,
825 512 980 567 inquit,
999 512 1165 553 illarum
1188 513 1389 568 partium.
1423 513 1561 560 Quid·
1574 519 1627 565 69

125 569 198 610 ni?
228 571 302 625 qui
324 572 437 627 apud
460 580 502 612 te
523 579 634 612 esset
654 570 880 611 educatus:
912 584 1040 625 quem
1060 579 1106 611 tu
1137 583 1161 610 a
1194 584 1326 625 puero
1350 584 1409 611 510
1441 570 1563 612 insti-

127 625 294 678 tuisses,
315 631 356 662 ¹4
369 638 414 669 ut
444 628 593 680 nobili,
626 641 677 668 ne
707 626 934 683 gladiatori
965 627 1153 683 quidem,
1176 627 1360 668 cederet.
1383 627 1493 668 sicut
1517 637 1564 668 tu

126 697 294 740 semper
328 700 492 726 summe
526 684 790 749 concupisti:
823 684 936 725 idem
965 684 1138 726 volebat
1170 682 1408 748 Alphenus.
1439 699 1489 726 ea
1522 700 1566 727 ie

126 740 207 781 tibi
231 756 329 782 cum
350 757 400 784 eo
424 758 500 799 par
521 741 742 784 contentio
764 749 868 781 erat.
930 740 1070 791 Bruti,
1092 741 1247 795 iuquit,
1270 751 1362 783 erat
1383 740 1566 784 familia-

126 797 198 839 ris.
222 798 365 854 itaque
385 800 419 841 is
442 800 757 842 intercedebat:
791 807 837 838 tu
859 807 1011 839 contra
1032 797 1245 849 Burrieni,
1267 800 1341 854 qui
1364 799 1565 854 injuriam

126 855 407 899 decernebat:
442 858 635 898 omnium
657 856 841 910 denique
871 854 1056 906 illorum,
1078 855 1151 910 qui
1176 865 1266 896 tum
1291 865 1335 897 et
1368 866 1567 912 poterant

127 925 205 967 per
224 913 313 954 vim
331 923 375 955 et
397 915 530 956 scelus
554 914 800 970 plurimum,
818 920 875 963 et,
897 913 1013 968 quod
1038 921 1250 977 poterant,
1270 913 1312 955 id
1336 914 1566 955 audebant.

125 967 197 1010 An
226 985 374 1012 omnes
404 981 450 1012 tu
483 972 587 1013 istos
611 972 780 1012 xincere
803 969 990 1021 volebas,
1012 970 1086 1025 qui
1113 985 1242 1021 nunc,
1267 979 1312 1011 tu
1336 979 1383 1011 ut
1405 972 1566 1023 vincas,

128 1035 351 1092 tantopere
388 1028 611 1070 laborant?
653 1027 760 1069 aude
795 1028 837 1068 id
876 1028 1039 1080 dicere3
1072 1042 1157 1069 non
1197 1027 1353 1084 palam,
1388 1028 1459 1069 sed
1498 1027 1567 1069 his

130 1084 247 1139 ipsis,
270 1100 376 1140 quos
400 1086 635 1128 advocasti.
669 1089 709 1120 15
722 1084 874 1140 lNeque
896 1085 1011 1125 enim
1028 1060 1144 1126 inter
1166 1085 1358 1126 studium
1378 1095 1567 1128 vestrum

125 1141 376 1197 quidquam,
398 1152 447 1184 ut
468 1144 636 1208 opinor,
659 1141 868 1183 interfuit.
911 1141 1109 1197 Ingenio,
1132 1151 1359 1193 vetustate,
1383 1143 1566 1184 artificio

128 1206 174 1239 tu
198 1198 324 1241 facile
349 1201 507 1242 vicisti
530 1210 577 1241 ut
609 1200 691 1241 alia
717 1199 930 1250 omittam,
964 1200 1048 1240 hoc
1079 1200 1180 1240 satis
1205 1210 1283 1241 est.
1343 1199 1566 1256 Alphenus

123 1270 225 1297 cum
247 1256 313 1308 iis,
336 1267 378 1298 et
399 1267 575 1314 propter
595 1272 667 1298 eos
689 1257 831 1313 periit,
850 1271 958 1311 quos
979 1256 1213 1311 diligebat:
1238 1267 1299 1308 tu,
1322 1266 1609 1313 postquam,p.
1627 1272 1677 1302 13.

126 1314 202 1368 qui
233 1314 312 1355 tibi
343 1325 464 1356 erant
492 1315 636 1365 amici,
668 1328 755 1354 non
786 1322 985 1370 poterant
1018 1314 1214 1365 vincere,
1245 1323 1294 1354 ut
1328 1329 1455 1355 amici
1486 1315 1607 1355 tibia·

126 1380 282 1423 essent,
313 1372 386 1427 qui
420 1372 663 1422 vincebant,
694 1370 890 1412 effecisti.
949 1371 990 1405 16
1003 1369 1192 1411 TametS1
1219 1371 1319 1412 nolo
1349 1386 1443 1412 eam
1476 1386 1565 1412 rem
1578 1387 1634 1427 70

125 1430 502 1470 commemorando
525 1443 742 1479 renovare,
765 1428 888 1483 cujus
911 1428 1088 1469 omnino
1111 1429 1170 1469 rei
1201 1429 1451 1469 memoriam
1474 1444 1565 1470 om-

126 1499 225 1526 nem
248 1485 339 1528 tolli
362 1486 555 1528 funditus
585 1502 635 1528 ac
657 1485 785 1527 deleri
815 1486 998 1527 albitrm
1020 1494 1232 1541 oportere.
1293 1485 1439 1527 Unum
1461 1485 1563 1528 illud
1578 1484 1646 1532 29

124 1541 251 1584 dico:
284 1543 318 1584 si
348 1554 524 1601 p1··0pte1
558 1544 753 1608 partium
775 1543 963 1584 studium
998 1553 1151 1599 potens
1188 1552 1279 1583 erat
1315 1542 1564 1599 Alphenus3

129 1601 453 1665 potentissimus
484 1601 690 1644 Naevius:
723 1616 757 1642 51
791 1600 924 1642 fretus
958 1601 1097 1656 gratia
1129 1601 1375 1656 postulabat
1406 1577 1568 1656 aliquid

129 1657 317 1713 iniquius
355 1657 604 1715 Alphenus;
634 1658 771 1699 multo
815 1658 1030 1715 iniquiora
1072 1657 1251 1699 Naevius
1293 1658 1567 1714 impetlabat.

129 1714 298 1762 Quodsi
334 1724 426 1757 tum
460 1731 536 1773 par
564 1716 644 1758 tibi
672 1716 745 1772 jus
776 1730 873 1757 cum
909 1715 1110 1771 Alpheno
1141 1714 1271 1756 fuisse
1306 1730 1392 1756 non
1413 1725 1516 1778 put
1508 1725 1631 1767 is,71

126 1773 230 1828 quia
259 1781 402 1815 tamen
428 1774 613 1830 aliquem
640 1784 792 1815 contra
821 1782 863 1814 te
893 1773 1102 1815 advocare
1128 1781 1318 1829 poterat:
1351 1771 1452 1828 quia
1479 1788 1570 1815 ma-

130 1831 335 1886 gistratus
376 1831 529 1887 aliquis
567 1831 872 1887 reperiebatur,
911 1830 1024 1887 apud
1055 1845 1184 1887 quem
1216 1829 1405 1886 Alpheni
1443 1845 1572 1872 causa

128 1888 409 1941 consisteret3
440 1889 544 1945 quid
585 1889 668 1930 hoc
706 1898 899 1945 tempore
940 1889 1124 1935 Quintio
1162 1887 1436 1929 statuendum
1478 1891 1570 1929 est?

128 1946 200 1988 cui
223 1961 361 2003 neque
381 1947 656 2003 magistratus
678 1946 819 1988 adhuc
850 1961 998 2002 aequus
1022 1946 1220 1987 inventus
1243 1954 1321 1996 est,
1343 1959 1481 2000 neque
1497 1944 1570 2000 ju-

127 2003 294 2045 dicium
324 1981 539 2046 redditum
568 2012 633 2046 est
664 2004 896 2046 usitatum:
925 2019 1013 2045 non
1035 2003 1243 2055 conditio,
1266 2017 1353 2044 non
1381 2002 1570 2059 sponsio,

170 2169 212 2201 72
227 2167 367 2208 persas,
389 2173 422 2200 et
434 2179 497 2209 per
511 2170 618 2211 mag]
644 2169 759 2201 Addidi
779 2168 826 2200 al-

129 2214 240 2240 terum
262 2220 325 2250 per
348 2222 388 2244 ex
411 2212 482 2243 edd.
508 2223 558 2253 p.r
586 2212 674 2252 quod
702 2213 826 2253 primus

129 2252 242 2282 omisit
253 2253 366 2285 Aldus.
381 2254 542 2286 Restituit
553 2256 653 2286 etiam
666 2255 811 2286 Graexius
815 2275 825 2291 ‚

127 2294 185 2334 qui
201 2294 236 2326 in
251 2295 316 2326 Ms.
330 2297 391 2327 Dr.
405 2298 534 2337 reperit.

171 2339 212 2371 73
235 2336 328 2370 Erat
338 2340 437 2376 enim,
452 2340 508 2379 inq
510 2340 533 2381 .]
557 2340 673 2371 Addidi
688 2341 774 2371 enim
788 2349 827 2369 ex

127 2378 201 2411 edd.
225 2379 280 2411 w.
305 2382 346 2413 R
372 2381 429 2412 ΒΓ.
456 2383 514 2413 &c-
542 2383 688 2415 Omisere
712 2382 826 2419 Aldus,

128 2420 304 2454 Manutius
319 2425 377 2455 &c.
400 2425 453 2455 Sic
466 2429 501 2455 et
515 2425 662 2456 Graevius
677 2425 777 2456 dedit.

170 2467 213 2498 74
233 2469 272 2495 ut
303 2467 582 2507 nobiti-cederet]
629 2467 710 2498 Edd.
747 2471 829 2497 vett·

127 2511 308 2545 vereretur,
321 2508 373 2540 vel
387 2510 532 2546 coederet,
547 2510 598 2540 vel
613 2511 758 2540 haereret.
773 2509 829 2539 Vi-

129 2549 253 2580 ctorius
275 2550 357 2582 bene
383 2552 526 2582 correxit
546 2552 682 2589 cederet,
704 2552 789 2583 forte
812 2561 830 2581 e

125 2590 224 2622 ‹Iunt-
255 2602 330 2631 quae
363 2594 409 2624 sic
442 2593 552 2625 habet.
610 2594 736 2625 Firmat
763 2593 827 2624 Ms.

127 2630 244 2665 Franc.
269 2635 324 2675 qui
350 2635 450 2667 habet
475 2637 666 2668 concederet.
710 2637 829 2667 Sensus

127 2679 181 2706 est
194 2676 312 2709 clarus.
365 2678 449 2709 Erat
463 2679 608 2719 partium
623 2678 830 2710 adversarum

130 2717 466 2760 nobilitati.1taque
488 2721 573 2751 nulli
596 2721 697 2752 nobili
717 2730 831 2762 peper-

132 2761 193 2798 cit,
208 2770 249 2792 ne
263 2763 289 2793 si
305 2762 468 2803 gladiator
481 2763 613 2803 quidem
635 2764 702 2804 ipse
723 2767 829 2801 esset;

131 2803 185 2834 cui
203 2805 314 2843 generi
333 2805 473 2836 favebat.
517 2806 694 2844 Sequentia
707 2805 830 2847 pariter

131 2845 198 2876 huc
211 2847 397 2886 pertinent:
422 2856 538 2888 nempe
552 2857 628 2878 eum
643 2848 741 2879 fuisse
757 2847 829 2878 Ma-

133 2888 276 2926 rianum,
302 2893 389 2930 post,
415 2899 491 2920 cum
523 2888 666 2920 Mariani
689 2890 770 2920 victi
781 2899 830 2920 es-

129 2934 218 2968 sent,
230 2940 263 2962 se
276 2932 317 2962 ad
328 2931 480 2962 Sullanos
491 2932 710 2969 transtulisse,
724 2937 763 2962 ut
777 2942 831 2962 eo·

869 2178 942 2199 rum
956 2168 1098 2208 gratiam
1109 2167 1354 2208 adipisceretur.

911 2214 952 2245 75
970 2211 1085 2251 Neque
1097 2211 1281 2250 enim—qui
1295 2208 1477 2244 timebant,
1490 2207 1570 2248 effe-

869 2254 956 2293 cistz']
983 2253 1083 2283 Hun‹
1105 2258 1215 2283 totum
1246 2252 1356 2283 locum
1384 2251 1570 2282 Hotoman-

871 2305 945 2333 nus,
971 2306 1030 2326 sua.
1054 2296 1127 2326 sede
1152 2304 1296 2332 motum,
1322 2300 1398 2325 ante
1426 2293 1570 2324 Tametsi

869 2340 941 2369 nolo
963 2339 1021 2369 &c.
1044 2337 1269 2378 reponendum
1291 2347 1359 2367 esse
1380 2335 1567 2374 iudicabat:

870 2380 957 2420 quod
971 2380 1051 2411 mihi
1065 2381 1268 2411 verissimum
1283 2368 1423 2415 videtur,
1439 2387 1498 2408 nec
1510 2377 1570 2408 du-

870 2423 971 2454 bitavi
985 2433 1024 2453 eo
1042 2422 1115 2452 10οο
1131 2432 1296 2462 reponere.
1340 2421 1429 2451 Nam
1449 2420 1483 2450 in
1499 2430 1570 2450 v-er

870 2464 919 2495 bis
935 2466 1064 2496 tametsi
1078 2470 1127 2495 est
1142 2464 1289 2495 clausula
1309 2463 1374 2493 loci
1393 2463 1433 2493 de
1455 2462 1570 2492 simili·

870 2507 985 2538 tudine
999 2506 1182 2538 studiorum
1197 2507 1285 2537 inter
1298 2505 1450 2536 Naevium
1465 2509 1499 2535 et
1513 2504 1570 2535 Al-

870 2550 1034 2599 phenum:
1072 2549 1112 2580 ad
1137 2559 1233 2589 quem
1260 2553 1374 2579 tamen
1400 2548 1569 2588 pertinent

871 2592 951 2623 ista:
969 2592 1086 2631 Neque
1097 2593 1183 2622 enim
1197 2592 1254 2622 &c.
1268 2590 1418 2621 Vicissim
1433 2598 1571 2629 sequen·

871 2634 937 2665 tia:
963 2634 1088 2675 Quodsi
1110 2638 1182 2664 tum
1202 2634 1258 2664 &e.
1276 2633 1449 2664 manifeste
1463 2631 1570 2663 001181-

874 2681 948 2707 rent
962 2687 1055 2708 cum:
1089 2675 1236 2716 sifi-etus
1244 2677 1361 2715 gratia
1376 2677 1434 2705 &c.

916 2720 957 2753 76
982 2718 1140 2758 Tametsi]
1164 2718 1311 2749 Graevius
1324 2729 1341 2748 e
1354 2717 1434 2748 Mss.
1446 2716 1568 2756 aliquot

875 2761 976 2792 edidit
996 2766 1107 2792 tamen
1123 2761 1195 2798 etsi,
1210 2761 1296 2801 quod
1313 2765 1348 2791 et
1364 2759 1436 2790 aliis
1458 2759 1536 2790 locis
1552 2770 1570 2791 e

872 2804 962 2834 libris
977 2813 1036 2834 scr
1055 2804 1246 2834 restitutum
1259 2808 1309 2833 est
1324 2802 1510 2833 auctoribus
1522 2802 1569 2833 la-

870 2847 961 2876 tinis.
1006 2845 1068 2877 Sed
1094 2845 1202 2886 plures
1227 2845 1311 2876 tales
1337 2844 1514 2875 archaismi
1536 2845 1570 2874 in

872 2888 953 2919 Μ55.
975 2888 1196 2928 reperiuntur,
1217 2888 1272 2926 qui
1294 2897 1362 2918 non
1380 2891 1456 2917 sunt
1476 2885 1571 2916 hodie

874 2930 1056 2962 revocandi.

817 2979 888 3016 03
