1907 3231
504 122 626 166 PRO
652 125 698 165 A.
726 121 1050 166 CLUENTIO.
1425 131 1498 167 541

59 231 252 274 omnium
288 231 572 287 exspectatio,
610 230 812 286 quidnam
853 231 1078 272 sententiae
1109 229 1267 272 ferrent
1303 231 1417 274 leves
1448 248 1498 274 ac

58 290 241 330 numarii
276 289 460 344 judices.
520 287 665 342 Atque
704 288 764 329 illi
797 303 944 330 omnes
983 289 1074 329 sine
1113 287 1198 328 ulla
1225 290 1541 332 dubitationcb·

59 347 364 388 condemnant.
429 344 516 386 Hic
548 353 640 386 tum
671 345 857 401 injectus
887 354 953 387 est
981 344 1230 387 hominibus
1262 340 1561 402 scr·upquS,76

60 414 105 444 et
134 403 331 459 quaedam
359 402 590 453 dubitatio,
612 402 819 457 quidnam
842 412 954 444 esset
984 412 1145 444 actum.
1176 402 1330 444 deinde
1363 406 1502 445 homi-

60 475 136 502 nes
168 460 394 516 sapienteS,
416 474 471 500 ex
502 468 645 500 vetere
676 460 747 501 illa
767 460 997 517 disciplina
1018 459 1301 516 judiciorum,
1324 461 1397 515 qui
1429 475 1504 501 ne·-

60 532 144 573 que
165 517 386 558 absolvere
405 516 624 558 hominem
648 518 1004 559 nocentissimum
1026 525 1214 573 possent,
1230 531 1370 572 neque
1389 532 1504 568 eum,

59 576 113 615 de
133 589 220 628 quo
242 582 353 614 esset
374 583 470 614 orta
492 574 695 629 suspicio,
719 576 902 631 pecunia
923 583 1240 632 oppugnatum,
1262 588 1306 615 re
1337 574 1408 615 illa
1440 575 1504 615 in-

59 631 251 686 cognita,
284 631 422 686 primo
444 631 732 672 condemnare
761 631 944 685 vellent3
977 647 1061 673 non
1094 631 1254 686 liquere
1285 631 1505 673 dixerunt.

61 687 271 729 Nonnulli
302 697 445 728 autem
479 689 857 740 severi'homines,
887 689 970 730 hoc
1002 698 1258 740 statuerunt,
1281 704 1366 744 quo
1389 689 1507 744 quis-

61 760 145 800 que
175 745 320 786 animo
342 745 445 801 quid
477 746 652 797 faceret,
675 747 858 801 spectari
882 758 1105 801 oportere:
1138 755 1195 795 et,
1218 747 1252 786 si
1286 747 1357 787 alii
1378 747 1416 779 67
1432 761 1507 801 pe-

61 803 191 843 cunia
207 813 391 858 accepta
412 817 558 843 verum
583 802 858 858 judicabant,
881 813 1024 843 tamen
1047 802 1183 843 nihilo
1206 805 1347 844 minus
1371 818 1415 844 se
1437 814 1507 844 s'u-

61 860 301 915 perioribus
325 860 410 900 suis
426 859 606 914 judiciis
629 868 824 901 constare
847 860 1059 915 putabant
1081 869 1294 914 oportere.
1354 859 1507 915 Itaque

62 917 335 959 damnarunt.
396 917 601 970 Quinque
632 916 810 957 omnino
840 916 1029 966 fuerunt,
1061 916 1135 971 qui
1164 915 1283 957 illum
1315 927 1507 958 vestrum

63 974 339 1016 innocentem
382 973 676 1028 Oppianicum
719 973 808 1013 sive
858 973 1162 1029 imprudentia,
1206 973 1294 1014 sive
1341 975 1508 1015 miseri-

63 1031 225 1082 cordia,
276 1031 365 1072 sive
415 1030 558 1086 aliqua
605 1030 866 1087 suspicione,
904 1031 994 1072 sive
1035 1030 1274 1072 ambitione
1315 1031 1507 1083 adducti,

63 1089 350 1129 absolverent.

122 1145 424 1186 Condemnato
458 1144 720 1201 Oppianico,
752 1144 898 1185 statim
932 1144 980 1185 L.
1005 1144 1228 1196 Quintius,
1259 1144 1391 1187 homo
1414 1142 1568 1187 maa‘77

63 1202 182 1244 xime
214 1202 446 1259 popularis,
469 1203 543 1257 qui
566 1217 713 1244 omnes
748 1212 1039 1243 rumorumet
1064 1203 1324 1244 concionum
1357 1213 1507 1245 ventos

63 1259 268 1315 colligere
289 1269 551 1310 consuesset,
574 1260 763 1301 oblatam
796 1260 877 1300 sibi
901 1257 1152 1301 facultatem
1176 1261 1360 1316 putavit,
1383 1270 1432 1301 ut
1452 1276 1509 1303 ex

63 1317 228 1358 invidia
258 1318 472 1357 senatoria
502 1327 646 1372 posset
675 1331 880 1368 crescere,
902 1317 1017 1372 quod
1040 1318 1132 1373 ejus
1155 1317 1316 1363 ordinis
1341 1319 1512 1374 judicia

63 1375 205 1415 minus
228 1373 323 1428 jam
346 1375 517 1430 probari
550 1374 712 1430 populo
734 1374 1038 1417 arbitrabatur,
1100 1373 1301 1415 Habetur
1331 1390 1417 1416 una
1445 1385 1512 1416 at-

63 1446 147 1487 que
175 1431 307 1472 altera
329 1432 481 1473 concio
505 1431 733 1472 vehemens
756 1441 800 1472 et
830 1431 1001 1486 gravis:
1033 1432 1250 1487 accepisse
1281 1434 1512 1488 pecuniam

57 1488 245 1543 judiceS,
276 1496 324 1528 ut
356 1488 632 1529 innocentem
658 1502 778 1529 reum
808 1489 1160 1538 condemnarent,
1194 1490 1391 1530 tribunus
1423 1491 1512 1546 ple-

69 1545 131 1586 bis
163 1545 437 1587 clamitabat:
470 1546 542 1602 agi
585 1545 778 1586 fortunas
819 1546 1013 1586 omnium
1046 1546 1240 1588 dicebat:
1273 1547 1388 1588 nulla
1420 1563 1513 1590 esse

58 1602 263 1657 judicias
305 1603 379 1658 qui
422 1602 705 1659 pecuniosum
746 1602 972 1643 inimicum
1013 1603 1207 1654 haberet,
1249 1603 1512 1646 incolumem

64 1673 157 1700 esse
184 1659 401 1701 neminem
432 1675 573 1716 posse.
635 1659 849 1701 Homines
882 1661 1015 1701 totius
1048 1660 1188 1717 ignari
1224 1662 1405 1718 negotii,
1436 1663 1511 1718 qui

67 1716 360 1772 Oppianicum
384 1732 619 1772 numquam
642 1717 863 1769 vidissent,
888 1718 1026 1758 virum
1048 1718 1278 1774 optimum,
1301 1728 1344 1759 et
1370 1719 1512 1761 homi-

63 1789 164 1817 nem
196 1775 570 1830 pudentissimum,
600 1774 785 1832 pecunia
805 1790 1058 1831 oppressum
1089 1776 1414 1828 arbitrarentur,
1444 1778 1511 1818 in-

65 1830 182 1873 censi
206 1832 465 1887 suspicione,
488 1847 577 1874 rem
607 1833 654 1873 in
682 1832 872 1873 medium
899 1847 1052 1875 vocare
1073 1843 1317 1888 coeperunt,
1339 1842 1383 1874 et
1408 1849 1510 1875 cau—

66 1903 156 1929 sam
189 1888 303 1929 illam
338 1899 474 1930 totam
507 1890 753 1945 deposcere.
810 1890 956 1945 Atque
991 1890 1063 1931 illo
1101 1890 1195 1946 ipso
1232 1900 1427 1947 tempore
1463 1892 1570 1933 in78

66 1946 180 1988 aedes
212 1944 263 1986 T.
294 1945 443 1998 Annii,
473 1946 658 1988 hominis
691 1947 996 1998 honestissimi,
1029 1947 1273 1998 necessarii,
1303 1958 1348 1989 et
1380 1949 1509 1991 amici

66 2003 168 2053 mei,
197 2013 328 2044 noctu
362 2004 574 2054 Staienus,
596 2004 823 2046 arcessitus
854 2005 908 2045 ab
932 2005 1195 2061 Oppianico,
1218 2005 1350 2047 venit.
1408 2006 1510 2048 Jam

66 2070 210 2103 cetera
238 2071 343 2103 nota
372 2072 470 2102 sunt
501 2062 725 2104 omnibus:
759 2071 808 2102 ut
838 2077 939 2103 cum
970 2063 1043 2104 illo
1073 2062 1343 2119 Oppianicus
1371 2064 1618 2120 egerite&-

68 2119 121 2160 ‹le
153 2119 361 2174 pecunia:
394 2128 442 2160 ut
477 2118 546 2160 ille
577 2134 620 2160 se
652 2119 919 2161 redditurum
948 2134 1040 2161 esse
1067 2120 1253 2162 dixerit:
1286 2130 1333 2161 ut
1359 2117 1549 2163 eoruma·

67 2189 309 2216 sermonem
347 2190 517 2217 omnem
560 2177 774 2218 audierint
808 2178 887 2218 viri
924 2178 1042 2229 boni,
1079 2178 1153 2233 qui
1185 2187 1277 2218 tum
1309 2178 1508 2220 consulto

67 2232 108 2263 63
123 2244 298 2288 propter
330 2233 371 2273 in
399 2233 571 2275 occulto
603 2235 844 2276 stetissent:
877 2243 925 2275 ut
955 2249 1019 2276 res
1050 2235 1282 2291 patefacta,
1304 2245 1433 2292 atque
1463 2236 1506 2277 in

69 2288 211 2342 ¹forum
245 2290 424 2346 prolata,
457 2302 500 2331 et
534 2292 718 2347 pecunia
745 2293 884 2333 omnis
913 2307 939 2333 a
969 2292 1145 2334 Staleno
1177 2302 1349 2335 extorta
1380 2305 1510 2349 atque

68 2358 218 2403 erepta
238 2348 308 2389 sit.
369 2348 514 2402 Hujus
547 2349 709 2391 Staieni
741 2364 936 2404 persona,
956 2350 1118 2406 populo
1140 2350 1232 2406 jam
1257 2360 1358 2391 nota
1381 2360 1510 2406 atque
1523 2336 1596 2392 29

70 2416 309 2462 perspecta,
339 2407 394 2447 ab
428 2406 544 2447 nulla
573 2407 688 2462 turpi
719 2407 964 2463 suspicione
995 2407 1279 2448 abhorrebat:
1313 2423 1513 2465 suppres-

70 2476 159 2502 sam
182 2476 273 2503 esse
302 2463 357 2504 ab
387 2478 438 2505 eo
462 2464 704 2520 pecuniam,
726 2479 856 2519 quam
889 2479 965 2521 pro
987 2479 1059 2506 reo
1083 2465 1415 2521 pronuntiasset,
1437 2466 1513 2522 qui

70 2528 193 2560 erant
214 2519 256 2561 in
280 2521 505 2572 concione,
527 2536 615 2562 non
646 2521 960 2579 intelligebant.
989 2537 1129 2577 neque
1159 2523 1273 2562 enim
1297 2523 1515 2566 doceban-

71 2583 156 2616 tur.
193 2586 396 2623 versatam
428 2593 519 2619 esse
552 2579 595 2620 in
621 2578 791 2634 judicio
824 2580 1088 2621 mentionem
1124 2580 1320 2635 pecuniae
1356 2582 1514 2622 sentie-

70 2632 203 2676 bant:
253 2634 543 2678 innocentem·
577 2651 699 2677 reum
736 2636 1072 2678 condemnatum
1113 2651 1204 2677 esse
1251 2637 1511 2682 audiebant:

113 2747 149 2780 67
172 2757 241 2787 pec.
258 2757 325 2779 acc.
339 2759 453 2780 verum
466 2748 681 2790 judicabant]
706 2750 768 2780 int.
855 2751 895 2781 68
912 2760 1016 2791 prope
1028 2751 1064 2781 in
1076 2760 1139 2783 occ.
1154 2751 1327 2790 stetissent]
1345 2751 1425 2783 Mss.
1440 2752 1513 2791 qui-

70 2799 282 2829 quamquam.
325 2791 388 2822 Sed
406 2791 606 2832 judicabant
634 2793 690 2823 vix
717 2803 770 2823 ve·
812 2792 888 2824 dam
904 2799 939 2823 et
952 2793 1024 2824 edd.
1039 2803 1088 2833 pr.
1131 2792 1195 2824 Sed
1216 2793 1351 2824 Mediol.
1365 2799 1512 2834 propter,

73 2841 147 2867 rum
175 2837 235 2862 est.
279 2834 349 2865 Ser.
379 2839 458 2876 puto
481 2833 693 2874 judicarent,
719 2834 771 2867 vel
813 2835 899 2874 quod
921 2835 1063 2876 praetuli.
1107 2834 1248 2875 Propee
1262 2837 1455 2877 compendio
1464 2846 1515 2877 pp

60 2872 280 2914 j¹1d5<'⁶‘⁵'⁸e'¹l·
815 2892 932 2922 natum
947 2887 1085 2920 videtur.
1113 2887 1224 2928 Prope
1237 2887 1337 2924 habet
1351 2888 1401 2919 cd.
1422 2879 1517 2919 Μιῖίῖ
