1907 3231
509 112 632 151 ACT.
660 110 711 151 H.
754 111 945 150 LIBER
975 111 1254 153 TERTIUS.
1511 119 1592 157 269

150 213 391 258 addixisset
422 213 562 256 eidem
595 214 655 256 illi
677 220 718 251 73
731 215 934 268 Docimo,
968 217 995 244 ²*
1015 216 1099 258 hoc
1128 226 1207 272 est,
1239 218 1374 259 tritici
1396 219 1594 262 modium

150 272 342 327 quinque
357 271 563 323 millibus,
582 283 625 313 et
643 274 934 315 accessionem
950 273 1247 330 adscripsisset
1268 274 1365 315 H-S
1383 289 1415 316 Μ
1427 290 1472 327 1),
1492 278 1595 319 co'e'-

146 330 215 385 git
237 329 511 385 Segestenses
543 345 568 370 a
600 330 790 372 Docimo
822 331 1033 373 tantidem
1053 335 1093 365 74
1109 332 1281 387 publice
1300 332 1517 388 accipere:
1549 334 1595 376 id

149 387 265 442 quod
287 399 341 426 ex
367 385 690 441 Segestensium
704 388 880 444 publico
905 390 1154 430 testimonio
1177 389 1444 444 cognoscite.
1505 390 1602 431 Re-

148 443 237 484 cita
274 443 572 484 testimonium
611 446 850 501 publicum.
902 460 1263 488 TsssTnioNNJM
1317 460 1592 488 Pussmcum.

148 499 360 551 Audistis,
383 502 534 555 quanti
558 502 760 543 decumas
780 504 1033 559 acceperita
1054 503 1241 545 Docimo
1265 503 1433 554 civitas,
1458 505 1591 545 tritici

146 557 343 598 modium
359 557 550 612 quinque
562 560 766 611 millibus,
786 570 829 602 et
842 562 1146 602 accessionem.
1181 561 1447 617 Cognoscite
1460 576 1590 612 nunc,

144 614 296 669 quanti
319 629 363 654 se
387 617 628 658 vendidisse
659 618 865 659 retulerit.
903 632 997 659 LEX
1034 632 1258 660 DECUMIS
1291 632 1588 659 VENDUNms

150 685 192 713 c.
216 685 379 713 VERRE
406 685 481 713 PR.-
515 674 616 715 Hoc
634 676 810 716 nomine
830 676 983 716 videtis
1015 677 1147 717 tritici
1175 676 1372 717 modium
1401 689 1479 717 cio
1507 689 1586 717 cm

147 742 226 770 clo
251 730 304 771 de
323 734 467 790 capite
489 730 756 784 esse‘demta,
771 747 868 787 quae
891 747 991 773 cum
1005 734 1057 774 de
1077 733 1227 789 populi
1247 733 1434 774 Romani
1453 733 1588 785 victu,

142 786 197 827 de
213 790 493 847 vectigalium
515 790 672 840 nervis,
699 790 752 830 de
783 790 994 845 sanguine
1015 790 1275 831 detraxisset
1307 791 1461 841 aerarii,
1482 790 1587 831 Ter-

143 844 216 886 tiae
240 847 384 889 mimae
404 847 681 890 condonavit.
742 847 900 888 Utrum
921 847 1215 903 impudentius
1247 862 1272 888 a
1294 848 1422 889 sociis
1439 849 1588 889 abstu-

141 898 221 944 lit?
252 917 306 945 an
325 907 494 962 turpius
512 904 725 945 meretrici
746 904 890 946 dedit?
950 919 1003 945 an
1037 905 1276 961 improbius
1309 905 1471 961 populo
1496 905 1586 946 Ro-

141 973 271 1001 mano
302 963 490 1004 ademit?
522 977 576 1003 an
610 961 814 1002 audacius
846 962 1013 1003 tabulas
1046 962 1240 1018 publicas
1272 963 1585 1005 eommutavit?

140 1016 261 1058 75.Ex
285 1019 438 1061 horum
462 1019 688 1060 severitate
711 1028 752 1060 te
783 1019 868 1060 ulla
891 1019 968 1070 vis,
991 1031 1065 1060 aut
1088 1019 1172 1061 ulla
1200 1019 1375 1075 largitio
1404 1020 1584 1076 eripiet?

140 1073 182 1106 76
195 1074 278 1117 Sed
303 1077 336 1117 si
359 1078 588 1133 eripuerit3
620 1091 705 1117 non
729 1077 949 1132 intelligis,
983 1077 1091 1128 haec,
1123 1092 1220 1132 quae
1238 1077 1499 1132 jamdudum
1520 1078 1584 1118 lo-

139 1146 263 1187 quor,
296 1135 349 1176 ad
381 1135 508 1176 aliam
540 1135 826 1190 quaestionem
860 1144 988 1189 atque
1023 1135 1077 1175 ad
1114 1134 1335 1191 peculatus
1363 1135 1581 1190 judicium

139 1190 381 1245 pertinere?
414 1191 568 1248 Itaque
602 1191 686 1232 hoc
717 1191 823 1232 mihi
859 1192 1085 1232 reservabo
1116 1207 1251 1248 genus
1274 1192 1492 1248 integrum
1514 1202 1641 1242 to-g4

139 1256 254 1290 tum:
288 1250 341 1290 ad
361 1249 491 1302 illam,
511 1264 640 1305 quam
664 1249 848 1300 institui,
874 1264 1048 1290 causam
1071 1248 1274 1290 frumenti
1299 1264 1348 1290 ac
1379 1250 1581 1292 decuma-

136 1319 232 1346 rum
254 1316 455 1348 revertar.

194 1365 234 1396 77
247 1364 335 1410 Qui
358 1380 458 1406 cum
488 1378 613 1420 agros
645 1364 862 1404 maximos
884 1378 934 1404 ac
957 1362 1259 1414 feracissimos,
1282 1379 1357 1420 per
1378 1365 1582 1421 seipsum,

136 1418 220 1462 hoc
241 1430 320 1473 est,
343 1436 418 1478 per
440 1421 697 1478 Apronium,
723 1422 899 1462 Verrem
918 1419 1114 1471 alterum,
1134 1421 1494 1477 depopularetur3
1526 1424 1579 1463 ad

134 1478 322 1519 minores
353 1480 551 1521 civitates
584 1478 772 1519 habebat
793 1478 914 1529 alios,
937 1493 1059 1533 quos,
1085 1487 1304 1533 tamquam
1326 1494 1467 1530 canes,
1499 1480 1580 1520 im-

135 1535 342 1588 mitteret,
376 1551 560 1592 nequam
592 1536 788 1577 homines
824 1545 868 1577 et
901 1536 1143 1591 improbos:
1193 1536 1349 1591 quibus
1381 1546 1455 1577 aut
1487 1536 1576 1578 fru-

132 1601 343 1645 mentum,
375 1604 449 1635 aut
481 1594 709 1650 pecuniam
744 1593 916 1650 publice
934 1596 974 1627 78
986 1594 1173 1649 cogebat
1203 1594 1318 1634 dare.
1340 1594 1394 1634 A.
1420 1593 1659 1655 Valen-ssf

133 1649 218 1691 tius
251 1660 315 1692 est
346 1652 389 1692 in
414 1652 575 1703 Sicilia,
609 1652 843 1707 interpres:
883 1666 969 1706 quo
1001 1651 1082 1692 iste
1120 1652 1353 1706 interprete
1390 1666 1477 1693 non
1522 1652 1575 1693 ad

132 1706 325 1764 linguam
350 1710 566 1760 Graecam,
590 1709 660 1750 sed
695 1710 746 1750 ad
770 1709 886 1749 furta
915 1718 959 1749 et
990 1709 1157 1766 flagitia
1180 1710 1242 1749 uti
1263 1709 1442 1750 solebat.
1504 1708 1575 1750 Fit

133 1764 343 1822 interpres
367 1767 461 1817 hic,
477 1767 608 1808 1101110
631 1767 734 1808 levis
757 1775 887 1822 atque
919 1780 1065 1822 egens,
1098 1775 1273 1822 repente
1294 1766 1576 1818 decumanus,

132 1822 239 1864 emit
259 1825 352 1880 agri
373 1828 414 1858 79
430 1824 688 1880 Liparensis,
712 1824 855 1865 miseri
888 1833 1017 1878 atque
1032 1823 1191 1879 jejuni,
1214 1824 1416 1865 decumas
1439 1825 1572 1865 tritici
1588 1839 1616 1869 b.

131 1880 360 1922 medimnis
394 1895 490 1923 loc.
554 1881 807 1938 Liparenses
842 1890 1065 1923 vocantur.
1110 1881 1191 1937 ipsi
1219 1882 1415 1937 accipere
1445 1882 1575 1923 decu-

131 1951 237 1989 mas,
260 1948 304 1979 et
326 1953 550 1980 numerare
574 1939 774 1980 Valentio
797 1950 1014 1997 coguntur
1036 1938 1143 1980 lucri
1168 1938 1268 1980 H-S
1290 1953 1401 1980 xxx
1425 1939 1575 1980 millia.

132 1993 217 2036 Per
243 1995 345 2037 deos
378 1996 665 2039 immortales!
699 2006 843 2037 utrum
879 1997 958 2038 tibi
991 2011 1133 2040 sumes
1165 1997 1218 2038 ad
1253 1996 1577 2040 defensionem?

132 2060 309 2095 tantone
350 2054 529 2095 minoris
568 2063 610 2094 te
650 2054 852 2096 decumas
885 2053 1141 2106 vendidisse,
1176 2063 1225 2096 ut
1266 2055 1319 2095 ad
1358 2054 1579 2098 medimna

170 2224 212 2256 73
234 2221 318 2253 Doc.
333 2224 392 2253 hoc
404 2227 464 2260 est,
480 2222 539 2262 tr.]
564 2222 643 2253 Post
659 2223 716 2253 hoc
731 2226 788 2259 est,
811 2233 830 2253 e

128 2263 291 2296 Lambino
309 2265 427 2296 Tertiae
441 2265 566 2296 addidit
580 2265 746 2304 Graevius3
763 2267 828 2295 sive

127 2317 146 2337 e
159 2308 348 2347 conjectura
361 2306 476 2338 Lamb.
492 2308 559 2338 sive
573 2318 590 2337 e
603 2308 687 2337 libro
700 2307 827 2338 habuit.

127 2349 172 2380 At
188 2350 310 2386 nescio,
324 2360 424 2389 quare
444 2351 506 2381 hoc
529 2350 690 2381 addiderit
705 2349 757 2380 hic
773 2349 827 2380 Ci-

127 2401 215 2429 cer0,
239 2402 315 2422 cum
339 2403 387 2423 res
410 2398 488 2424 ante
503 2394 577 2431 jam
592 2398 676 2423 esset
693 2391 825 2423 tradita.

126 2433 247 2465 Melius
270 2436 327 2465 Ιιοε
349 2440 395 2465 est
417 2435 577 2467 deleatur.
622 2434 686 2465 Sed
708 2435 756 2465 nil
771 2434 826 2466 de-

125 2486 236 2508 cerno.

169 2523 210 2554 74
218 2519 350 2560 publice
363 2519 522 2561 accipere]
538 2530 567 2550 v.
584 2519 676 2551 Clav.

169 2564 209 2595 75
232 2563 291 2593 Ex
302 2563 418 2594 horum
431 2562 616 2602 severitate]
635 2562 738 2592 Deest
752 2561 823 2591 vin·

124 2602 251 2647 culum,
264 2615 328 2644 quo
344 2605 413 2635 haec
426 2616 502 2636 cum
517 2604 825 2646 superioribusjun-

126 2651 258 2686 gantur.
281 2657 311 2679 v.
332 2658 360 2678 e.
378 2647 427 2678 Et
438 2658 490 2679 ex.
505 2649 535 2678 h.
560 2652 619 2679 aut
634 2647 693 2679 Ea·
708 2649 826 2677 horum

124 2698 213 2726 ergo.
500 2714 503 2717 Δ

169 2732 209 2763 76
226 2730 261 2762 S.
276 2732 304 2762 si
318 2733 490 2772 eripuerit]
517 2733 569 2763 Sic
585 2737 672 2763 recte
688 2731 759 2762 edd.
775 2741 824 2772 pr.

124 2772 211 2812 quod
225 2779 258 2804 et
273 2774 421 2804 Graevius
435 2782 566 2806 secutus
582 2780 649 2812 est·,
673 2784 739 2805 11011
764 2775 827 2803 eri-

118 2816 236 2857 pueris
259 2816 396 2854 Nannii,
420 2818 509 2856 quod
530 2818 692 2848 Gruterus
714 2817 826 2848 edidit.

122 2857 174 2889 Ab
188 2858 303 2891 iisdem
317 2860 382 2890 Izaec
396 2865 473 2891 ante
489 2869 570 2900 quor,
589 2864 688 2890 recte.

915 2224 954 2257 77
971 2222 1042 2264 Qui
1057 2222 1146 2263 cum]
1173 2221 1271 2254 Nihil
1291 2221 1390 2254 habet
1411 2232 1475 2262 quo
1492 2223 1572 2253 refe-

873 2269 978 2302 ratur,
993 2267 1056 2305 quz'.
1073 2266 1216 2296 arbitror
1237 2275 1306 2296 esse
1320 2265 1507 2296 delendum.
1523 2272 1573 2296 est

871 2307 960 2338 enim
976 2308 1111 2338 initium
1127 2309 1202 2338 novi
1215 2309 1341 2349 eapitis.

911 2353 928 2384 7
933 2351 951 2380 8
963 2351 1096 2388 cogebat
1109 2350 1201 2390 dari]
1220 2350 1288 2380 Cur
1299 2350 1375 2380 dari
1386 2350 1402 2380 .?
1425 2349 1572 2389 cogebat

869 2392 1019 2423 civitates
1035 2403 1082 2423 sc.
1104 2393 1200 2432 quid?
1226 2393 1317 2423 dare.
1361 2393 1413 2423 Sic
1428 2392 1573 2422 scriben-

868 2433 960 2472 dum,
984 2441 1022 2465 ut
1045 2435 1136 2472 alibi,
1164 2446 1193 2466 v.
1209 2446 1238 2466 c.
1254 2446 1281 2466 c.
1305 2438 1357 2470 39.
1381 2441 1463 2466 extr.
1491 2435 1573 2472 dare

869 2478 971 2507 coacti
985 2483 1074 2508 sunt.

909 2522 950 2553 79
975 2520 1091 2559 Lipar.
1108 2521 1219 2550 miseri
1241 2529 1274 2550 a.
1290 2518 1420 2560 jejuni]
1445 2517 1571 2550 Fallere
1626 2537 1629 2539 >

868 2561 1060 2592 ciceronem
1076 2562 1189 2599 videri,
1214 2563 1262 2593 ait
1284 2561 1466 2593 Dor-villius
1489 2560 1570 2592 ltin.

869 2604 932 2633 Sic.
948 2615 978 2644 p.
999 2608 1046 2639 19.
1057 2614 1134 2635 nam
1143 2615 1211 2635 esse
1226 2605 1260 2635 in
1275 2604 1334 2635 illa
1346 2604 1455 2635 insula
1470 2603 1570 2634 valles

867 2646 1013 2685 fertile53
1048 2647 1144 2686 idque
1163 2652 1196 2677 et
1220 2647 1404 2677 Diodorum
1420 2646 1483 2676 Sic.
1501 2650 1569 2677 tra·

868 2689 959 2720 dere:
995 2688 1051 2720 sed
1078 2699 1170 2730 posse
1204 2690 1366 2720 rationein
1403 2694 1569 2720 mutatam

870 2740 937 2761 esse
954 2737 1028 2772 post
1045 2731 1212 2763 Ciceronis
1234 2737 1397 2772 tempora.
1441 2731 1486 2762 At
1502 2732 1568 2761 sint

870 2773 997 2813 aliquot
1016 2773 1130 2811 valleS,
1151 2780 1261 2805 cetera
1283 2780 1317 2804 ct
1340 2774 1496 2814 pleraque
1519 2780 1569 2803 ta-

870 2826 946 2847 men
962 2822 1040 2847 sunt
1055 2825 1181 2854 saxosa,
1198 2823 1235 2847 ut
1252 2825 1300 2847 res
1309 2817 1424 2857 jejuna
1437 2816 1493 2845 sit.
1521 2823 1523 2825 ’
