1907 3231
634 94 754 133 PRO
772 94 825 133 «A.
837 91 1107 135 soAEcJNA.
1522 95 1617 136 478.-

150 209 311 259 potest,
333 199 608 257 quiromnino
633 201 752 248 ineo
772 199 887 251 loco,
903 198 1022 240 :unde
1049 211 1096 239 se
1123 195 1459 252 dejectum-esse
1477 198 1606 250 dicit,

148 258 520 316 numquanifuit?
553 258 724 305 Quodsi
745 257 917 308 fuisset,
932 265 980 298 et
1000 270 1064 299 ex·
1074 270 1130 297 eo
1151 254 1265 305 loco,
1285 265 1406 297 metu
1429 271 1603 313 permOa

153 327 245 370 tus,¹
277 316 475 373 fugisset,
513 331 614 358 cum
644 327 834 358 armatos
867 315 1068 359 ,vidisset-2
1109 313 1332 354 diceresne
1364 328 1457 354 esse
1487 314 1608 370 deje-

154 378 311 424 ctum—B.
333 374 518 431 Opinor.
577 373 648 416 An
677 374 836 430 tu,›qui
866 383 956 415 tam
987 371 1221 429 diligenter
1253 379 1306 412 et·
1331 379 1421 412 tam
1452 370 1609 413 callide

153 430 296 482 verbis
329 433 660 483 controversias,
680 447 770 473 non
803 432 1026 488 aequitate,
1048 429 1288 486 dijudicas:
1321 437 1365 470 et
1389 429 1492 485 jura
1518 444 1610 471 non

153 491 346 540 utilitate
371 491 610 544 communi,
641 491 715 532 sed
750 491 906 532 litteris
927 488 1167 545 exprimis:
1201 486 1420 544 poterisne
1442 486 1611 539 dicere,

153 549 374 605 dejectum
405 563 499 590 esse
531 563 645 600 eum,
668 548 742 604 qui
773 558 915 590 tactus
947 561 1035 591 non
1062 546 1173 588 erit?
1205 545 1355 592 Quid?
1385 545 1613 587 detrusum

154 607 295 656 dices?
327 621 431 652 nam,
460 622 511 654 eo
533 607 664 649 verbo
692 616 820 649 antea
849 615 1057 663 praetores
1089 605 1134 648 in
1167 603 1252 646 hoc
1281 603 1516 645 interdicto
1546 603 1612 644 uti

155 664 368 713 solebant.
431 665 670 713 Quidais?
701 674 909 722 potestne
933 663 1106 705 detrudi
1139 663 1386 719 quisquam,
1414 661 1489 718 qui
1520 675 1611 702 non

154 723 414 781 attingitur?
444 738 610 775 nonne,
625 723 659 764 si
685 724 865 765 verbum
895 722 1015 777 sequi
1046 721 1262 771 volumus,
1283 719 1374 761 hoe
1393 718 1656 776 intelligat-b.

153 796 251 824 mus
269 796 444 824 necesse
462 791 540 834 est,
557 780 864 830 eumdetrudi,
876 780 949 821 cui
969 793 1124 822 manus
1140 778 1406 820 afferantur?
1435 791 1617 819 necesse

154 848 236 893 est,
256 839 449 896 inquam,
471 841 504 882 si
530 840 583 882 ad
601 840 797 884 >verbum
814 852 907 880 rem
937 836 1138 880 volumus
1166 836 1398 892 attingere,
1421 835 1615 877 mnemi-

155 913 256 949 nem
278 907 396 940 statu
417 896 749 952 detrusum,.qui
770 910 860 941 non
888 894 1092 937 adhibita
1113 893 1170 946 vi,
1192 908 1324 936 manu
1345 893 1548 935 demotus
1568 902 1615 935 et

157 966 496 1013 actusipraeceps
526 955 812 1011 intelligatur.
874 952 1086 1009 DeJectus
1115 966 1219 994 vero
1248 951 1323 1008 qui
1357 961 1502 1008 potest
1522 959 1679 993 esse50

110 1042 114 1043 ν
157 1015 404 1071 quisquam,
436 1014 517 1060 nisi
554 1014 603 1054 in
636 1012 888 1057 inferiorem
922 1012 1068 1056 locum
1102 1011 1156 1052 de
1188 1010 1616 1070 superioremotps?

157 1082 304 1130 potest
337 1071 502 1129 pulsu-s,
541 1070 734 1129 fugatus,
768 1070 936 1126 ejectus
977 1070 1190 1126 denique:
1220 1069 1327 1110 illud
1361 1068 1618 1113 rei-ovnullo

157 1131 290 1179 inodo
312 1139 472 1187 potest,
494 1130 804 1186 dejectusesse
832 1129 1080 1185 quisq-uam,
1101 1142 1191 1169 non
1223 1127 1355 1171 modo
1378 1127 1452 1182 qui
1475 1133 1619 1168 tactus

158 1204 246 1240 non
271 1189 342 1241 sit,
366 1188 439 1230 sed
470 1203 524 1230 ne
552 1203 681 1245 aequo
709 1187 887 1244 quidem
918 1186 1127 1244 etplano
1156 1185 1270 1228 loco.
1333 1184 1452 1232 Quid
1483 1187 1620 1241 ergo?

158 1246 245 1289 hoc
283 1246 566 1296 interdictum
598 1255 802 1303 putamus
840 1259 991 1287 eorum
1026 1259 1125 1289 esse⁴
1147 1259 1278 1285 causa
1306 1243 1619 1300 compositum,

158 1306 234 1361 qui
253 1321 296 1347 se
314 1305 613 1362 praecipitatos
634 1319 687 1346 ex
707 1304 816 1346 locis
838 1303 1134 1360 superioribus
1153 1303 1375 1344 dicerent?
1406 1316 1479 1344 eos
1500 1301 1619 1343 enim
1679 1344 1684 1349 ,

161 1377 261 1410 vere
283 1378 513 1421 possumus
535 1363 679 1405 dicere
698 1377 791 1404 esse
809 1361 1020 1418 dejectos·
1618 1393 1622 1399 .

166 1467 169 1470 ,
216 1421 288 1464 An
322 1437 425 1473 non,
446 1436 547 1463 cuin
582 1420 798 1472 voluntas,
819 1431 864 1462 et
895 1418 1142 1470 consilium,
1163 1428 1209 1460 et
1240 1417 1457 1460 sententia
1484 1417 1702 1471 inter-18

160 1479 267 1522 dicti
287 1479 571 1536 intelligatur,
593 1479 911 1535 impudentiam
929 1492 1160 1528 summani,
1179 1486 1255 1518 aut
1276 1476 1508 1518 stultitiam
1531 1476 1620 1517 sin-

160 1538 356 1594 gularem
388 1538 657 1594 putabimus,
690 1537 735 1578 in
768 1537 1000 1578 verborum
1034 1549 1178 1577 errore
1216 1535 1400 1576 versari:
1433 1548 1540 1586 rem,
1573 1543 1620 1575 et

159 1610 353 1648 eausam,
375 1607 419 1637 et
440 1595 675 1637 utilitatem
698 1609 977 1638 communem
999 1609 1088 1636 non
1112 1593 1354 1648 relinquere
1373 1591 1528 1643 solum,
1548 1592 1622 1634 sed

160 1654 295 1697 etiam
318 1654 528 1711 prodere?
560 1653 632 1695 An
665 1654 750 1696 hoc
779 1653 962 1696 dubium
995 1663 1077 1704 est,
1099 1652 1206 1708 quin
1227 1665 1369 1706 neque
1391 1651 1623 1692 verborum
1636 1660 1683 1695 51
1718 1690 1722 1694 .

159 1720 284 1755 tanta
300 1713 430 1771 copia
451 1713 522 1764 sit,
542 1727 629 1755 non
652 1712 784 1754 modo
808 1712 852 1753 in
874 1720 1024 1752 nostra
1043 1710 1207 1767 lingua,
1225 1724 1324 1765 quae
1347 1708 1509 1751 dicitur
1531 1723 1625 1750 esse

162 1771 314 1829 inops:
348 1771 421 1817 sed
445 1785 500 1813 ne
520 1771 563 1812 in
586 1771 671 1812 alia
696 1770 873 1827 quidem
896 1769 996 1821 ulla,
1018 1783 1085 1810 res
1118 1779 1168 1810 ut
1200 1782 1351 1809 omnes
1385 1768 1472 1809 suis
1494 1768 1627 1810 certis

162 1845 213 1871 ac
250 1829 437 1886 propriis
471 1828 696 1871 vocabulis
734 1829 1037 1870 nominentur?
1069 1841 1210 1882 neque
1250 1840 1351 1868 vero
1385 1825 1627 1882 quidquam

163 1890 199 1920 51
219 1902 329 1945 opus
361 1887 418 1929 sit
449 1888 608 1940 verbis,
633 1902 734 1929 cum
765 1901 816 1928 ea
848 1901 930 1938 reS,
953 1885 1078 1942 cujus
1113 1899 1245 1926 causa
1274 1884 1408 1926 verba
1439 1884 1627 1940 quaesita

164 1945 266 1998 sint,
296 1945 590 2002 intelligatur?
623 1946 736 1993 Quae
770 1945 856 1996 lex,
886 1945 1005 2001 quod
1037 1941 1477 1993 senatusconsultum,
1507 1942 1627 1998 quod

164 2004 447 2062 magistratus
478 2004 687 2056 edictum,
709 2003 827 2061 quod
850 2002 1012 2054 foedus,
1035 2010 1111 2043 aut
1137 2001 1301 2058 pacti0‚
1323 2000 1440 2056 quod
1474 2003 1544 2053 (ut
1572 1999 1627 2043 ad

165 2063 358 2119 privatas
383 2077 448 2103 res
470 2062 663 2114 redeam)
688 2071 1023 2104 testamentum:
1055 2075 1155 2116 quae
1179 2058 1366 2115 judicia,
1387 2068 1462 2099 aut
1488 2058 1627 2115 stipu-

164 2120 365 2173 lationes,
403 2130 479 2162 aut
505 2121 624 2177 pacti
656 2130 702 2162 et
734 2120 939 2162 conventi
968 2118 1157 2160 formula
1188 2132 1277 2159 non
1308 2116 1518 2158 infirmari
1551 2125 1628 2158 aut

165 2179 352 2221 convelli
376 2188 536 2236 potest,
559 2179 594 2220 si
625 2179 680 2221 ad
703 2179 836 2220 verba
864 2192 955 2220 rem
986 2177 1219 2219 deflectere
1243 2174 1449 2217 velimus:
1481 2175 1626 2216 consi-

164 2237 271 2279 lium
294 2246 441 2279 autem
459 2252 626 2288 eorum,
649 2236 722 2294 qui
744 2237 1024 2293 scripserunt,
1047 2244 1091 2276 et
1112 2235 1342 2285 rationem,
1374 2242 1418 2274 et
1436 2234 1628 2275 auctori-

166 2303 303 2338 tatem
331 2296 654 2353 relinquamus?
686 2295 838 2337 Sermo
868 2293 1117 2336 mehercule
1138 2301 1182 2334 et
1203 2291 1429 2334 familiaris
1451 2301 1496 2333 et
1516 2299 1688 2348 quo-¹52

208 2416 249 2446 50
271 2414 436 2444 neminem
463 2416 556 2443 statu
583 2411 770 2451 detrusum]
804 2409 874 2442 Viri
918 2420 980 2450 que
995 2407 1108 2440 durius
1123 2414 1186 2440 est.
1230 2408 1349 2446 Itaque
1360 2410 1395 2437 et
1409 2406 1475 2437 hoe
1489 2406 1628 2438 verbum

165 2457 254 2488 docti
279 2458 449 2488 haeserunt
472 2459 508 2486 in
523 2455 623 2485 verbo
641 2459 751 2485 statu.-
775 2453 875 2485 Lain-
919 2452 1115 2483 mendosum
1129 2456 1252 2492 putant
1267 2450 1329 2480 viri
1341 2449 1445 2486 docti,
1457 2453 1558 2489 atque
1572 2460 1628 2487 vae

164 2501 274 2538 binus,
284 2500 400 2537 Faber,
411 2499 614 2529 Passeratius
624 2498 797 2537 corrigunt
807 2502 875 2529 sta·
919 2497 965 2530 rie
980 2501 1131 2533 tentant,
1147 2504 1217 2525 non
1234 2493 1389 2530 feliciter,
1404 2498 1445 2523 ut
1466 2493 1625 2524 arbitror:

167 2545 231 2582 tui,
247 2544 402 2575 Muretus
415 2547 573 2573 statuere.
610 2542 725 2571 Potest
741 2540 875 2580 quidem
919 2548 980 2570 nec
996 2539 1079 2570 bene
1094 2549 1112 2568 e
1134 2537 1251 2568 Graeeo
1275 2534 1382 2567 διώκειν
1395 2535 1544 2567 defendit
1567 2535 1629 2567 Fa-

166 2597 206 2617 ex
218 2587 431 2626 intelligatur
441 2585 502 2616 13th
513 2585 590 2615 κοινὲ
601 2584 704 2624 repeti
719 2584 876 2622 intelllgi,
920 2581 994 2612 her:
1020 2581 1052 2612 id
1066 2589 1117 2618 est
1139 2592 1168 2612 c.
1189 2584 1236 2616 19.
1252 2579 1443 2610 consectari.
1461 2598 1463 2600 -
1479 2578 1544 2609 Sed
1554 2589 1628 2610 om-

166 2634 203 2661 et
224 2639 325 2670 supra
347 2640 375 2660 c.
396 2632 443 2660 15.
460 2628 534 2659 init.
557 2629 592 2658 in
615 2626 731 2657 eadem
754 2636 788 2657 re
813 2632 876 2663 est,
921 2624 1002 2655 nino
1017 2625 1134 2655 Cicero
1156 2622 1323 2655 variandae
1345 2621 1506 2652 orationis
1529 2631 1629 2654 causa

169 2674 236 2704 loco
250 2677 282 2703 et
292 2675 380 2703 certo
392 2672 432 2703 (Ie
445 2676 535 2702 statu
549 2672 733 2702 demovere.-
755 2669 812 2699 sed
827 2675 878 2700 est
921 2668 1015 2698 novis
1030 2667 1146 2698 formis
1164 2667 1200 2698 in
1222 2666 1286 2697 bac
1309 2675 1344 2696 re
1364 2674 1445 2695 usus
1459 2670 1522 2702 est,
1537 2669 1577 2696 ut
1597 2676 1627 2696 c.

167 2719 284 2747 tamen
296 2714 427 2746 durius:
451 2719 486 2745 et
501 2724 631 2755 semper
645 2712 680 2743 in
696 2712 759 2743 hac
772 2712 879 2743 formo.
921 2719 969 2750 sq.
994 2720 1066 2741 rem
1093 2710 1141 2741 ad
1163 2710 1264 2740 verba
1289 2707 1473 2749 deflectere,
1496 2718 1514 2739 e
1539 2707 1630 2740 verbi

168 2758 303 2790 additur
316 2757 507 2799 praepositio
521 2758 570 2789 de.
584 2768 612 2787 v.
628 2755 720 2787 clav.
731 2755 875 2786 Lenissi-
920 2754 1125 2795 proprietate
1142 2753 1325 2784 estimare..

169 2812 262 2834 mum
275 2805 326 2832 est
336 2800 570 2841 legerestatui.
596 2798 696 2841 Quod
707 2797 877 2840 praecedit,
965 2799 1003 2828 51
1028 2807 1108 2837 opus
1129 2797 1172 2828 sit
1196 2793 1316 2836 verbis]
1343 2792 1406 2825 int.
1430 2793 1572 2836 propriis
1595 2796 1631 2826 et

166 2846 196 2875 si
219 2845 266 2875 ad
279 2845 416 2875 verbum
438 2853 510 2873 rem
528 2844 680 2874 vol-umus
698 2843 878 2881 attingere,
922 2841 1032 2873 certis.

169 2888 191 2919 i.
215 2898 243 2918 e.
268 2886 648 2928 intelligere,IJudicare,
667 2886 775 2927 ipsum
799 2894 879 2925 quo—
