1907 3231
278 110 348 144 109Ι
733 106 800 144 IN
838 105 885 145 Q.
922 103 1271 144 CAECILIUM

273 223 389 250 mam
428 208 629 264 injuriam
663 211 809 251 abillo
844 209 1062 266 accepisti,
1097 218 1254 258 tamen,
1287 207 1490 263 quoniam
1524 215 1711 262 quaestor

274 266 371 319 ejus
395 264 529 318 fuisti,
551 282 637 308 non
662 277 781 323 potes
804 282 901 308 eum
924 268 1014 306 sine
1045 265 1130 306 ulla
1150 265 1464 321 vituperatione
1486 278 1709 305 accusare:

277 323 311 362 si
336 337 434 363 vero
457 324 572 365 nulla
594 325 672 366 tibi
697 324 811 365 facta
831 334 895 364 est
918 322 1087 377 injuria,
1110 323 1200 363 sine
1222 321 1376 363 scelere
1396 335 1493 362 eum
1515 335 1714 362 accusare

277 394 365 421 non
391 390 526 436 potes.
587 382 731 427 Quare
753 395 850 422 cum
874 381 1084 420 incertum
1107 380 1161 420 sit
1191 379 1243 420 de
1266 378 1435 434 injuria,
1457 392 1715 433 quemquam

280 451 371 477 esse
413 437 564 478 borum
607 448 744 494 putas,
789 437 859 492 qui
898 452 984 477 non
1019 436 1154 487 malit,
1192 446 1233 476 te
1263 436 1352 476 sine
1384 436 1715 491 vituperatione,

281 508 409 548 quam
431 509 528 535 cum
552 495 720 545 scelere,
743 494 986 534 discedere?

204 541 271 595 19
340 549 452 592 2⁷9At
475 551 585 602 vide,
607 552 708 606 quid
731 550 901 592 differat
934 551 1043 591 inter
1077 565 1215 591 meam
1237 550 1484 605 opinionem
1506 563 1557 590 ac
1583 557 1717 589 tuam.

221 611 270 645 61
285 606 366 657 Tu,
389 623 485 649 cum
510 609 709 649 omnibus
732 609 856 648 rebus
875 607 1050 648 inferior
1067 607 1138 657 sis,
1159 607 1288 647 3⁰liac
1311 622 1395 647 una
1415 607 1459 647 in
1481 620 1525 646 re
1547 615 1589 646 te
1609 605 1715 646 mihi

240 676 273 707 b.
287 665 486 706 autcscrri
508 674 631 721 putas
664 675 876 722 oportere,
899 664 1014 720 quod
1037 674 1224 718 quaestor
1252 663 1362 704 illius
1384 663 1528 705 fueris.
1562 677 1659 719 ego,
1682 661 1717 703 si

282 722 476 778 superior
496 723 647 763 ceteris
664 723 789 763 rebus
805 736 930 772 esses,
952 722 1060 762 lianc
1079 735 1205 761 unam
1223 722 1279 762 ob
1292 735 1462 762 causam
1486 729 1527 760 te
1547 734 1720 761 accusa-

281 789 420 819 torem
452 779 663 835 repudiari
695 790 890 836 putarem
911 790 1124 835 oportere.
1184 778 1255 819 Sic
1285 777 1399 818 enim
1430 793 1456 818 a
1482 776 1720 833 majoribus

282 835 440 877 nostris
462 837 720 892 accepimus,
735 847 962 893 praetorem
981 835 1185 891 quaestori
1209 850 1284 876 suo
1307 834 1493 890 parentis
1514 833 1609 876 loco
1631 847 1723 875 esse

284 903 484 949 oportere
500 911 509 935 :
543 893 702 935 nullam
722 908 860 948 neque
875 893 1120 948 justiorem,
1136 907 1273 948 neque
1289 892 1529 948 graviorem
1549 905 1723 933 causam

285 951 612 991 necessitudinis
649 966 773 1007 posse
815 950 1002 1006 reperiri,
1031 965 1159 1004 quam
1201 949 1554 1005 conjunctionem
1582 948 1723 999 sortis,

287 1022 417 1062 quam
438 1008 689 1064 provinciae,
711 1022 840 1063 quam
871 1007 1019 1056 officii,
1042 1022 1170 1062 quam
1199 1006 1417 1064 publicam
1447 1005 1636 1047 muneris
1657 1019 1725 1046 so·

225 1073 275 1107 6⁴2
289 1064 503 1105 cictatem.
566 1065 861 1111 Quamobrem
883 1065 917 1104 si
933 1064 1032 1119 jure
1045 1078 1142 1104 eum
1164 1079 1308 1119 posses
1329 1078 1544 1115 accusare,
1564 1071 1724 1114 tamen,

287 1136 387 1163 cum
410 1121 444 1161 is
467 1122 545 1162 tibi
571 1122 760 1177 parentis
776 1135 954 1162 numero
971 1120 1136 1172 fuisset,
1153 1121 1195 1161 id
1217 1122 1286 1178 pie
1302 1120 1441 1161 facere
1457 1135 1544 1161 non
1564 1134 1725 1177 posses.

287 1193 388 1219 cum
410 1193 510 1219 vero
533 1193 671 1234 neque
693 1179 895 1235 injuriam
918 1179 1148 1234 acceperis,
1171 1188 1214 1219 et
1246 1177 1420 1234 praetori
1450 1187 1525 1219 tuo
1557 1177 1726 1234 pericu-

285 1235 376 1276 lum
399 1250 515 1280 crees
531 1245 546 1286 3'
573 1235 745 1278 fatearis
766 1250 939 1277 necesse
961 1245 1040 1286 est,
1063 1245 1105 1276 te
1126 1235 1185 1276 illi
1218 1235 1428 1290 injustum
1457 1235 1726 1291 impiumque

287 1292 448 1333 bellum
470 1292 626 1334 inferre
647 1294 809 1334 conari.
834 1292 1006 1334 Etenim
1025 1293 1107 1333 ista
1128 1302 1344 1348 quaestura
1363 1292 1416 1333 ad
1437 1307 1531 1334 eam
1544 1306 1633 1333 rem
1654 1306 1729 1348 va-

287 1349 362 1400 let,
385 1359 433 1390 ut
450 1349 755 1392 elaborandum
780 1351 858 1391 tibi
877 1350 919 1391 in
941 1351 1106 1391 ratione
1120 1350 1333 1391 reddenda
1352 1349 1420 1400 sit,
1433 1350 1727 1406 quamobrem,

291 1406 366 1461 qui
404 1416 594 1461 quaestor
627 1408 720 1463 ejus
754 1407 900 1460 fueris,
934 1421 1131 1449 accuses:
1164 1422 1265 1458 non,
1302 1415 1348 1447 ut
1376 1408 1433 1448 ob
1466 1421 1559 1448 eam
1590 1407 1729 1463 ipsam

292 1478 466 1505 causam
488 1465 793 1520 postulandum
825 1465 895 1516 sit,
917 1474 965 1505 ut
996 1465 1076 1505 tibi
1109 1464 1381 1521 potissimum
1411 1463 1628 1505 accusatio
1656 1464 1730 1505 de-

294 1530 378 1562 tur.
440 1521 592 1576 Neque
617 1522 704 1563 fere
726 1537 930 1577 umquam
962 1522 1080 1563 venit
1110 1523 1153 1562 in
1188 1522 1510 1563 contentionem
1531 1522 1584 1562 de
1604 1535 1731 1565 accu-

234 1583 283 1619 63
298 1578 445 1629 sando,
468 1579 540 1633 qui
571 1591 760 1634 quaestor
789 1579 953 1629 fuisset,
975 1579 1078 1634 quin
1107 1579 1413 1635 repudiaretur.
1474 1578 1626 1634 Itaque
1656 1592 1732 1620 ne-

296 1649 379 1690 que
404 1635 452 1677 L.
478 1635 650 1677 Philoni
683 1638 725 1678 in
759 1636 810 1678 C.
835 1636 1061 1678 Servilium
1089 1636 1276 1678 nominis
1298 1635 1514 1678 deferendi
1542 1644 1733 1692 potestas

296 1702 362 1732 est
392 1692 505 1743 data,
538 1707 676 1748 neque
706 1693 774 1735 M.
797 1693 972 1734 Aurelio
1003 1694 1164 1735 Scauro
1197 1693 1241 1734 in
1279 1694 1327 1735 L.
1358 1693 1574 1744 Flaccum,
1595 1706 1734 1748 neque

298 1748 382 1790 Cn.
408 1749 618 1806 Pompeio
652 1751 695 1791 in
728 1750 779 1791 T.
801 1749 1055 1792 Albucium:
1088 1766 1271 1807 quorum
1302 1765 1428 1792 nemo
1462 1759 1636 1807 propter
1668 1751 1734 1791 in-

297 1806 557 1862 dignitatem
591 1808 838 1863 repudiatus
868 1817 958 1860 est3
1002 1808 1073 1850 sed
1098 1823 1152 1850 ne
1182 1808 1316 1849 libido
1349 1807 1558 1850 violandae
1590 1822 1735 1849 neees-

298 1863 497 1904 situdinis
531 1865 789 1906 auctoritate
811 1865 1011 1920 judicum
1053 1867 1420 1922 comprobaretur.
1480 1864 1624 1922 Atque
1664 1864 1735 1907 ille

300 1919 382 1960 Cn.
408 1920 640 1977 Pompeius
674 1922 735 1962 ita
762 1937 861 1963 cum
900 1922 951 1964 C.
973 1921 1092 1964 Julio
1125 1923 1363 1975 contendit,
1395 1931 1444 1963 ut
1472 1933 1518 1964 tu
1550 1937 1736 1964 mecum.

299 1977 504 2023 Quaestor
525 1979 639 2019 enim
662 1978 836 2020 Albucii
861 1979 1014 2030 fuerat,
1046 1989 1094 2020 ut
1116 1989 1161 2020 tu
1185 1981 1344 2021 Verris.
1401 1980 1542 2022 Julius
1565 1980 1649 2021 hoc
1671 1993 1741 2035 sea,

297 2047 398 2075 cum
433 2036 703 2077 auctoritatis
739 2037 792 2077 ad
829 2037 1116 2077 accusandum
1153 2037 1372 2089 afferebat,
1408 2037 1538 2092 quod,
1573 2047 1622 2078 ut
1653 2037 1738 2079 hoc

302 2102 494 2147 tempore
516 2108 594 2133 nos
617 2094 671 2133 ab
705 2093 875 2144 Siculis,
899 2094 960 2134 sic
990 2102 1081 2134 tum
1112 2094 1180 2135 ille
1212 2095 1266 2135 ab
1299 2095 1442 2136 Sardis
1474 2103 1664 2151 rogatUS,
1685 2095 1740 2137 ad

302 2163 475 2190 causam
507 2160 757 2191 accesserat.
829 2150 1005 2206 Semper
1034 2151 1128 2193 haec
1161 2167 1289 2192 causa
1318 2151 1549 2208 plurimum
1581 2152 1740 2194 valuit:

304 2220 471 2262 semper
502 2206 597 2247 haec
629 2208 736 2247 ratio
765 2208 992 2249 accusandi
1027 2209 1109 2250 fuit
1140 2209 1455 2260 honestissima,
1487 2224 1563 2266 pro
1596 2210 1745 2261 sociis,

303 2277 382 2317 pro
417 2263 550 2304 salute
580 2265 831 2319 provinciae,
863 2280 940 2320 pro
969 2275 1210 2308 exterarum
1241 2266 1463 2307 nationum
1503 2267 1747 2308 commodis

307 2319 555 2361 inimicitias
590 2321 818 2377 suscipere,
841 2322 893 2362 ad
923 2322 1159 2378 periculum
1189 2324 1403 2374 accedere,
1431 2338 1620 2380 operam,
1653 2334 1742 2366 stu-

223 2371 294 2419 90
308 2376 441 2427 (1111111,
465 2377 654 2418 laborem
677 2379 962 2434 intcrponere.
1023 2379 1195 2422 Etenim
1212 2381 1245 2421 si
1262 2381 1496 2436 probabilis
1511 2390 1576 2421 est
1594 2394 1744 2423 eorum

247 2443 449 2483 6461111511,
484 2434 556 2489 qui
582 2435 758 2489 injurias
792 2451 887 2476 suas
921 2438 1115 2492 persequi
1142 2438 1312 2489 volunt,
1342 2453 1427 2493 qua
1459 2439 1503 2480 in
1530 2453 1574 2478 re
1606 2438 1743 2480 dolori

199 2494 401 2540 p.65.31107
425 2505 509 2531 non
542 2492 790 2547 reipublicae.
822 2495 1061 2534 commodis
1096 2496 1310 2546 serviunt3
1341 2506 1502 2550 quanto
1525 2495 1596 2536 illa
1615 2510 1745 2537 causa

267 2545 542 2598 8·11011651101,
565 2563 661 2603 qua:
683 2564 770 2590 non
793 2549 930 2594 solum
952 2551 1186 2606 probabilis
1208 2551 1356 2604 videri,
1379 2553 1451 2593 sed
1471 2552 1602 2595 etiam
1622 2562 1747 2609 grata

349 2679 389 2709 ‘29
402 2677 445 2706 At
461 2676 544 2715 vide]
564 2677 780 2724 111111116611115
795 2679 924 2710 videtur
936 2682 992 2711 Ae.
1050 2692 1102 2723 5115
1118 2684 1253 2722 requirit
1266 2684 1374 2724 potius
1389 2692 1458 2713 unct
1479 2684 1519 2713 de
1539 2693 1587 2720 re,
1608 2687 1648 2713 ut
1661 2682 1746 2714 infra

350 2721 391 2747 :30
408 2721 468 2747 hac
480 2728 547 2748 una
563 2729 597 2748 m
611 2730 645 2749 re
660 2724 690 2749 le
707 2721 799 2760 mihi]
839 2722 884 2752 Te
897 2722 1004 2753 addidi
1047 2735 1148 2755 unam
1163 2726 1199 2755 ob
1213 2736 1298 2756 rem.-
1313 2724 1369 2755 5611
1382 2726 1420 2755 de
1433 2726 1601 2756 omittitur
1613 2724 1754 2765 elegam.

307 2770 382 2790 cuni
399 2761 640 2791 Gra-vioeMss.
655 2762 687 2791 in
701 2761 750 2791 his
762 2770 796 2793 et
808 2764 870 2793 Gu.
884 2770 918 2794 et
933 2765 1003 2795 cdd.
1047 2767 1124 2797 tius.
1182 2768 1271 2804 Post,
1297 2768 1325 2798 si
1343 2765 1427 2807 jure
1452 2777 1526 2797 eum>
1551 2768 1651 2808 possis
1676 2776 1744 2797 acc.

307 2802 468 2841 pluribus,
483 2803 569 2849 quod
586 2804 751 2834 venustius
767 2810 825 2835 est.
854 2806 916 2836 Sed
931 2817 1005 2836 cnm
1048 2810 1143 2839 scribi
1150 2819 1257 2848 posses
1269 2809 1414 2852 postulat
1423 2808 1583 2842 latinitas:
1599 2810 1686 2842 etsie
1694 2813 1742 2840 est

310 2844 525 2876 Hotomanno
551 2855 585 2876 m
607 2845 781 2877 delendum
806 2853 908 2888 put0;
933 2858 1004 2879 sen·
1048 2850 1082 2881 in
1104 2852 1165 2883 Gu.
