1907 3231
305 131 386 173 263
852 133 922 172 IN
946 131 1217 171 VERREM

306 245 356 277 ‚et
377 235 495 277 domi
528 235 703 287 nobilis,
726 235 778 277 de
809 235 1055 278 calamitate
1077 246 1309 287 aratorum,
1332 242 1376 276 et
1397 235 1450 276 de
1479 234 1597 291 fuga,
1627 243 1671 278 et
1691 235 1743 279 de

311 292 574 348 reliquorum
605 294 823 350 paucitate
854 293 1026 348 publice
1056 295 1244 345 diceret3
1274 293 1654 344 animadvertistis,
1670 293 1744 348 ju-

312 350 444 400 dices,
482 350 693 406 gemitum
742 351 891 414 populi
944 349 1146 401 Romani,
1187 351 1309 405 cujus
1362 349 1602 405 frequentia
1644 351 1745 391 huic

316 421 458 448 causae
477 422 711 462 numquam
733 406 888 448 detuit.
910 422 995 462 qua
1007 407 1060 448 de
1083 407 1300 463 paucitate
1322 416 1539 448 aratorum
1549 407 1634 448 alio
1649 407 1745 448 loco

305 464 472 506 dicam.

231 522 303 573 35
375 521 503 563 Nunc
524 519 641 571 illud,
663 520 777 575 quod
800 533 924 575 paene
955 520 1157 575 praeterii,
1189 535 1275 561 non
1296 520 1474 561 omnino
1503 519 1746 576 relinquen-

315 578 419 619 dum
447 577 628 617 videtur.
664 591 778 625 nam,
810 591 884 632 per
915 577 1016 618 deos
1048 577 1331 618 immortales!
1372 578 1487 632 quod
1519 578 1571 618 de
1603 578 1745 633 capite

309 635 410 691 ipso
440 634 608 682 demsit,
641 633 681 664 63
694 648 780 688 quo
811 634 984 674 tandem
1014 634 1144 674 modo
1176 634 1298 674 vobis
1330 648 1414 674 non
1446 635 1574 675 modo
1606 634 1746 675 feren-

253 700 300 734 81
317 692 432 741 dum,
464 705 610 731 verum
639 691 769 731 etiam
806 691 1065 731 audiendum
1098 691 1295 732 videtur?
1335 690 1456 731 Unus
1490 691 1630 732 adhuc
1661 691 1746 733 fuit

315 757 413 804 post
436 747 619 788 Romam
643 747 862 788 conditam
883 748 962 800 (dii
986 747 1246 788 immortales
1269 746 1425 797 faxint,
1444 762 1498 788 ne
1520 748 1575 788 sit
1596 748 1743 799 alterl)

313 805 382 846 cui
417 804 657 860 respublica
677 804 863 845 69totam
898 819 941 845 se
978 806 1176 855 traderet,
1206 804 1472 859 temporibus
1506 814 1670 856 coacta,
1701 815 1746 848 et

311 862 434 902 malis
474 861 736 912 domesticis,
770 862 817 902 L.
839 861 969 902 Sulla.
1004 861 1092 903 Hic
1124 870 1291 902 tantum
1330 860 1487 917 potuit,
1519 870 1567 902 ut
1597 876 1742 914 nemo,

311 919 383 960 illo
403 919 554 969 invito,
575 933 654 959 nec
687 920 813 969 bona,
836 933 914 959 nec
947 919 1143 974 patriam,
1167 933 1244 959 nec
1276 917 1407 959 vitam
1434 918 1615 958 retinere
1646 934 1745 974 pos-

309 985 396 1018 set:
430 985 597 1019 tantum
620 975 750 1016 animi
782 975 935 1015 habuit
965 976 1018 1017 ad
1050 976 1289 1026 audaciam,
1313 984 1360 1016 ut
1391 975 1531 1016 dicere
1562 975 1607 1015 in
1639 990 1744 1016 eon·

307 1035 434 1075 cione
453 1048 537 1074 non
560 1033 791 1083 dubitaret,
817 1033 930 1073 bona
959 1032 1120 1073 civium
1144 1033 1440 1073 Romanorum
1466 1047 1565 1073 cum
1589 1032 1745 1073 vende·

309 1102 387 1141 ret,
407 1105 450 1131 se
480 1090 669 1145 praedam
700 1105 819 1130 suam
850 1090 1047 1130 vendere.
1109 1089 1213 1144 Ejus
1236 1104 1383 1130 omnes
1407 1104 1470 1130 res
1494 1098 1634 1145 gestas
1657 1103 1744 1131 non

309 1148 447 1188 solum
464 1147 732 1197 obtinemus;
763 1161 910 1188 verum
925 1147 1055 1187 etiam
1078 1155 1254 1203 propter
1269 1146 1482 1201 majorum
1502 1147 1743 1188 incommo-

308 1205 460 1246 dorum
482 1213 526 1245 et
546 1204 840 1245 calamitatum
869 1213 1048 1253 metum,
1072 1204 1245 1260 publica
1273 1203 1530 1244 auctoritate
1551 1203 1745 1245 defendi-

306 1277 418 1304 mus.
450 1261 596 1303 Unum
624 1261 707 1302 hoc
745 1261 855 1302 illius
889 1271 1059 1302 senatus
1089 1261 1285 1302 consulto
1321 1260 1640 1316 reprehensum,
1671 1261 1746 1301 de·

307 1328 559 1374 cretumque
580 1327 657 1369 est,
680 1327 742 1368 ut,
774 1319 929 1373 quibus
953 1318 1022 1359 ille
1040 1319 1092 1359 de
1115 1317 1256 1374 capite
1277 1318 1516 1367 demsisset‚
1549 1321 1590 1352 70
1602 1317 1647 1358 hi
1667 1332 1743 1373 pe-

308 1377 456 1417 cunias
477 1376 520 1417 in
543 1377 739 1417 aerarium
762 1375 982 1416 referrent.
1040 1379 1076 1410 71
1092 1375 1255 1416 Statuit
1285 1383 1455 1415 senatus
1486 1374 1584 1425 hoc,
1606 1388 1660 1415 ne
1681 1374 1742 1417 illi

307 1434 484 1488 quidem
514 1447 604 1474 esse
635 1433 816 1483 licitum,
840 1433 909 1473 cui
941 1442 1210 1473 concesserat
1240 1431 1398 1482 omnia,
1430 1446 1456 1472 a
1486 1431 1648 1487 populo
1679 1431 1743 1472 fan

247 1496 297 1529 82
310 1499 476 1534 ctarum
495 1490 858 1545 quaesitarumque
890 1504 1028 1530 rerum
1065 1504 1251 1530 summas
1285 1489 1552 1529 imminuere.
1615 1488 1743 1530 Illum

310 1548 411 1588 viris
443 1547 685 1589 fortissimis
710 1547 964 1602 judicarunt
995 1555 1135 1602 patres
1173 1546 1405 1602 conscripti
1441 1546 1659 1587 remittere
1689 1547 1743 1587 de

307 1620 474 1645 summa
495 1620 582 1646 non
606 1606 817 1661 potuisse:
853 1613 894 1645 te
928 1604 1095 1644 mulieri
1125 1604 1357 1644 teterrimae
1384 1611 1501 1644 recte
1525 1603 1742 1645 remisisse

308 1671 522 1704 senatores
543 1662 833 1717 judicabunt?
876 1661 966 1712 Ille,
999 1660 1051 1701 de
1072 1676 1158 1716 quo
1181 1661 1276 1717 lege
1307 1660 1491 1716 populus
1516 1660 1740 1702 Romanus

254 1751 257 1756 .
299 1719 504 1773 Jusserat,
535 1729 582 1760 ut
613 1719 744 1775 ipsius
776 1717 973 1759 voluntas
998 1717 1159 1773 populo
1183 1717 1383 1758 Romano
1402 1727 1513 1758 esset
1535 1716 1741 1773 prolege,

309 1785 450 1817 tamen
480 1777 522 1817 in
546 1776 627 1817 hoc
651 1790 735 1816 uno
755 1790 924 1831 genere,
947 1785 1139 1816 veterum
1174 1774 1381 1830 religione
1411 1774 1570 1830 legum,
1601 1788 1744 1830 repre-

308 1833 523 1875 henditur.
548 1843 608 1884 tu,
629 1833 703 1888 qui
735 1833 935 1873 omnibus
969 1832 1136 1887 legibus
1168 1832 1413 1887 implicatus
1445 1832 1660 1882 tenebam,
1691 1831 1743 1872 li-

176 1895 208 1926 Ρ·
225 1884 294 1916 166.
309 1892 496 1932 bidinem
521 1891 598 1931 tibi
619 1900 737 1931 tuam
761 1904 838 1945 pro
856 1889 950 1945 lege
968 1904 1058 1929 esse
1077 1889 1279 1930 voluiSti?
1310 1889 1353 1929 in
1373 1888 1445 1929 illo
1467 1888 1742 1944 reprehendi-

263 1937 292 1956 a.
308 1957 389 1998 tur,
421 1949 537 2004 quod
567 1962 625 1989 ex
657 1962 708 1988 ea
730 1948 913 2002 pecunia
942 1946 1166 1995 remiserit,
1198 1961 1327 2001 quam
1361 1946 1452 2001 ipse
1487 1946 1739 2000 quaesierat3

308 2006 386 2046 tibi
409 2006 682 2055 concedetur,
713 2004 786 2059 qui
815 2004 866 2044 de
889 2004 1030 2059 capite
1063 2002 1336 2060 vectigalium
1371 2003 1520 2058 populi
1553 2002 1740 2046 Romani

221 2058 531 2112 36remisisti?
562 2062 707 2117 Atque
728 2061 770 2101 in
795 2061 878 2101 hoc
901 2075 1056 2116 genere
1078 2060 1269 2102 audaciae
1288 2060 1424 2100 multo
1446 2060 1577 2100 etiam
1599 2060 1740 2117 impu-

244 2136 294 2169 53
308 2120 475 2162 dentius
496 2120 593 2161 72in
616 2118 808 2160 decumis
832 2118 1153 2174 Segestensium
1184 2127 1375 2160 versatus
1394 2126 1482 2159 est:
1516 2132 1621 2173 quas
1640 2132 1741 2159 cum

342 2279 382 2309 68
406 2287 466 2318 quo
483 2274 803 2315 tandem—videtur]
830 2275 904 2306 Hoc
918 2279 969 2305 est
981 2285 999 2305 e

302 2320 365 2350 ΜΞ.
378 2321 512 2351 Nannii.
527 2320 608 2350 Edd.
625 2329 672 2360 pr.
690 2330 750 2359 quo
763 2319 894 2349 tandem
911 2318 1001 2348 modo

290 2361 475 2403 ferendum
491 2372 607 2393 verztm
621 2363 723 2392 etiam
737 2361 939 2391 audiendum
954 2360 1001 2389 vi-

302 2405 408 2435 detur.
447 2405 487 2435 In
500 2405 562 2435 hac
576 2404 718 2435 lectione
742 2402 884 2433 correxit
898 2401 999 2432 Aldus

302 2447 503 2477 audiendum
525 2457 583 2486 pro
604 2456 705 2484 eoque
732 2445 820 2475 dedit
849 2445 999 2474 animad-

301 2490 493 2519 vertendum
504 2502 513 2518 .·
535 2499 635 2528 eaque
649 2489 718 2527 jam
733 2493 826 2517 vetus
841 2486 939 2516 lectio
953 2486 1000 2515 di-

301 2531 389 2561 citur
406 2532 541 2561 Hotom.
559 2532 654 2560 Grut.
670 2533 704 2560 et
716 2530 797 2560 aliis.
843 2528 927 2559 Mihi
943 2528 1001 2558 illa

302 2574 524 2604 vetustissima
537 2573 638 2603 lectio
654 2582 721 2602 non
735 2571 895 2611 displicet.

345 2616 385 2649 69
400 2620 503 2645 totam
524 2626 557 2645 se
579 2614 736 2653 traderet]
764 2614 815 2643 Sic
838 2613 999 2642 Gruterus

303 2662 402 2694 recte,
418 2668 456 2687 ex
471 2657 554 2687 libro
569 2657 706 2687 Nannii.
745 2655 826 2686 Edd.
843 2658 923 2684 vett.
939 2654 998 2684 ha-

301 2700 382 2730 bent
395 2700 544 2730 tradidit.
567 2699 653 2729 Vera
666 2698 812 2729 latinitas
826 2700 901 2738 post
909 2706 996 2727 zenas

288 2741 368 2782 suit
384 2742 516 2780 requirit
530 2741 684 2771 traderet.

343 2787 384 2816 70
408 2784 440 2813 m'
450 2785 607 2823 pecunias
620 2784 642 2813 i.
659 2792 694 2812 α’.
709 2781 755 2820 r.]
772 2782 879 2811 Nimis
895 2790 993 2820 gene-

300 2825 415 2856 raliter
441 2825 565 2855 dietum
595 2835 654 2865 pro
677 2824 832 2862 reliquas,
855 2823 998 2853 residuas

298 2868 467 2908 pecunias,
491 2867 616 2898 demtus
632 2867 669 2898 de
692 2867 812 2907 capite,
838 2865 996 2896 remissas

1045 2273 1127 2305 Edd.
1154 2284 1202 2315 pr.
1226 2285 1265 2305 ue
1274 2274 1433 2315 pecunias
1456 2275 1515 2305 διο.
1537 2273 1671 2306 Cluent.
1686 2277 1739 2307 34.

1043 2323 1121 2347 sunt
1136 2318 1184 2346 rei
1200 2318 1238 2347 de
1247 2318 1396 2357 pecuniis
1409 2317 1557 2347 residuis.

1086 2363 1123 2393 71
1152 2359 1279 2390 Sta-tuit
1298 2363 1430 2389 senatus
1453 2360 1521 2395 hoc,
1544 2369 1584 2389 ne
1604 2358 1656 2388 ilci
1669 2359 1740 2398 qui·

1041 2402 1128 2442 dem]
1168 2402 1221 2432 Sic
1247 2400 1565 2441 interpungendum:
1600 2409 1677 2430 nam
1711 2401 1738 2432 si

1043 2445 1099 2473 hoc
1121 2443 1162 2474 ad
1187 2444 1356 2483 sequentia
1382 2443 1511 2479 referas,
1534 2442 1738 2472 constructio

1043 2495 1110 2515 non
1136 2486 1294 2526 procedit.
1346 2485 1408 2515 Sed
1433 2485 1459 2515 si
1479 2484 1576 2525 plane
1598 2485 1738 2521 abesset,

1042 2528 1159 2558 melius
1174 2529 1275 2558 etiam
1298 2527 1444 2558 haberet.
1490 2526 1611 2557 Melius
1634 2526 1739 2557 etiam

1042 2570 1127 2600 foret
1141 2571 1340 2605 concesserit,
1354 2578 1452 2608 quam
1467 2573 1675 2599 concesserat.
1697 2568 1738 2599 In

1042 2621 1130 2651 seqq.
1147 2622 1168 2641 a
1177 2610 1480 2653 populojhcearum
1495 2621 1524 2650 q.
1547 2620 1660 2641 rerum
1676 2610 1738 2641 mi-

1042 2663 1107 2690 ror,
1129 2654 1214 2684 viros
1237 2654 1350 2683 doctos
1374 2651 1515 2683 haesisse.
1558 2653 1622 2683 Res
1636 2653 1737 2692 quaeri

1038 2700 1072 2726 et
1100 2695 1170 2726 fieri
1200 2695 1365 2725 dicuntur.
1424 2695 1513 2725 Bene
1539 2695 1621 2725 vidit
1640 2695 1740 2732 ,Grae-

1036 2738 1119 2768 vius.
1164 2738 1208 2768 Et
1221 2737 1361 2777 populns
1377 2746 1446 2767 rem
1460 2736 1552 2773 facit,
1568 2736 1667 2767 armis
1681 2745 1726 2766 sc.

1078 2782 1119 2812 72
1141 2779 1176 2809 in
1202 2780 1345 2810 decumis
1370 2778 1626 2818 Segestensz'um]
1650 2787 1695 2808 sc.
1717 2788 1738 2808 a

1040 2821 1170 2860 quibus,
1184 2822 1314 2852 etiamsi
1337 2821 1552 2858 immunibus,
1576 2831 1603 2850 c.
1619 2820 1650 2850 6.
1664 2819 1743 2859 lego

1041 2869 1075 2895 et
1091 2863 1221 2902 foedere,
1237 2868 1349 2895 tamen
1365 2862 1517 2895 decumas
1530 2863 1648 2902 exegit.
