<?xml version="1.0" encoding="UTF-8"?>
<!DOCTYPE html PUBLIC "-//W3C//DTD XHTML 1.0 Transitional//EN"
    "http://www.w3.org/TR/xhtml1/DTD/xhtml1-transitional.dtd">
<html xmlns="http://www.w3.org/1999/xhtml" xml:lang="en" lang="en">
 <head>
  <title>
</title>
<meta http-equiv="Content-Type" content="text/html;charset=utf-8" />
  <meta name='ocr-system' content='tesseract 3.04.00' />
  <meta name='ocr-capabilities' content='ocr_page ocr_carea ocr_par ocr_line ocrx_word'/>
</head>
<body>
  <div class='ocr_page' id='page_1' title='image "./p1operaomnia02ciceuoft_0358.png"; bbox 0 0 1907 3231; ppageno 0'>
   <div class='ocr_carea' id='block_1_1' title="bbox 282 123 1212 162">
    <p class='ocr_par' dir='ltr' id='par_1_1' title="bbox 282 123 1212 162">
     <span class='ocr_line' id='line_1_1' title="bbox 282 123 1212 162; baseline 0.001 -2"><span class='ocrx_word' id='word_1_1' title='bbox 282 126 377 160; x_wconf 81' lang='grc'><strong>’334</strong></span> <span class='ocrx_word' id='word_1_2' title='bbox 842 124 909 162; x_wconf 90' lang='grc' dir='ltr'><strong>ΙΝ</strong></span> <span class='ocrx_word' id='word_1_3' title='bbox 939 123 1212 162; x_wconf 83' lang='lat' dir='ltr'>VERREM</span> 
     </span>
    </p>
   </div>
   <div class='ocr_carea' id='block_1_2' title="bbox 223 224 1736 1994">
    <p class='ocr_par' dir='ltr' id='par_1_2' title="bbox 259 224 1736 623">
     <span class='ocr_line' id='line_1_2' title="bbox 301 224 1734 284; baseline 0.003 -19"><span class='ocrx_word' id='word_1_4' title='bbox 301 224 426 276; x_wconf 89' lang='lat' dir='ltr'><strong>dicis,</strong></span> <span class='ocrx_word' id='word_1_5' title='bbox 449 227 590 282; x_wconf 82' lang='lat' dir='ltr'><strong>parvis</strong></span> <span class='ocrx_word' id='word_1_6' title='bbox 611 242 666 269; x_wconf 83' lang='lat' dir='ltr'><strong>ex</strong></span> <span class='ocrx_word' id='word_1_7' title='bbox 689 228 813 269; x_wconf 89' lang='lat' dir='ltr'><strong>rebus</strong></span> <span class='ocrx_word' id='word_1_8' title='bbox 836 228 1129 282; x_wconf 76' lang='lat' dir='ltr'><strong>conjecturam</strong></span> <span class='ocrx_word' id='word_1_9' title='bbox 1160 227 1299 269; x_wconf 87' lang='lat' dir='ltr'><strong>facere</strong></span> <span class='ocrx_word' id='word_1_10' title='bbox 1333 225 1668 284; x_wconf 76' lang='lat' dir='ltr'><strong>uniuscnjusque</strong></span> <span class='ocrx_word' id='word_1_11' title='bbox 1689 236 1734 270; x_wconf 87' lang='lat' dir='ltr'><strong>et</strong></span> 
     </span>
     <span class='ocr_line' id='line_1_3' title="bbox 302 283 1735 340; baseline 0.002 -18"><span class='ocrx_word' id='word_1_12' title='bbox 302 284 553 338; x_wconf 85' lang='lat' dir='ltr'><strong>cupiditatis</strong></span> <span class='ocrx_word' id='word_1_13' title='bbox 574 294 617 326; x_wconf 88' lang='lat' dir='ltr'><strong>et</strong></span> <span class='ocrx_word' id='word_1_14' title='bbox 648 285 988 326; x_wconf 80' lang='lat' dir='ltr'><strong>incontinentiae.</strong></span> <span class='ocrx_word' id='word_1_15' title='bbox 1049 285 1137 330; x_wconf 83' lang='lat' dir='ltr'><strong>Qui</strong></span> <span class='ocrx_word' id='word_1_16' title='bbox 1167 299 1261 325; x_wconf 90' lang='lat' dir='ltr'><strong>reus</strong></span> <span class='ocrx_word' id='word_1_17' title='bbox 1291 283 1399 340; x_wconf 78' lang='lat' dir='ltr'><strong>lege,</strong></span> <span class='ocrx_word' id='word_1_18' title='bbox 1420 294 1464 325; x_wconf 87' lang='lat' dir='ltr'><strong>et</strong></span> <span class='ocrx_word' id='word_1_19' title='bbox 1498 298 1593 325; x_wconf 89' lang='lat' dir='ltr'><strong>reus</strong></span> <span class='ocrx_word' id='word_1_20' title='bbox 1615 299 1735 325; x_wconf 87' lang='lat' dir='ltr'><strong>com-</strong></span> 
     </span>
     <span class='ocr_line' id='line_1_4' title="bbox 259 341 1734 397; baseline 0.002 -17"><span class='ocrx_word' id='word_1_21' title='bbox 259 341 622 394; x_wconf 75' lang='lat' dir='ltr'><strong>b,perendinatus,</strong></span> <span class='ocrx_word' id='word_1_22' title='bbox 638 357 682 382; x_wconf 91' lang='lat' dir='ltr'><strong>re</strong></span> <span class='ocrx_word' id='word_1_23' title='bbox 697 351 739 382; x_wconf 90' lang='lat' dir='ltr'><strong>et</strong></span> <span class='ocrx_word' id='word_1_24' title='bbox 756 342 958 396; x_wconf 90' lang='lat' dir='ltr'><strong>opinione</strong></span> <span class='ocrx_word' id='word_1_25' title='bbox 979 341 1203 382; x_wconf 88' lang='lat' dir='ltr'><strong>hominum</strong></span> <span class='ocrx_word' id='word_1_26' title='bbox 1226 356 1348 397; x_wconf 86' lang='lat' dir='ltr'><strong>paene</strong></span> <span class='ocrx_word' id='word_1_27' title='bbox 1370 342 1609 392; x_wconf 86' lang='lat' dir='ltr'><strong>damnatus,</strong></span> <span class='ocrx_word' id='word_1_28' title='bbox 1626 350 1734 383; x_wconf 88' lang='lat' dir='ltr'><strong>tem-</strong></span> 
     </span>
     <span class='ocr_line' id='line_1_5' title="bbox 305 398 1736 454; baseline 0.001 -17"><span class='ocrx_word' id='word_1_29' title='bbox 305 411 454 452; x_wconf 84' lang='lat' dir='ltr'><strong>perare</strong></span> <span class='ocrx_word' id='word_1_30' title='bbox 475 414 560 439; x_wconf 91' lang='lat' dir='ltr'><strong>non</strong></span> <span class='ocrx_word' id='word_1_31' title='bbox 584 399 772 454; x_wconf 86' lang='lat' dir='ltr'><strong>potuerit</strong></span> <span class='ocrx_word' id='word_1_32' title='bbox 793 399 983 438; x_wconf 80' lang='lat' dir='ltr'><strong>maximo</strong></span> <span class='ocrx_word' id='word_1_33' title='bbox 1005 408 1234 449; x_wconf 85' lang='lat' dir='ltr'><strong>conventu,</strong></span> <span class='ocrx_word' id='word_1_34' title='bbox 1256 399 1359 452; x_wconf 90' lang='lat' dir='ltr'><strong>quin</strong></span> <span class='ocrx_word' id='word_1_35' title='bbox 1383 398 1431 439; x_wconf 87' lang='lat' dir='ltr'><strong>L.</strong></span> <span class='ocrx_word' id='word_1_36' title='bbox 1455 399 1646 439; x_wconf 67' lang='lat' dir='ltr'><strong>Sisennae</strong></span> <span class='ocrx_word' id='word_1_37' title='bbox 1668 413 1736 439; x_wconf 86' lang='lat' dir='ltr'><strong>ar-</strong></span> 
     </span>
     <span class='ocr_line' id='line_1_6' title="bbox 307 455 1735 511; baseline 0.001 -17"><span class='ocrx_word' id='word_1_38' title='bbox 307 464 486 509; x_wconf 87' lang='lat' dir='ltr'><strong>gentum</strong></span> <span class='ocrx_word' id='word_1_39' title='bbox 509 465 711 496; x_wconf 79' lang='lat' dir='ltr'>tractaret</span> <span class='ocrx_word' id='word_1_40' title='bbox 732 464 773 495; x_wconf 86' lang='lat' dir='ltr'><strong>ct</strong></span> <span class='ocrx_word' id='word_1_41' title='bbox 795 455 1105 505; x_wconf 77' lang='lat' dir='ltr'><strong>consideraret3</strong></span> <span class='ocrx_word' id='word_1_42' title='bbox 1135 455 1250 496; x_wconf 90' lang='lat' dir='ltr'><strong>hunc</strong></span> <span class='ocrx_word' id='word_1_43' title='bbox 1272 456 1315 495; x_wconf 90' lang='lat' dir='ltr'><strong>in</strong></span> <span class='ocrx_word' id='word_1_44' title='bbox 1334 455 1555 511; x_wconf 87' lang='lat' dir='ltr'><strong>provincia</strong></span> <span class='ocrx_word' id='word_1_45' title='bbox 1576 465 1735 510; x_wconf 87' lang='lat' dir='ltr'><strong>praeto-</strong></span> 
     </span>
     <span class='ocr_line' id='line_1_7' title="bbox 305 512 1734 568; baseline 0.001 -18"><span class='ocrx_word' id='word_1_46' title='bbox 305 525 394 552; x_wconf 87' lang='lat' dir='ltr'><strong>rem</strong></span> <span class='ocrx_word' id='word_1_47' title='bbox 418 515 457 543; x_wconf 87' lang='grc'><strong>35</strong></span> <span class='ocrx_word' id='word_1_48' title='bbox 475 513 698 567; x_wconf 80' lang='lat' dir='ltr'><strong>quisquam</strong></span> <span class='ocrx_word' id='word_1_49' title='bbox 728 512 899 567; x_wconf 82' lang='lat' dir='ltr'><strong>putabit</strong></span> <span class='ocrx_word' id='word_1_50' title='bbox 931 526 955 551; x_wconf 90' lang='lat' dir='ltr'><strong>a</strong></span> <span class='ocrx_word' id='word_1_51' title='bbox 977 512 1218 552; x_wconf 84' lang='lat' dir='ltr'><strong>Siculorum</strong></span> <span class='ocrx_word' id='word_1_52' title='bbox 1239 521 1417 568; x_wconf 82' lang='lat' dir='ltr'><strong>argento</strong></span> <span class='ocrx_word' id='word_1_53' title='bbox 1438 512 1734 568; x_wconf 84' lang='lat' dir='ltr'><strong>cupiditatem,</strong></span> 
     </span>
     <span class='ocr_line' id='line_1_8' title="bbox 281 568 1013 623; baseline 0.001 -15"><span class='ocrx_word' id='word_1_54' title='bbox 281 596 283 599; x_wconf 28' lang='grc' dir='ltr'><strong><em>ι</em></strong></span> <span class='ocrx_word' id='word_1_55' title='bbox 302 578 377 608; x_wconf 86' lang='lat' dir='ltr'><strong>aut.</strong></span> <span class='ocrx_word' id='word_1_56' title='bbox 395 583 489 609; x_wconf 84' lang='lat' dir='ltr'><strong>man</strong></span> <span class='ocrx_word' id='word_1_57' title='bbox 499 585 542 609; x_wconf 88' lang='lat' dir='ltr'><strong>us</strong></span> <span class='ocrx_word' id='word_1_58' title='bbox 566 569 777 609; x_wconf 85' lang='lat' dir='ltr'><strong>abstinere</strong></span> <span class='ocrx_word' id='word_1_59' title='bbox 797 568 1013 623; x_wconf 82' lang='lat' dir='ltr'><strong>potuisse?</strong></span> 
     </span>
    </p>

    <p class='ocr_par' dir='ltr' id='par_1_3' title="bbox 223 616 1732 1994">
     <span class='ocr_line' id='line_1_9' title="bbox 223 616 1731 681; baseline -0.001 -12"><span class='ocrx_word' id='word_1_60' title='bbox 223 616 291 670; x_wconf 83' lang='grc'><strong>16</strong></span> <span class='ocrx_word' id='word_1_61' title='bbox 360 625 534 675; x_wconf 87' lang='lat' dir='ltr'><strong>Verum,</strong></span> <span class='ocrx_word' id='word_1_62' title='bbox 565 627 605 656; x_wconf 81' lang='lat'><strong>36</strong></span> <span class='ocrx_word' id='word_1_63' title='bbox 620 626 680 665; x_wconf 82' lang='lat' dir='ltr'><strong>uti</strong></span> <span class='ocrx_word' id='word_1_64' title='bbox 706 625 960 680; x_wconf 83' lang='lat' dir='ltr'><strong>Lilybaeum,</strong></span> <span class='ocrx_word' id='word_1_65' title='bbox 978 626 1089 666; x_wconf 86' lang='lat' dir='ltr'><strong>unde</strong></span> <span class='ocrx_word' id='word_1_66' title='bbox 1111 626 1301 681; x_wconf 82' lang='lat' dir='ltr'><strong>digressa</strong></span> <span class='ocrx_word' id='word_1_67' title='bbox 1330 634 1408 676; x_wconf 84' lang='lat' dir='ltr'><strong>est,</strong></span> <span class='ocrx_word' id='word_1_68' title='bbox 1430 626 1567 666; x_wconf 84' lang='lat' dir='ltr'><strong>oratio</strong></span> <span class='ocrx_word' id='word_1_69' title='bbox 1591 640 1731 667; x_wconf 82' lang='lat' dir='ltr'>rever-</span> 
     </span>
     <span class='ocr_line' id='line_1_10' title="bbox 238 681 1732 738; baseline 0.002 -17"><span class='ocrx_word' id='word_1_70' title='bbox 238 693 288 727; x_wconf 83' lang='lat'><strong>35</strong></span> <span class='ocrx_word' id='word_1_71' title='bbox 304 690 431 731; x_wconf 84' lang='lat' dir='ltr'><strong>tatur,</strong></span> <span class='ocrx_word' id='word_1_72' title='bbox 471 681 645 722; x_wconf 90' lang='lat' dir='ltr'><strong>Diocles</strong></span> <span class='ocrx_word' id='word_1_73' title='bbox 683 691 760 732; x_wconf 85' lang='lat' dir='ltr'><strong>est,</strong></span> <span class='ocrx_word' id='word_1_74' title='bbox 800 682 1015 737; x_wconf 79' lang='lat' dir='ltr'>Pamphili</span> <span class='ocrx_word' id='word_1_75' title='bbox 1046 697 1190 738; x_wconf 83' lang='lat' dir='ltr'><strong>gener,</strong></span> <span class='ocrx_word' id='word_1_76' title='bbox 1232 682 1357 733; x_wconf 91' lang='lat' dir='ltr'><strong>illius,</strong></span> <span class='ocrx_word' id='word_1_77' title='bbox 1399 698 1423 723; x_wconf 86' lang='lat' dir='ltr'><strong>a</strong></span> <span class='ocrx_word' id='word_1_78' title='bbox 1457 697 1542 737; x_wconf 92' lang='lat' dir='ltr'><strong>quo</strong></span> <span class='ocrx_word' id='word_1_79' title='bbox 1578 683 1732 738; x_wconf 87' lang='lat' dir='ltr'><strong>hydria</strong></span> 
     </span>
     <span class='ocr_line' id='line_1_11' title="bbox 299 739 1731 794; baseline 0.001 -16"><span class='ocrx_word' id='word_1_80' title='bbox 299 739 443 779; x_wconf 86' lang='lat' dir='ltr'><strong>ablata</strong></span> <span class='ocrx_word' id='word_1_81' title='bbox 464 749 541 788; x_wconf 89' lang='lat' dir='ltr'><strong>est,</strong></span> <span class='ocrx_word' id='word_1_82' title='bbox 563 742 599 772; x_wconf 83' lang='grc'><strong>37</strong></span> <span class='ocrx_word' id='word_1_83' title='bbox 619 739 825 794; x_wconf 82' lang='lat' dir='ltr'><strong>Popillius</strong></span> <span class='ocrx_word' id='word_1_84' title='bbox 839 740 1111 794; x_wconf 82' lang='lat' dir='ltr'>cognomine.</span> <span class='ocrx_word' id='word_1_85' title='bbox 1135 740 1189 780; x_wconf 89' lang='lat' dir='ltr'><strong>ab</strong></span> <span class='ocrx_word' id='word_1_86' title='bbox 1212 739 1294 780; x_wconf 89' lang='lat' dir='ltr'><strong>hoc</strong></span> <span class='ocrx_word' id='word_1_87' title='bbox 1315 739 1437 780; x_wconf 83' lang='lat' dir='ltr'>abaci</span> <span class='ocrx_word' id='word_1_88' title='bbox 1451 754 1551 780; x_wconf 88' lang='lat' dir='ltr'><strong>vasa</strong></span> <span class='ocrx_word' id='word_1_89' title='bbox 1572 741 1731 791; x_wconf 85' lang='lat' dir='ltr'><strong>omnia,</strong></span> 
     </span>
     <span class='ocr_line' id='line_1_12' title="bbox 300 796 1730 851; baseline 0.002 -16"><span class='ocrx_word' id='word_1_90' title='bbox 300 804 349 835; x_wconf 88' lang='lat' dir='ltr'><strong>ut</strong></span> <span class='ocrx_word' id='word_1_91' title='bbox 384 796 584 851; x_wconf 83' lang='lat' dir='ltr'><strong>exposita</strong></span> <span class='ocrx_word' id='word_1_92' title='bbox 620 796 802 847; x_wconf 83' lang='lat' dir='ltr'><strong>fuerant,</strong></span> <span class='ocrx_word' id='word_1_93' title='bbox 833 797 1022 837; x_wconf 83' lang='lat' dir='ltr'><strong>abstulit.</strong></span> <span class='ocrx_word' id='word_1_94' title='bbox 1094 800 1134 827; x_wconf 79' lang='lat'><strong>38</strong></span> <span class='ocrx_word' id='word_1_95' title='bbox 1148 796 1292 846; x_wconf 85' lang='lat' dir='ltr'><strong>Dicat,</strong></span> <span class='ocrx_word' id='word_1_96' title='bbox 1329 796 1443 847; x_wconf 92' lang='lat' dir='ltr'><strong>licet,</strong></span> <span class='ocrx_word' id='word_1_97' title='bbox 1479 811 1522 837; x_wconf 89' lang='lat' dir='ltr'><strong>se</strong></span> <span class='ocrx_word' id='word_1_98' title='bbox 1562 798 1730 838; x_wconf 85' lang='lat' dir='ltr'><strong>emisse.</strong></span> 
     </span>
     <span class='ocr_line' id='line_1_13' title="bbox 297 852 1727 910; baseline 0.001 -17"><span class='ocrx_word' id='word_1_99' title='bbox 297 852 459 893; x_wconf 79' lang='lat' dir='ltr'><strong>etenim</strong></span> <span class='ocrx_word' id='word_1_100' title='bbox 495 853 565 893; x_wconf 89' lang='lat' dir='ltr'><strong>hic</strong></span> <span class='ocrx_word' id='word_1_101' title='bbox 604 862 778 909; x_wconf 85' lang='lat' dir='ltr'><strong>propter</strong></span> <span class='ocrx_word' id='word_1_102' title='bbox 815 854 1159 908; x_wconf 78' lang='lat' dir='ltr'><strong>magnitudinem</strong></span> <span class='ocrx_word' id='word_1_103' title='bbox 1186 853 1304 903; x_wconf 85' lang='lat' dir='ltr'><strong>furti,</strong></span> <span class='ocrx_word' id='word_1_104' title='bbox 1339 863 1451 903; x_wconf 91' lang='lat' dir='ltr'><strong>sunt,</strong></span> <span class='ocrx_word' id='word_1_105' title='bbox 1481 863 1529 893; x_wconf 80' lang='lat' dir='ltr'><strong>ut</strong></span> <span class='ocrx_word' id='word_1_106' title='bbox 1559 857 1727 910; x_wconf 89' lang='lat' dir='ltr'><strong>opinor,</strong></span> 
     </span>
     <span class='ocr_line' id='line_1_14' title="bbox 284 909 1727 966; baseline 0.002 -17"><span class='ocrx_word' id='word_1_107' title='bbox 284 909 506 951; x_wconf 87' lang='lat' dir='ltr'><strong>.39litterae</strong></span> <span class='ocrx_word' id='word_1_108' title='bbox 549 909 691 951; x_wconf 82' lang='lat' dir='ltr'><strong>factae.</strong></span> <span class='ocrx_word' id='word_1_109' title='bbox 723 910 855 964; x_wconf 83' lang='lat' dir='ltr'><strong>jussit</strong></span> <span class='ocrx_word' id='word_1_110' title='bbox 895 910 1213 951; x_wconf 72' lang='lat' dir='ltr'><strong>Timarchidem</strong></span> <span class='ocrx_word' id='word_1_111' title='bbox 1244 910 1455 951; x_wconf 87' lang='lat' dir='ltr'><strong>aestimare</strong></span> <span class='ocrx_word' id='word_1_112' title='bbox 1485 920 1727 966; x_wconf 83' lang='lat' dir='ltr'><strong>argentum.</strong></span> 
     </span>
     <span class='ocr_line' id='line_1_15' title="bbox 300 966 1730 1022; baseline 0.001 -16"><span class='ocrx_word' id='word_1_113' title='bbox 300 966 400 1012; x_wconf 82' lang='lat' dir='ltr'><strong>Quo</strong></span> <span class='ocrx_word' id='word_1_114' title='bbox 455 967 610 1009; x_wconf 87' lang='lat' dir='ltr'><strong>modo?</strong></span> <span class='ocrx_word' id='word_1_115' title='bbox 661 982 746 1022; x_wconf 86' lang='lat' dir='ltr'><strong>quo</strong></span> <span class='ocrx_word' id='word_1_116' title='bbox 791 968 864 1022; x_wconf 81' lang='lat' dir='ltr'><strong>qui</strong></span> <span class='ocrx_word' id='word_1_117' title='bbox 901 982 1106 1022; x_wconf 88' lang='lat' dir='ltr'><strong>umquam</strong></span> <span class='ocrx_word' id='word_1_118' title='bbox 1155 968 1404 1008; x_wconf 81' lang='lat' dir='ltr'><strong>tenuissime</strong></span> <span class='ocrx_word' id='word_1_119' title='bbox 1445 970 1487 998; x_wconf 84' lang='lat'><strong>40</strong></span> <span class='ocrx_word' id='word_1_120' title='bbox 1508 968 1551 1008; x_wconf 88' lang='lat' dir='ltr'><strong>in</strong></span> <span class='ocrx_word' id='word_1_121' title='bbox 1597 967 1730 1009; x_wconf 88' lang='lat' dir='ltr'><strong>dona-</strong></span> 
     </span>
     <span class='ocr_line' id='line_1_16' title="bbox 298 1023 1729 1081; baseline 0.001 -17"><span class='ocrx_word' id='word_1_122' title='bbox 298 1023 414 1064; x_wconf 84' lang='lat' dir='ltr'><strong>tione</strong></span> <span class='ocrx_word' id='word_1_123' title='bbox 436 1024 692 1065; x_wconf 87' lang='lat' dir='ltr'><strong>histrionum</strong></span> <span class='ocrx_word' id='word_1_124' title='bbox 716 1024 961 1065; x_wconf 85' lang='lat' dir='ltr'><strong>aestimavit.</strong></span> <span class='ocrx_word' id='word_1_125' title='bbox 1022 1024 1484 1080; x_wconf 81' lang='lat' dir='ltr'><strong>Tainetsijaindudum</strong></span> <span class='ocrx_word' id='word_1_126' title='bbox 1513 1039 1621 1075; x_wconf 80' lang='lat' dir='ltr'><strong>erro,</strong></span> <span class='ocrx_word' id='word_1_127' title='bbox 1655 1026 1729 1081; x_wconf 91' lang='lat' dir='ltr'><strong>qui</strong></span> 
     </span>
     <span class='ocr_line' id='line_1_17' title="bbox 297 1081 1728 1136; baseline 0.001 -15"><span class='ocrx_word' id='word_1_128' title='bbox 297 1090 385 1120; x_wconf 82' lang='lat' dir='ltr'><strong>tam</strong></span> <span class='ocrx_word' id='word_1_129' title='bbox 416 1081 550 1122; x_wconf 87' lang='lat' dir='ltr'><strong>multa</strong></span> <span class='ocrx_word' id='word_1_130' title='bbox 579 1081 630 1121; x_wconf 91' lang='lat' dir='ltr'><strong>de</strong></span> <span class='ocrx_word' id='word_1_131' title='bbox 667 1081 749 1122; x_wconf 86' lang='lat' dir='ltr'><strong>tuis</strong></span> <span class='ocrx_word' id='word_1_132' title='bbox 790 1081 1052 1122; x_wconf 85' lang='lat' dir='ltr'><strong>emtionibus</strong></span> <span class='ocrx_word' id='word_1_133' title='bbox 1096 1083 1225 1123; x_wconf 85' lang='lat' dir='ltr'><strong>verba</strong></span> <span class='ocrx_word' id='word_1_134' title='bbox 1260 1082 1430 1132; x_wconf 84' lang='lat' dir='ltr'><strong>faciam,</strong></span> <span class='ocrx_word' id='word_1_135' title='bbox 1463 1091 1506 1122; x_wconf 87' lang='lat' dir='ltr'><strong>et</strong></span> <span class='ocrx_word' id='word_1_136' title='bbox 1539 1097 1728 1136; x_wconf 87' lang='lat' dir='ltr'><strong>quaeram</strong></span> 
     </span>
     <span class='ocr_line' id='line_1_18' title="bbox 295 1138 1728 1194; baseline 0.002 -16"><span class='ocrx_word' id='word_1_137' title='bbox 295 1140 493 1178; x_wconf 85' lang='lat' dir='ltr'><strong>41utrum</strong></span> <span class='ocrx_word' id='word_1_138' title='bbox 524 1139 690 1188; x_wconf 87' lang='lat' dir='ltr'><strong>emeris,</strong></span> <span class='ocrx_word' id='word_1_139' title='bbox 725 1147 770 1178; x_wconf 87' lang='lat' dir='ltr'><strong>et</strong></span> <span class='ocrx_word' id='word_1_140' title='bbox 803 1139 1036 1193; x_wconf 87' lang='lat' dir='ltr'><strong>quomodo,</strong></span> <span class='ocrx_word' id='word_1_141' title='bbox 1072 1147 1114 1178; x_wconf 88' lang='lat' dir='ltr'><strong>et</strong></span> <span class='ocrx_word' id='word_1_142' title='bbox 1155 1139 1304 1193; x_wconf 86' lang='lat' dir='ltr'><strong>quanti</strong></span> <span class='ocrx_word' id='word_1_143' title='bbox 1339 1138 1513 1180; x_wconf 87' lang='lat' dir='ltr'><strong>emeris:</strong></span> <span class='ocrx_word' id='word_1_144' title='bbox 1558 1140 1728 1194; x_wconf 76' lang='lat' dir='ltr'><strong>42qu0d</strong></span> 
     </span>
     <span class='ocr_line' id='line_1_19' title="bbox 296 1195 1727 1252; baseline 0.002 -18"><span class='ocrx_word' id='word_1_145' title='bbox 296 1195 429 1235; x_wconf 86' lang='lat' dir='ltr'><strong>verbo</strong></span> <span class='ocrx_word' id='word_1_146' title='bbox 452 1195 685 1251; x_wconf 76' lang='lat' dir='ltr'><strong>transigere</strong></span> <span class='ocrx_word' id='word_1_147' title='bbox 708 1210 897 1251; x_wconf 88' lang='lat' dir='ltr'><strong>possum.</strong></span> <span class='ocrx_word' id='word_1_148' title='bbox 950 1195 1040 1236; x_wconf 86' lang='lat' dir='ltr'><strong>Ede</strong></span> <span class='ocrx_word' id='word_1_149' title='bbox 1061 1196 1166 1236; x_wconf 84' lang='lat' dir='ltr'><strong>mihi</strong></span> <span class='ocrx_word' id='word_1_150' title='bbox 1190 1196 1412 1251; x_wconf 87' lang='lat' dir='ltr'><strong>seriptum,</strong></span> <span class='ocrx_word' id='word_1_151' title='bbox 1434 1196 1536 1251; x_wconf 89' lang='lat' dir='ltr'><strong>quid</strong></span> <span class='ocrx_word' id='word_1_152' title='bbox 1559 1197 1727 1252; x_wconf 85' lang='lat' dir='ltr'><strong>argenti</strong></span> 
     </span>
     <span class='ocr_line' id='line_1_20' title="bbox 297 1250 1729 1307; baseline 0.003 -17"><span class='ocrx_word' id='word_1_153' title='bbox 297 1250 340 1290; x_wconf 91' lang='lat' dir='ltr'><strong>in</strong></span> <span class='ocrx_word' id='word_1_154' title='bbox 364 1253 586 1306; x_wconf 87' lang='lat' dir='ltr'><strong>provincia</strong></span> <span class='ocrx_word' id='word_1_155' title='bbox 606 1252 754 1293; x_wconf 84' lang='lat' dir='ltr'><strong>Sicilia</strong></span> <span class='ocrx_word' id='word_1_156' title='bbox 782 1252 956 1307; x_wconf 81' lang='lat' dir='ltr'><strong>parariS,</strong></span> <span class='ocrx_word' id='word_1_157' title='bbox 977 1253 1090 1293; x_wconf 86' lang='lat' dir='ltr'><strong>unde</strong></span> <span class='ocrx_word' id='word_1_158' title='bbox 1119 1253 1322 1307; x_wconf 88' lang='lat' dir='ltr'><strong>quidque,</strong></span> <span class='ocrx_word' id='word_1_159' title='bbox 1341 1261 1414 1293; x_wconf 87' lang='lat' dir='ltr'><strong>aut</strong></span> <span class='ocrx_word' id='word_1_160' title='bbox 1443 1253 1593 1307; x_wconf 89' lang='lat' dir='ltr'><strong>quanti</strong></span> <span class='ocrx_word' id='word_1_161' title='bbox 1615 1267 1729 1295; x_wconf 87' lang='lat' dir='ltr'><strong>eme-</strong></span> 
     </span>
     <span class='ocr_line' id='line_1_21' title="bbox 234 1308 1727 1365; baseline 0.003 -18"><span class='ocrx_word' id='word_1_162' title='bbox 234 1314 285 1348; x_wconf 82' lang='grc'><strong>36</strong></span> <span class='ocrx_word' id='word_1_163' title='bbox 298 1308 368 1349; x_wconf 72' lang='lat' dir='ltr'><strong>ris,</strong></span> <span class='ocrx_word' id='word_1_164' title='bbox 429 1310 546 1356; x_wconf 82' lang='lat' dir='ltr'><strong>Quid</strong></span> <span class='ocrx_word' id='word_1_165' title='bbox 565 1309 644 1352; x_wconf 80' lang='lat' dir='ltr'><strong>fit?</strong></span> <span class='ocrx_word' id='word_1_166' title='bbox 675 1324 934 1364; x_wconf 86' lang='lat' dir='ltr'><strong>quamquam</strong></span> <span class='ocrx_word' id='word_1_167' title='bbox 956 1325 1042 1350; x_wconf 90' lang='lat' dir='ltr'><strong>non</strong></span> <span class='ocrx_word' id='word_1_168' title='bbox 1064 1310 1274 1350; x_wconf 84' lang='lat' dir='ltr'><strong>debebam</strong></span> <span class='ocrx_word' id='word_1_169' title='bbox 1295 1324 1376 1365; x_wconf 86' lang='lat' dir='ltr'><strong>ego</strong></span> <span class='ocrx_word' id='word_1_170' title='bbox 1398 1310 1473 1350; x_wconf 86' lang='lat' dir='ltr'><strong>abs</strong></span> <span class='ocrx_word' id='word_1_171' title='bbox 1497 1320 1538 1351; x_wconf 89' lang='lat' dir='ltr'><strong>te</strong></span> <span class='ocrx_word' id='word_1_172' title='bbox 1559 1309 1635 1351; x_wconf 89' lang='lat' dir='ltr'><strong>has</strong></span> <span class='ocrx_word' id='word_1_173' title='bbox 1657 1310 1727 1352; x_wconf 86' lang='lat' dir='ltr'><strong>lit-</strong></span> 
     </span>
     <span class='ocr_line' id='line_1_22' title="bbox 297 1366 1726 1423; baseline 0.003 -18"><span class='ocrx_word' id='word_1_174' title='bbox 297 1373 405 1407; x_wconf 85' lang='lat' dir='ltr'><strong>teras</strong></span> <span class='ocrx_word' id='word_1_175' title='bbox 439 1381 638 1422; x_wconf 86' lang='lat' dir='ltr'><strong>poscere:</strong></span> <span class='ocrx_word' id='word_1_176' title='bbox 670 1381 738 1407; x_wconf 90' lang='lat' dir='ltr'><strong>me</strong></span> <span class='ocrx_word' id='word_1_177' title='bbox 770 1367 884 1407; x_wconf 85' lang='lat' dir='ltr'><strong>enim</strong></span> <span class='ocrx_word' id='word_1_178' title='bbox 930 1366 1096 1408; x_wconf 83' lang='lat' dir='ltr'><strong>tabulas</strong></span> <span class='ocrx_word' id='word_1_179' title='bbox 1134 1376 1225 1407; x_wconf 88' lang='lat' dir='ltr'><strong>tuas</strong></span> <span class='ocrx_word' id='word_1_180' title='bbox 1262 1367 1419 1408; x_wconf 85' lang='lat' dir='ltr'><strong>habere</strong></span> <span class='ocrx_word' id='word_1_181' title='bbox 1459 1377 1504 1408; x_wconf 83' lang='lat' dir='ltr'><strong>et</strong></span> <span class='ocrx_word' id='word_1_182' title='bbox 1536 1366 1726 1423; x_wconf 84' lang='lat' dir='ltr'><strong>proferre</strong></span> 
     </span>
     <span class='ocr_line' id='line_1_23' title="bbox 294 1423 1728 1479; baseline 0.003 -17"><span class='ocrx_word' id='word_1_183' title='bbox 294 1425 537 1478; x_wconf 86' lang='lat' dir='ltr'><strong>oportebat.</strong></span> <span class='ocrx_word' id='word_1_184' title='bbox 597 1423 757 1464; x_wconf 85' lang='lat' dir='ltr'><strong>Verum</strong></span> <span class='ocrx_word' id='word_1_185' title='bbox 788 1438 919 1479; x_wconf 81' lang='lat' dir='ltr'><strong>negas</strong></span> <span class='ocrx_word' id='word_1_186' title='bbox 954 1432 995 1464; x_wconf 88' lang='lat' dir='ltr'><strong>te</strong></span> <span class='ocrx_word' id='word_1_187' title='bbox 1017 1424 1171 1464; x_wconf 90' lang='lat' dir='ltr'><strong>horum</strong></span> <span class='ocrx_word' id='word_1_188' title='bbox 1193 1439 1403 1465; x_wconf 86' lang='lat' dir='ltr'><strong>annorum</strong></span> <span class='ocrx_word' id='word_1_189' title='bbox 1437 1424 1604 1479; x_wconf 86' lang='lat' dir='ltr'><strong>aliquot</strong></span> <span class='ocrx_word' id='word_1_190' title='bbox 1624 1439 1728 1466; x_wconf 92' lang='lat' dir='ltr'><strong>con-</strong></span> 
     </span>
     <span class='ocr_line' id='line_1_24' title="bbox 294 1478 1725 1538; baseline 0.003 -19"><span class='ocrx_word' id='word_1_191' title='bbox 294 1478 460 1522; x_wconf 81' lang='lat' dir='ltr'><strong>fecisse.</strong></span> <span class='ocrx_word' id='word_1_192' title='bbox 493 1481 718 1536; x_wconf 88' lang='lat' dir='ltr'><strong>Compone</strong></span> <span class='ocrx_word' id='word_1_193' title='bbox 741 1481 836 1531; x_wconf 85' lang='lat' dir='ltr'><strong>hoc,</strong></span> <span class='ocrx_word' id='word_1_194' title='bbox 851 1481 964 1535; x_wconf 84' lang='lat' dir='ltr'><strong>quod</strong></span> <span class='ocrx_word' id='word_1_195' title='bbox 981 1481 1166 1537; x_wconf 85' lang='lat' dir='ltr'><strong>postulo,</strong></span> <span class='ocrx_word' id='word_1_196' title='bbox 1189 1482 1240 1521; x_wconf 91' lang='lat' dir='ltr'><strong>de</strong></span> <span class='ocrx_word' id='word_1_197' title='bbox 1259 1491 1464 1537; x_wconf 82' lang='lat' dir='ltr'><strong>argento:</strong></span> <span class='ocrx_word' id='word_1_198' title='bbox 1496 1482 1548 1522; x_wconf 92' lang='lat' dir='ltr'><strong>de</strong></span> <span class='ocrx_word' id='word_1_199' title='bbox 1562 1481 1725 1538; x_wconf 87' lang='lat' dir='ltr'><strong>reliquo</strong></span> 
     </span>
     <span class='ocr_line' id='line_1_25' title="bbox 291 1537 1726 1592; baseline 0.001 -15"><span class='ocrx_word' id='word_1_200' title='bbox 291 1537 453 1578; x_wconf 91' lang='lat' dir='ltr'><strong>videro.</strong></span> <span class='ocrx_word' id='word_1_201' title='bbox 516 1538 601 1578; x_wconf 81' lang='lat' dir='ltr'><strong>Nec</strong></span> <span class='ocrx_word' id='word_1_202' title='bbox 629 1538 821 1591; x_wconf 75' lang='lat' dir='ltr'><strong>scriptum</strong></span> <span class='ocrx_word' id='word_1_203' title='bbox 842 1538 982 1588; x_wconf 78' lang='lat' dir='ltr'><strong>habeo,</strong></span> <span class='ocrx_word' id='word_1_204' title='bbox 1013 1553 1082 1579; x_wconf 77' lang='lat' dir='ltr'><strong>nec</strong></span> <span class='ocrx_word' id='word_1_205' title='bbox 1101 1553 1261 1592; x_wconf 81' lang='lat' dir='ltr'><strong>possum</strong></span> <span class='ocrx_word' id='word_1_206' title='bbox 1283 1537 1409 1578; x_wconf 83' lang='lat' dir='ltr'><strong>edere.</strong></span> <span class='ocrx_word' id='word_1_207' title='bbox 1469 1538 1586 1585; x_wconf 81' lang='lat' dir='ltr'><strong>Quid</strong></span> <span class='ocrx_word' id='word_1_208' title='bbox 1609 1538 1726 1580; x_wconf 84' lang='lat' dir='ltr'><strong>futu-</strong></span> 
     </span>
     <span class='ocr_line' id='line_1_26' title="bbox 292 1593 1725 1651; baseline 0.002 -17"><span class='ocrx_word' id='word_1_209' title='bbox 292 1608 387 1635; x_wconf 90' lang='lat' dir='ltr'><strong>rum</strong></span> <span class='ocrx_word' id='word_1_210' title='bbox 408 1595 540 1650; x_wconf 78' lang='lat' dir='ltr'><strong>igitur</strong></span> <span class='ocrx_word' id='word_1_211' title='bbox 561 1597 651 1635; x_wconf 85' lang='lat' dir='ltr'><strong>est?</strong></span> <span class='ocrx_word' id='word_1_212' title='bbox 685 1595 802 1641; x_wconf 82' lang='lat' dir='ltr'><strong>Quid</strong></span> <span class='ocrx_word' id='word_1_213' title='bbox 824 1595 1045 1636; x_wconf 82' lang='lat' dir='ltr'><strong>existimas</strong></span> <span class='ocrx_word' id='word_1_214' title='bbox 1069 1596 1198 1636; x_wconf 89' lang='lat' dir='ltr'><strong>hosce</strong></span> <span class='ocrx_word' id='word_1_215' title='bbox 1213 1596 1383 1650; x_wconf 82' lang='lat' dir='ltr'><strong>judices</strong></span> <span class='ocrx_word' id='word_1_216' title='bbox 1413 1593 1551 1636; x_wconf 86' lang='lat' dir='ltr'><strong>facere</strong></span> <span class='ocrx_word' id='word_1_217' title='bbox 1574 1599 1725 1651; x_wconf 84' lang='lat' dir='ltr'><strong>posse?</strong></span> 
     </span>
     <span class='ocr_line' id='line_1_27' title="bbox 293 1650 1725 1708; baseline 0.002 -17"><span class='ocrx_word' id='word_1_218' title='bbox 293 1650 461 1692; x_wconf 89' lang='lat' dir='ltr'><strong>Domus</strong></span> <span class='ocrx_word' id='word_1_219' title='bbox 504 1652 629 1708; x_wconf 87' lang='lat' dir='ltr'><strong>plena</strong></span> <span class='ocrx_word' id='word_1_220' title='bbox 669 1651 889 1707; x_wconf 81' lang='lat' dir='ltr'><strong>signorum</strong></span> <span class='ocrx_word' id='word_1_221' title='bbox 926 1652 1308 1707; x_wconf 87' lang='lat' dir='ltr'><strong>pulcherrimorum</strong></span> <span class='ocrx_word' id='word_1_222' title='bbox 1333 1652 1427 1707; x_wconf 87' lang='lat' dir='ltr'><strong>jam</strong></span> <span class='ocrx_word' id='word_1_223' title='bbox 1459 1652 1590 1693; x_wconf 89' lang='lat' dir='ltr'><strong>etiam</strong></span> <span class='ocrx_word' id='word_1_224' title='bbox 1625 1662 1725 1695; x_wconf 85' lang='lat' dir='ltr'><strong>ante</strong></span> 
     </span>
     <span class='ocr_line' id='line_1_28' title="bbox 290 1708 1725 1765; baseline 0.002 -17"><span class='ocrx_word' id='word_1_225' title='bbox 290 1718 543 1764; x_wconf 68' lang='lat' dir='ltr'><strong>praeturam:</strong></span> <span class='ocrx_word' id='word_1_226' title='bbox 575 1708 710 1749; x_wconf 89' lang='lat' dir='ltr'><strong>multa</strong></span> <span class='ocrx_word' id='word_1_227' title='bbox 739 1709 791 1749; x_wconf 86' lang='lat' dir='ltr'><strong>ad</strong></span> <span class='ocrx_word' id='word_1_228' title='bbox 825 1709 941 1749; x_wconf 83' lang='lat' dir='ltr'><strong>villas</strong></span> <span class='ocrx_word' id='word_1_229' title='bbox 969 1717 1062 1749; x_wconf 86' lang='lat' dir='ltr'><strong>tuas</strong></span> <span class='ocrx_word' id='word_1_230' title='bbox 1085 1710 1240 1765; x_wconf 85' lang='lat' dir='ltr'><strong>posita,</strong></span> <span class='ocrx_word' id='word_1_231' title='bbox 1270 1710 1383 1765; x_wconf 87' lang='lat' dir='ltr'><strong>apud</strong></span> <span class='ocrx_word' id='word_1_232' title='bbox 1406 1710 1567 1750; x_wconf 88' lang='lat' dir='ltr'><strong>amicos</strong></span> <span class='ocrx_word' id='word_1_233' title='bbox 1589 1709 1725 1752; x_wconf 84' lang='lat' dir='ltr'><strong>multa</strong></span> 
     </span>
     <span class='ocr_line' id='line_1_29' title="bbox 290 1765 1724 1822; baseline 0.001 -16"><span class='ocrx_word' id='word_1_234' title='bbox 290 1766 499 1821; x_wconf 79' lang='lat' dir='ltr'><strong>deposita,</strong></span> <span class='ocrx_word' id='word_1_235' title='bbox 521 1765 656 1806; x_wconf 88' lang='lat' dir='ltr'><strong>multa</strong></span> <span class='ocrx_word' id='word_1_236' title='bbox 686 1765 778 1806; x_wconf 84' lang='lat' dir='ltr'><strong>aliis</strong></span> <span class='ocrx_word' id='word_1_237' title='bbox 801 1766 900 1808; x_wconf 88' lang='lat' dir='ltr'><strong>data</strong></span> <span class='ocrx_word' id='word_1_238' title='bbox 931 1775 1060 1822; x_wconf 86' lang='lat' dir='ltr'><strong>atque</strong></span> <span class='ocrx_word' id='word_1_239' title='bbox 1081 1767 1260 1808; x_wconf 85' lang='lat' dir='ltr'><strong>donata:</strong></span> <span class='ocrx_word' id='word_1_240' title='bbox 1292 1765 1450 1807; x_wconf 86' lang='lat' dir='ltr'><strong>tabulae</strong></span> <span class='ocrx_word' id='word_1_241' title='bbox 1473 1765 1636 1807; x_wconf 92' lang='lat' dir='ltr'><strong>nullum</strong></span> <span class='ocrx_word' id='word_1_242' title='bbox 1658 1767 1724 1808; x_wconf 89' lang='lat' dir='ltr'><strong>in-</strong></span> 
     </span>
     <span class='ocr_line' id='line_1_30' title="bbox 288 1823 1721 1879; baseline 0.004 -17"><span class='ocrx_word' id='word_1_243' title='bbox 288 1823 436 1863; x_wconf 82' lang='lat' dir='ltr'><strong>dicant</strong></span> <span class='ocrx_word' id='word_1_244' title='bbox 475 1832 651 1864; x_wconf 87' lang='lat' dir='ltr'><strong>emtum.</strong></span> <span class='ocrx_word' id='word_1_245' title='bbox 694 1838 820 1864; x_wconf 89' lang='lat' dir='ltr'><strong>omne</strong></span> <span class='ocrx_word' id='word_1_246' title='bbox 862 1833 1087 1879; x_wconf 80' lang='lat' dir='ltr'><strong>argentum</strong></span> <span class='ocrx_word' id='word_1_247' title='bbox 1123 1824 1311 1865; x_wconf 84' lang='lat' dir='ltr'><strong>ablatum</strong></span> <span class='ocrx_word' id='word_1_248' title='bbox 1353 1837 1408 1864; x_wconf 85' lang='lat' dir='ltr'><strong>ex</strong></span> <span class='ocrx_word' id='word_1_249' title='bbox 1445 1823 1593 1864; x_wconf 85' lang='lat' dir='ltr'><strong>Sicilia</strong></span> <span class='ocrx_word' id='word_1_250' title='bbox 1631 1833 1721 1868; x_wconf 88' lang='lat' dir='ltr'><strong>est:</strong></span> 
     </span>
     <span class='ocr_line' id='line_1_31' title="bbox 289 1879 1722 1936; baseline 0.002 -16"><span class='ocrx_word' id='word_1_251' title='bbox 289 1879 397 1920; x_wconf 91' lang='lat' dir='ltr'><strong>nihil</strong></span> <span class='ocrx_word' id='word_1_252' title='bbox 428 1880 643 1935; x_wconf 87' lang='lat' dir='ltr'><strong>cuiquam,</strong></span> <span class='ocrx_word' id='word_1_253' title='bbox 665 1880 781 1935; x_wconf 91' lang='lat' dir='ltr'><strong>quod</strong></span> <span class='ocrx_word' id='word_1_254' title='bbox 815 1895 938 1920; x_wconf 89' lang='lat' dir='ltr'><strong>suum</strong></span> <span class='ocrx_word' id='word_1_255' title='bbox 970 1881 1055 1922; x_wconf 87' lang='lat' dir='ltr'><strong>dici</strong></span> <span class='ocrx_word' id='word_1_256' title='bbox 1079 1881 1218 1932; x_wconf 86' lang='lat' dir='ltr'><strong>vellet,</strong></span> <span class='ocrx_word' id='word_1_257' title='bbox 1250 1881 1461 1922; x_wconf 79' lang='lat' dir='ltr'><strong>relictum.</strong></span> <span class='ocrx_word' id='word_1_258' title='bbox 1523 1880 1722 1936; x_wconf 85' lang='lat' dir='ltr'><strong>Fingitur</strong></span> 
     </span>
     <span class='ocr_line' id='line_1_32' title="bbox 288 1936 1721 1994; baseline 0.003 -18"><span class='ocrx_word' id='word_1_259' title='bbox 288 1936 487 1994; x_wconf 87' lang='lat' dir='ltr'><strong>improba</strong></span> <span class='ocrx_word' id='word_1_260' title='bbox 510 1937 717 1989; x_wconf 84' lang='lat' dir='ltr'><strong>defensio,</strong></span> <span class='ocrx_word' id='word_1_261' title='bbox 740 1947 969 1994; x_wconf 80' lang='lat' dir='ltr'><strong>praetorem</strong></span> <span class='ocrx_word' id='word_1_262' title='bbox 1000 1951 1127 1978; x_wconf 88' lang='lat' dir='ltr'><strong>omne</strong></span> <span class='ocrx_word' id='word_1_263' title='bbox 1160 1938 1203 1979; x_wconf 89' lang='lat' dir='ltr'><strong>id</strong></span> <span class='ocrx_word' id='word_1_264' title='bbox 1237 1946 1464 1994; x_wconf 86' lang='lat' dir='ltr'><strong>argentum</strong></span> <span class='ocrx_word' id='word_1_265' title='bbox 1483 1937 1721 1982; x_wconf 72' lang='lat' dir='ltr'><strong>coemisse:</strong></span> 
     </span>
    </p>
   </div>
   <div class='ocr_carea' id='block_1_3' title="bbox 285 2062 1720 2147">
    <p class='ocr_par' dir='ltr' id='par_1_4' title="bbox 285 2062 1720 2147">
     <span class='ocr_line' id='line_1_33' title="bbox 328 2062 1699 2104; baseline 0 -10"><span class='ocrx_word' id='word_1_266' title='bbox 328 2065 369 2094; x_wconf 87' lang='lat'><strong>35</strong></span> <span class='ocrx_word' id='word_1_267' title='bbox 391 2064 562 2103; x_wconf 76' lang='lat' dir='ltr'><strong>quisquam</strong></span> <span class='ocrx_word' id='word_1_268' title='bbox 578 2062 725 2103; x_wconf 79' lang='lat' dir='ltr'><strong>putabit]</strong></span> <span class='ocrx_word' id='word_1_269' title='bbox 759 2064 798 2094; x_wconf 91' lang='lat' dir='ltr'><strong>In</strong></span> <span class='ocrx_word' id='word_1_270' title='bbox 813 2063 861 2094; x_wconf 86' lang='lat' dir='ltr'><strong>ed.</strong></span> <span class='ocrx_word' id='word_1_271' title='bbox 885 2063 980 2094; x_wconf 81' lang='lat' dir='ltr'><strong>Grut.</strong></span> <span class='ocrx_word' id='word_1_272' title='bbox 1023 2063 1128 2094; x_wconf 84' lang='lat' dir='ltr'><strong>relata</strong></span> <span class='ocrx_word' id='word_1_273' title='bbox 1139 2068 1189 2094; x_wconf 90' lang='lat' dir='ltr'><strong>est</strong></span> <span class='ocrx_word' id='word_1_274' title='bbox 1205 2073 1262 2104; x_wconf 86' lang='lat' dir='ltr'><strong>pro</strong></span> <span class='ocrx_word' id='word_1_275' title='bbox 1278 2064 1436 2101; x_wconf 85' lang='lat' dir='ltr'><strong>emtione,</strong></span> <span class='ocrx_word' id='word_1_276' title='bbox 1451 2073 1480 2093; x_wconf 92' lang='lat' dir='ltr'><strong>v.</strong></span> <span class='ocrx_word' id='word_1_277' title='bbox 1492 2072 1591 2104; x_wconf 86' lang='lat' dir='ltr'><strong>supra</strong></span> <span class='ocrx_word' id='word_1_278' title='bbox 1604 2074 1632 2094; x_wconf 92' lang='lat' dir='ltr'><strong>c.</strong></span> <span class='ocrx_word' id='word_1_279' title='bbox 1651 2067 1699 2097; x_wconf 75' lang='grc'><strong>12.</strong></span> 
     </span>
     <span class='ocr_line' id='line_1_34' title="bbox 285 2103 1720 2147; baseline -0.001 -12"><span class='ocrx_word' id='word_1_280' title='bbox 285 2109 320 2135; x_wconf 77' lang='lat' dir='ltr'><strong>et</strong></span> <span class='ocrx_word' id='word_1_281' title='bbox 336 2103 437 2136; x_wconf 88' lang='lat' dir='ltr'><strong>Gron.</strong></span> <span class='ocrx_word' id='word_1_282' title='bbox 451 2105 537 2137; x_wconf 86' lang='lat' dir='ltr'><strong>male</strong></span> <span class='ocrx_word' id='word_1_283' title='bbox 559 2107 688 2147; x_wconf 85' lang='lat' dir='ltr'><strong>irrepsit</strong></span> <span class='ocrx_word' id='word_1_284' title='bbox 697 2108 842 2146; x_wconf 75' lang='lat' dir='ltr'><strong>putavit.</strong></span> <span class='ocrx_word' id='word_1_285' title='bbox 865 2111 915 2136; x_wconf 87' lang='lat' dir='ltr'><strong>est</strong></span> <span class='ocrx_word' id='word_1_286' title='bbox 934 2106 981 2136; x_wconf 91' lang='lat' dir='ltr'><strong>vi-</strong></span> <span class='ocrx_word' id='word_1_287' title='bbox 1065 2109 1106 2136; x_wconf 78' lang='lat'><strong>40</strong></span> <span class='ocrx_word' id='word_1_288' title='bbox 1128 2108 1163 2136; x_wconf 80' lang='lat' dir='ltr'><strong>in</strong></span> <span class='ocrx_word' id='word_1_289' title='bbox 1183 2107 1352 2136; x_wconf 66' lang='lat' dir='ltr'><strong>donatione</strong></span> <span class='ocrx_word' id='word_1_290' title='bbox 1377 2106 1584 2146; x_wconf 77' lang='lat' dir='ltr'><strong>histrionum]</strong></span> <span class='ocrx_word' id='word_1_291' title='bbox 1612 2106 1720 2137; x_wconf 78' lang='lat' dir='ltr'><strong>Hoto.</strong></span> 
     </span>
    </p>
   </div>
   <div class='ocr_carea' id='block_1_4' title="bbox 282 2148 984 2904">
    <p class='ocr_par' dir='ltr' id='par_1_5' title="bbox 286 2148 568 2188">
     <span class='ocr_line' id='line_1_35' title="bbox 286 2148 568 2188; baseline 0 -10"><span class='ocrx_word' id='word_1_292' title='bbox 286 2148 373 2178; x_wconf 87' lang='lat' dir='ltr'><strong>tium</strong></span> <span class='ocrx_word' id='word_1_293' title='bbox 385 2158 568 2188; x_wconf 85' lang='lat' dir='ltr'><strong>operarum.</strong></span> 
     </span>
    </p>

    <p class='ocr_par' dir='ltr' id='par_1_6' title="bbox 287 2189 984 2305">
     <span class='ocr_line' id='line_1_36' title="bbox 329 2189 981 2230; baseline 0.002 -10"><span class='ocrx_word' id='word_1_294' title='bbox 329 2190 370 2220; x_wconf 89' lang='grc'><strong>36</strong></span> <span class='ocrx_word' id='word_1_295' title='bbox 392 2191 441 2220; x_wconf 75' lang='lat' dir='ltr'><strong>uti</strong></span> <span class='ocrx_word' id='word_1_296' title='bbox 464 2191 648 2230; x_wconf 75' lang='lat' dir='ltr'><strong>Lilyboeum</strong></span> <span class='ocrx_word' id='word_1_297' title='bbox 674 2189 747 2229; x_wconf 62' lang='grc' dir='ltr'><strong>δια]</strong></span> <span class='ocrx_word' id='word_1_298' title='bbox 774 2189 918 2230; x_wconf 80' lang='lat' dir='ltr'><strong>Respicit</strong></span> <span class='ocrx_word' id='word_1_299' title='bbox 941 2190 981 2221; x_wconf 87' lang='lat' dir='ltr'><strong>ad</strong></span> 
     </span>
     <span class='ocr_line' id='line_1_37' title="bbox 288 2232 984 2273; baseline 0.001 -12"><span class='ocrx_word' id='word_1_300' title='bbox 288 2232 496 2272; x_wconf 86' lang='lat' dir='ltr'><strong>Pamphilum</strong></span> <span class='ocrx_word' id='word_1_301' title='bbox 520 2243 547 2263; x_wconf 93' lang='lat' dir='ltr'><strong>c.</strong></span> <span class='ocrx_word' id='word_1_302' title='bbox 574 2235 622 2263; x_wconf 87' lang='lat'><strong>15.</strong></span> <span class='ocrx_word' id='word_1_303' title='bbox 645 2233 716 2263; x_wconf 86' lang='lat' dir='ltr'><strong>init.</strong></span> <span class='ocrx_word' id='word_1_304' title='bbox 741 2232 797 2271; x_wconf 86' lang='lat' dir='ltr'><strong>qui</strong></span> <span class='ocrx_word' id='word_1_305' title='bbox 818 2232 984 2273; x_wconf 69' lang='lat' dir='ltr'><strong>Lilybeta-</strong></span> 
     </span>
     <span class='ocr_line' id='line_1_38' title="bbox 287 2279 445 2305; baseline -0.006 0"><span class='ocrx_word' id='word_1_306' title='bbox 287 2284 350 2305; x_wconf 87' lang='lat' dir='ltr'><strong>nus</strong></span> <span class='ocrx_word' id='word_1_307' title='bbox 364 2279 445 2305; x_wconf 82' lang='lat' dir='ltr'><strong>erat.</strong></span> 
     </span>
    </p>

    <p class='ocr_par' dir='ltr' id='par_1_7' title="bbox 283 2315 983 2693">
     <span class='ocr_line' id='line_1_39' title="bbox 330 2315 983 2356; baseline 0 -10"><span class='ocrx_word' id='word_1_308' title='bbox 330 2319 369 2349; x_wconf 78' lang='lat'><strong>37</strong></span> <span class='ocrx_word' id='word_1_309' title='bbox 394 2316 544 2356; x_wconf 66' lang='lat' dir='ltr'><strong>Popilius</strong></span> <span class='ocrx_word' id='word_1_310' title='bbox 557 2316 758 2355; x_wconf 78' lang='lat' dir='ltr'><strong>cognomine]</strong></span> <span class='ocrx_word' id='word_1_311' title='bbox 784 2315 860 2346; x_wconf 85' lang='lat' dir='ltr'><strong>Fuit</strong></span> <span class='ocrx_word' id='word_1_312' title='bbox 879 2326 923 2347; x_wconf 88' lang='lat' dir='ltr'><strong>sc.</strong></span> <span class='ocrx_word' id='word_1_313' title='bbox 939 2317 983 2346; x_wconf 86' lang='lat' dir='ltr'><strong>ci-</strong></span> 
     </span>
     <span class='ocr_line' id='line_1_40' title="bbox 287 2358 982 2399; baseline 0.001 -11"><span class='ocrx_word' id='word_1_314' title='bbox 287 2359 333 2388; x_wconf 88' lang='lat' dir='ltr'><strong>vis</strong></span> <span class='ocrx_word' id='word_1_315' title='bbox 349 2359 517 2389; x_wconf 82' lang='lat' dir='ltr'><strong>Romanus</strong></span> <span class='ocrx_word' id='word_1_316' title='bbox 526 2359 631 2389; x_wconf 83' lang='lat' dir='ltr'><strong>faetus</strong></span> <span class='ocrx_word' id='word_1_317' title='bbox 644 2369 702 2399; x_wconf 86' lang='lat' dir='ltr'><strong>per</strong></span> <span class='ocrx_word' id='word_1_318' title='bbox 711 2358 871 2398; x_wconf 84' lang='lat' dir='ltr'><strong>Popilium</strong></span> <span class='ocrx_word' id='word_1_319' title='bbox 882 2369 982 2398; x_wconf 87' lang='lat' dir='ltr'><strong>quen·</strong></span> 
     </span>
     <span class='ocr_line' id='line_1_41' title="bbox 285 2400 979 2440; baseline 0.003 -10"><span class='ocrx_word' id='word_1_320' title='bbox 285 2400 370 2431; x_wconf 49' lang='lat' dir='ltr'><strong>dam·</strong></span> <span class='ocrx_word' id='word_1_321' title='bbox 422 2401 614 2440; x_wconf 77' lang='lat' dir='ltr'><strong>Cognomine</strong></span> <span class='ocrx_word' id='word_1_322' title='bbox 630 2401 833 2431; x_wconf 85' lang='lat' dir='ltr'><strong>referendum</strong></span> <span class='ocrx_word' id='word_1_323' title='bbox 849 2401 888 2431; x_wconf 81' lang='lat' dir='ltr'><strong>ad</strong></span> <span class='ocrx_word' id='word_1_324' title='bbox 909 2412 979 2432; x_wconf 91' lang='lat' dir='ltr'><strong>mo-</strong></span> 
     </span>
     <span class='ocr_line' id='line_1_42' title="bbox 285 2442 979 2483; baseline 0.001 -11"><span class='ocrx_word' id='word_1_325' title='bbox 285 2452 355 2472; x_wconf 75' lang='lat' dir='ltr'><strong>rem</strong></span> <span class='ocrx_word' id='word_1_326' title='bbox 381 2442 582 2480; x_wconf 83' lang='lat' dir='ltr'><strong>Graecorum,</strong></span> <span class='ocrx_word' id='word_1_327' title='bbox 610 2444 665 2483; x_wconf 83' lang='lat' dir='ltr'><strong>qui</strong></span> <span class='ocrx_word' id='word_1_328' title='bbox 688 2443 829 2473; x_wconf 88' lang='lat' dir='ltr'><strong>latinum</strong></span> <span class='ocrx_word' id='word_1_329' title='bbox 859 2453 979 2474; x_wconf 90' lang='lat' dir='ltr'><strong>nomen</strong></span> 
     </span>
     <span class='ocr_line' id='line_1_43' title="bbox 285 2485 980 2525; baseline 0.003 -11"><span class='ocrx_word' id='word_1_330' title='bbox 285 2495 344 2525; x_wconf 86' lang='lat' dir='ltr'><strong>pro</strong></span> <span class='ocrx_word' id='word_1_331' title='bbox 363 2486 558 2523; x_wconf 80' lang='lat' dir='ltr'><strong>cognomine</strong></span> <span class='ocrx_word' id='word_1_332' title='bbox 575 2485 750 2522; x_wconf 85' lang='lat' dir='ltr'><strong>addebant,</strong></span> <span class='ocrx_word' id='word_1_333' title='bbox 773 2490 812 2515; x_wconf 84' lang='lat' dir='ltr'><strong>ut</strong></span> <span class='ocrx_word' id='word_1_334' title='bbox 835 2485 980 2516; x_wconf 74' lang='lat' dir='ltr'><strong>Herodes</strong></span> 
     </span>
     <span class='ocr_line' id='line_1_44' title="bbox 284 2527 980 2566; baseline 0.001 -9"><span class='ocrx_word' id='word_1_335' title='bbox 284 2527 444 2566; x_wconf 73' lang='lat' dir='ltr'><strong>Agrippa.</strong></span> <span class='ocrx_word' id='word_1_336' title='bbox 467 2527 579 2558; x_wconf 87' lang='lat' dir='ltr'><strong>Latini</strong></span> <span class='ocrx_word' id='word_1_337' title='bbox 602 2537 746 2566; x_wconf 84' lang='lat' dir='ltr'><strong>graecum</strong></span> <span class='ocrx_word' id='word_1_338' title='bbox 768 2531 860 2557; x_wconf 80' lang='lat' dir='ltr'><strong>vetus</strong></span> <span class='ocrx_word' id='word_1_339' title='bbox 883 2528 980 2558; x_wconf 87' lang='lat' dir='ltr'><strong>facie-</strong></span> 
     </span>
     <span class='ocr_line' id='line_1_45' title="bbox 285 2569 977 2610; baseline 0.001 -12"><span class='ocrx_word' id='word_1_340' title='bbox 285 2569 365 2598; x_wconf 86' lang='lat' dir='ltr'><strong>bant</strong></span> <span class='ocrx_word' id='word_1_341' title='bbox 378 2574 623 2606; x_wconf 62' lang='lat' dir='ltr'><strong>cognomemut</strong></span> <span class='ocrx_word' id='word_1_342' title='bbox 637 2570 722 2600; x_wconf 87' lang='lat' dir='ltr'><strong>infra</strong></span> <span class='ocrx_word' id='word_1_343' title='bbox 731 2581 759 2599; x_wconf 88' lang='lat' dir='ltr'><strong>c.</strong></span> <span class='ocrx_word' id='word_1_344' title='bbox 779 2573 826 2602; x_wconf 80' lang='lat'><strong>17.</strong></span> <span class='ocrx_word' id='word_1_345' title='bbox 850 2570 893 2610; x_wconf 70' lang='lat' dir='ltr'><strong>Q.</strong></span> <span class='ocrx_word' id='word_1_346' title='bbox 909 2570 977 2599; x_wconf 81' lang='lat' dir='ltr'><strong>Lu-</strong></span> 
     </span>
     <span class='ocr_line' id='line_1_46' title="bbox 284 2610 977 2651; baseline 0.001 -11"><span class='ocrx_word' id='word_1_347' title='bbox 284 2612 386 2641; x_wconf 81' lang='lat' dir='ltr'><strong>tatius</strong></span> <span class='ocrx_word' id='word_1_348' title='bbox 407 2610 580 2642; x_wconf 75' lang='lat' dir='ltr'><strong>Diodorus.</strong></span> <span class='ocrx_word' id='word_1_349' title='bbox 610 2612 690 2642; x_wconf 85' lang='lat' dir='ltr'><strong>Mox</strong></span> <span class='ocrx_word' id='word_1_350' title='bbox 703 2611 863 2651; x_wconf 78' lang='lat' dir='ltr'><strong>fuerant,</strong></span> <span class='ocrx_word' id='word_1_351' title='bbox 879 2617 977 2642; x_wconf 85' lang='lat' dir='ltr'><strong>recte.</strong></span> 
     </span>
     <span class='ocr_line' id='line_1_47' title="bbox 283 2651 576 2693; baseline 0 -10"><span class='ocrx_word' id='word_1_352' title='bbox 283 2653 354 2683; x_wconf 83' lang='lat' dir='ltr'><strong>edd.</strong></span> <span class='ocrx_word' id='word_1_353' title='bbox 368 2651 576 2693; x_wconf 68' lang='lat' dir='ltr'><strong>pnfioerunt.</strong></span> 
     </span>
    </p>

    <p class='ocr_par' dir='ltr' id='par_1_8' title="bbox 282 2694 979 2851">
     <span class='ocr_line' id='line_1_48' title="bbox 325 2694 979 2735; baseline 0 -10"><span class='ocrx_word' id='word_1_354' title='bbox 325 2697 366 2725; x_wconf 76' lang='lat'><strong>38</strong></span> <span class='ocrx_word' id='word_1_355' title='bbox 379 2694 494 2731; x_wconf 73' lang='lat' dir='ltr'><strong>Dicat,</strong></span> <span class='ocrx_word' id='word_1_356' title='bbox 507 2706 538 2725; x_wconf 79' lang='lat' dir='ltr'><strong>se</strong></span> <span class='ocrx_word' id='word_1_357' title='bbox 551 2696 676 2735; x_wconf 80' lang='lat' dir='ltr'><strong>emisse]</strong></span> <span class='ocrx_word' id='word_1_358' title='bbox 695 2695 811 2726; x_wconf 82' lang='lat' dir='ltr'><strong>Lamb.</strong></span> <span class='ocrx_word' id='word_1_359' title='bbox 833 2696 979 2726; x_wconf 83' lang='lat' dir='ltr'><strong>Graevins</strong></span> 
     </span>
     <span class='ocr_line' id='line_1_49' title="bbox 282 2736 973 2777; baseline 0.001 -10"><span class='ocrx_word' id='word_1_360' title='bbox 282 2736 407 2767; x_wconf 80' lang='lat' dir='ltr'><strong>habent</strong></span> <span class='ocrx_word' id='word_1_361' title='bbox 423 2737 509 2767; x_wconf 76' lang='lat' dir='ltr'><strong>dicat</strong></span> <span class='ocrx_word' id='word_1_362' title='bbox 523 2739 605 2769; x_wconf 79' lang='lat' dir='ltr'><strong>licet.</strong></span> <span class='ocrx_word' id='word_1_363' title='bbox 629 2740 680 2769; x_wconf 88' lang='lat' dir='ltr'><strong>Sic</strong></span> <span class='ocrx_word' id='word_1_364' title='bbox 694 2738 757 2768; x_wconf 90' lang='lat' dir='ltr'><strong>Ms.</strong></span> <span class='ocrx_word' id='word_1_365' title='bbox 780 2739 860 2777; x_wconf 86' lang='lat' dir='ltr'><strong>Reg.</strong></span> <span class='ocrx_word' id='word_1_366' title='bbox 881 2739 973 2768; x_wconf 89' lang='lat' dir='ltr'><strong>bene.</strong></span> 
     </span>
     <span class='ocr_line' id='line_1_50' title="bbox 283 2779 977 2820; baseline 0.001 -11"><span class='ocrx_word' id='word_1_367' title='bbox 283 2779 365 2809; x_wconf 86' lang='lat' dir='ltr'><strong>item</strong></span> <span class='ocrx_word' id='word_1_368' title='bbox 380 2779 442 2808; x_wconf 87' lang='lat' dir='ltr'><strong>Ms.</strong></span> <span class='ocrx_word' id='word_1_369' title='bbox 465 2779 526 2808; x_wconf 90' lang='lat' dir='ltr'><strong>Gu.</strong></span> <span class='ocrx_word' id='word_1_370' title='bbox 543 2781 578 2810; x_wconf 88' lang='lat' dir='ltr'><strong>in</strong></span> <span class='ocrx_word' id='word_1_371' title='bbox 601 2782 748 2820; x_wconf 80' lang='lat' dir='ltr'><strong>margine</strong></span> <span class='ocrx_word' id='word_1_372' title='bbox 764 2781 906 2820; x_wconf 85' lang='lat' dir='ltr'><strong>quidem,</strong></span> <span class='ocrx_word' id='word_1_373' title='bbox 922 2781 977 2810; x_wconf 87' lang='lat' dir='ltr'><strong>sed</strong></span> 
     </span>
     <span class='ocr_line' id='line_1_51' title="bbox 282 2821 522 2851; baseline -0.004 0"><span class='ocrx_word' id='word_1_374' title='bbox 282 2821 395 2851; x_wconf 84' lang='lat' dir='ltr'><strong>eadem</strong></span> <span class='ocrx_word' id='word_1_375' title='bbox 413 2831 522 2851; x_wconf 85' lang='lat' dir='ltr'><strong>manu.</strong></span> 
     </span>
    </p>

    <p class='ocr_par' dir='ltr' id='par_1_9' title="bbox 322 2862 976 2904">
     <span class='ocr_line' id='line_1_52' title="bbox 322 2862 976 2904; baseline 0.006 -12"><span class='ocrx_word' id='word_1_376' title='bbox 322 2867 364 2897; x_wconf 75' lang='grc'><strong>39</strong></span> <span class='ocrx_word' id='word_1_377' title='bbox 380 2862 604 2904; x_wconf 77' lang='lat' dir='ltr'><strong>literaesactoe]</strong></span> <span class='ocrx_word' id='word_1_378' title='bbox 621 2865 726 2896; x_wconf 78' lang='lat' dir='ltr'><strong>intell.</strong></span> <span class='ocrx_word' id='word_1_379' title='bbox 741 2875 790 2896; x_wconf 86' lang='lat' dir='ltr'><strong>res</strong></span> <span class='ocrx_word' id='word_1_380' title='bbox 803 2866 836 2896; x_wconf 88' lang='lat' dir='ltr'><strong>in</strong></span> <span class='ocrx_word' id='word_1_381' title='bbox 849 2864 976 2896; x_wconf 76' lang='lat' dir='ltr'><strong>tabulas</strong></span> 
     </span>
    </p>
   </div>
   <div class='ocr_carea' id='block_1_5' title="bbox 1019 2147 1722 2863">
    <p class='ocr_par' dir='ltr' id='par_1_10' title="bbox 1024 2147 1722 2398">
     <span class='ocr_line' id='line_1_53' title="bbox 1024 2147 1722 2188; baseline 0.001 -10"><span class='ocrx_word' id='word_1_382' title='bbox 1024 2158 1166 2178; x_wconf 85' lang='lat' dir='ltr'><strong>mannus</strong></span> <span class='ocrx_word' id='word_1_383' title='bbox 1188 2149 1439 2188; x_wconf 79' lang='lat' dir='ltr'><strong>interpretatur,</strong></span> <span class='ocrx_word' id='word_1_384' title='bbox 1462 2157 1538 2178; x_wconf 87' lang='lat' dir='ltr'><strong>cum</strong></span> <span class='ocrx_word' id='word_1_385' title='bbox 1560 2147 1646 2179; x_wconf 82' lang='lat' dir='ltr'><strong>dona</strong></span> <span class='ocrx_word' id='word_1_386' title='bbox 1664 2149 1722 2180; x_wconf 86' lang='lat' dir='ltr'><strong>fie-</strong></span> 
     </span>
     <span class='ocr_line' id='line_1_54' title="bbox 1024 2190 1718 2229; baseline 0.003 -10"><span class='ocrx_word' id='word_1_387' title='bbox 1024 2195 1097 2220; x_wconf 88' lang='lat' dir='ltr'><strong>rent</strong></span> <span class='ocrx_word' id='word_1_388' title='bbox 1112 2190 1337 2220; x_wconf 76' lang='lat' dir='ltr'><strong>histrionibuS.</strong></span> <span class='ocrx_word' id='word_1_389' title='bbox 1360 2190 1453 2220; x_wconf 76' lang='lat' dir='ltr'><strong>bene.</strong></span> <span class='ocrx_word' id='word_1_390' title='bbox 1477 2199 1550 2229; x_wconf 85' lang='lat' dir='ltr'><strong>quae</strong></span> <span class='ocrx_word' id='word_1_391' title='bbox 1568 2194 1646 2220; x_wconf 78' lang='lat' dir='ltr'><strong>sunt</strong></span> <span class='ocrx_word' id='word_1_392' title='bbox 1669 2201 1718 2222; x_wconf 87' lang='lat' dir='ltr'><strong>co-</strong></span> 
     </span>
     <span class='ocr_line' id='line_1_55' title="bbox 1024 2232 1719 2269; baseline 0.003 -8"><span class='ocrx_word' id='word_1_393' title='bbox 1024 2234 1165 2263; x_wconf 77' lang='lat' dir='ltr'><strong>rollaria</strong></span> <span class='ocrx_word' id='word_1_394' title='bbox 1193 2234 1386 2262; x_wconf 77' lang='lat' dir='ltr'><strong>histrionum</strong></span> <span class='ocrx_word' id='word_1_395' title='bbox 1410 2232 1501 2262; x_wconf 88' lang='lat' dir='ltr'><strong>Verr.</strong></span> <span class='ocrx_word' id='word_1_396' title='bbox 1529 2232 1592 2269; x_wconf 91' lang='lat'><strong>111,</strong></span> <span class='ocrx_word' id='word_1_397' title='bbox 1615 2235 1667 2266; x_wconf 85' lang='lat'><strong>79.</strong></span> <span class='ocrx_word' id='word_1_398' title='bbox 1689 2243 1719 2265; x_wconf 86' lang='lat' dir='ltr'><strong>v.</strong></span> 
     </span>
     <span class='ocr_line' id='line_1_56' title="bbox 1027 2273 1718 2313; baseline 0.003 -9"><span class='ocrx_word' id='word_1_399' title='bbox 1027 2275 1117 2305; x_wconf 87' lang='lat' dir='ltr'><strong>Clav.</strong></span> <span class='ocrx_word' id='word_1_400' title='bbox 1163 2274 1225 2305; x_wconf 87' lang='lat' dir='ltr'><strong>Sed</strong></span> <span class='ocrx_word' id='word_1_401' title='bbox 1240 2284 1311 2313; x_wconf 87' lang='lat' dir='ltr'><strong>quae</strong></span> <span class='ocrx_word' id='word_1_402' title='bbox 1325 2274 1368 2304; x_wconf 91' lang='lat' dir='ltr'><strong>ibi</strong></span> <span class='ocrx_word' id='word_1_403' title='bbox 1383 2273 1493 2304; x_wconf 86' lang='lat' dir='ltr'><strong>locum</strong></span> <span class='ocrx_word' id='word_1_404' title='bbox 1516 2273 1616 2304; x_wconf 80' lang='lat' dir='ltr'><strong>habet</strong></span> <span class='ocrx_word' id='word_1_405' title='bbox 1631 2276 1718 2306; x_wconf 80' lang='lat' dir='ltr'><strong>aesti·</strong></span> 
     </span>
     <span class='ocr_line' id='line_1_57' title="bbox 1026 2316 1718 2348; baseline 0.003 -2"><span class='ocrx_word' id='word_1_406' title='bbox 1026 2318 1151 2347; x_wconf 85' lang='lat' dir='ltr'><strong>matio?</strong></span> <span class='ocrx_word' id='word_1_407' title='bbox 1199 2316 1306 2346; x_wconf 85' lang='lat' dir='ltr'><strong>Haesit</strong></span> <span class='ocrx_word' id='word_1_408' title='bbox 1339 2316 1392 2346; x_wconf 85' lang='lat' dir='ltr'><strong>hic</strong></span> <span class='ocrx_word' id='word_1_409' title='bbox 1415 2320 1450 2346; x_wconf 85' lang='lat' dir='ltr'><strong>et</strong></span> <span class='ocrx_word' id='word_1_410' title='bbox 1475 2316 1512 2345; x_wconf 92' lang='lat' dir='ltr'><strong>P.</strong></span> <span class='ocrx_word' id='word_1_411' title='bbox 1536 2316 1718 2348; x_wconf 86' lang='lat' dir='ltr'><strong>Manutius.</strong></span> 
     </span>
     <span class='ocr_line' id='line_1_58' title="bbox 1025 2357 1683 2398; baseline 0 -9"><span class='ocrx_word' id='word_1_412' title='bbox 1025 2358 1103 2389; x_wconf 87' lang='lat' dir='ltr'><strong>Non</strong></span> <span class='ocrx_word' id='word_1_413' title='bbox 1118 2358 1279 2398; x_wconf 83' lang='lat' dir='ltr'><strong>intelligo,</strong></span> <span class='ocrx_word' id='word_1_414' title='bbox 1293 2368 1353 2388; x_wconf 88' lang='lat' dir='ltr'><strong>nec</strong></span> <span class='ocrx_word' id='word_1_415' title='bbox 1365 2357 1526 2398; x_wconf 77' lang='lat' dir='ltr'><strong>explicare</strong></span> <span class='ocrx_word' id='word_1_416' title='bbox 1542 2367 1683 2398; x_wconf 88' lang='lat' dir='ltr'><strong>possum.</strong></span> 
     </span>
    </p>

    <p class='ocr_par' dir='ltr' id='par_1_11' title="bbox 1021 2400 1719 2734">
     <span class='ocr_line' id='line_1_59' title="bbox 1061 2400 1719 2439; baseline 0.002 -8"><span class='ocrx_word' id='word_1_417' title='bbox 1061 2404 1098 2432; x_wconf 85' lang='lat'><strong>41</strong></span> <span class='ocrx_word' id='word_1_418' title='bbox 1130 2405 1245 2431; x_wconf 78' lang='lat' dir='ltr'><strong>utrum</strong></span> <span class='ocrx_word' id='word_1_419' title='bbox 1273 2400 1400 2439; x_wconf 80' lang='lat' dir='ltr'><strong>emeris]</strong></span> <span class='ocrx_word' id='word_1_420' title='bbox 1426 2400 1571 2430; x_wconf 88' lang='lat' dir='ltr'><strong>Graevins</strong></span> <span class='ocrx_word' id='word_1_421' title='bbox 1595 2400 1719 2432; x_wconf 81' lang='lat' dir='ltr'><strong>addidit</strong></span> 
     </span>
     <span class='ocr_line' id='line_1_60' title="bbox 1022 2442 1717 2482; baseline 0 -8"><span class='ocrx_word' id='word_1_422' title='bbox 1022 2454 1039 2473; x_wconf 93' lang='lat' dir='ltr'><strong>e</strong></span> <span class='ocrx_word' id='word_1_423' title='bbox 1054 2443 1117 2474; x_wconf 89' lang='lat' dir='ltr'><strong>Ms.</strong></span> <span class='ocrx_word' id='word_1_424' title='bbox 1130 2443 1210 2482; x_wconf 82' lang='lat' dir='ltr'><strong>Reg.</strong></span> <span class='ocrx_word' id='word_1_425' title='bbox 1224 2453 1281 2472; x_wconf 76' lang='lat' dir='ltr'><strong>nec</strong></span> <span class='ocrx_word' id='word_1_426' title='bbox 1295 2452 1346 2479; x_wconf 85' lang='lat' dir='ltr'><strong>ne,</strong></span> <span class='ocrx_word' id='word_1_427' title='bbox 1356 2446 1394 2471; x_wconf 87' lang='lat' dir='ltr'><strong>ut</strong></span> <span class='ocrx_word' id='word_1_428' title='bbox 1406 2446 1456 2471; x_wconf 84' lang='lat' dir='ltr'><strong>est</strong></span> <span class='ocrx_word' id='word_1_429' title='bbox 1466 2447 1499 2472; x_wconf 88' lang='lat' dir='ltr'><strong>et</strong></span> <span class='ocrx_word' id='word_1_430' title='bbox 1514 2442 1548 2471; x_wconf 89' lang='lat' dir='ltr'><strong>in</strong></span> <span class='ocrx_word' id='word_1_431' title='bbox 1557 2442 1619 2472; x_wconf 90' lang='lat' dir='ltr'><strong>Gu.</strong></span> <span class='ocrx_word' id='word_1_432' title='bbox 1633 2443 1717 2474; x_wconf 91' lang='lat' dir='ltr'><strong>bene</strong></span> 
     </span>
     <span class='ocr_line' id='line_1_61' title="bbox 1025 2484 1717 2523; baseline 0 -7"><span class='ocrx_word' id='word_1_433' title='bbox 1025 2485 1137 2516; x_wconf 87' lang='lat' dir='ltr'><strong>latine.</strong></span> <span class='ocrx_word' id='word_1_434' title='bbox 1161 2485 1223 2515; x_wconf 90' lang='lat' dir='ltr'><strong>Sed</strong></span> <span class='ocrx_word' id='word_1_435' title='bbox 1238 2485 1270 2515; x_wconf 90' lang='lat' dir='ltr'><strong>id</strong></span> <span class='ocrx_word' id='word_1_436' title='bbox 1284 2484 1412 2515; x_wconf 85' lang='lat' dir='ltr'><strong>videtur</strong></span> <span class='ocrx_word' id='word_1_437' title='bbox 1423 2493 1490 2513; x_wconf 72' lang='lat' dir='ltr'><strong>esse</strong></span> <span class='ocrx_word' id='word_1_438' title='bbox 1505 2494 1525 2513; x_wconf 86' lang='lat' dir='ltr'><strong>a</strong></span> <span class='ocrx_word' id='word_1_439' title='bbox 1538 2484 1717 2523; x_wconf 83' lang='lat' dir='ltr'><strong>glossatore</strong></span> 
     </span>
     <span class='ocr_line' id='line_1_62' title="bbox 1023 2525 1715 2565; baseline 0.001 -8"><span class='ocrx_word' id='word_1_440' title='bbox 1023 2527 1073 2557; x_wconf 90' lang='lat' dir='ltr'><strong>vel</strong></span> <span class='ocrx_word' id='word_1_441' title='bbox 1088 2532 1283 2564; x_wconf 84' lang='lat' dir='ltr'><strong>correctore,</strong></span> <span class='ocrx_word' id='word_1_442' title='bbox 1306 2531 1339 2556; x_wconf 81' lang='lat' dir='ltr'><strong>et</strong></span> <span class='ocrx_word' id='word_1_443' title='bbox 1360 2525 1474 2556; x_wconf 81' lang='lat' dir='ltr'><strong>turbat</strong></span> <span class='ocrx_word' id='word_1_444' title='bbox 1493 2526 1715 2565; x_wconf 71' lang='lat' dir='ltr'><strong>aequalitatem</strong></span> 
     </span>
     <span class='ocr_line' id='line_1_63' title="bbox 1021 2568 1714 2607; baseline 0.001 -8"><span class='ocrx_word' id='word_1_445' title='bbox 1021 2570 1254 2600; x_wconf 78' lang='lat' dir='ltr'><strong>membrorum.</strong></span> <span class='ocrx_word' id='word_1_446' title='bbox 1304 2568 1425 2599; x_wconf 78' lang='lat' dir='ltr'><strong>Utrum</strong></span> <span class='ocrx_word' id='word_1_447' title='bbox 1453 2577 1512 2607; x_wconf 89' lang='lat' dir='ltr'><strong>pro</strong></span> <span class='ocrx_word' id='word_1_448' title='bbox 1541 2578 1585 2598; x_wconf 80' lang='lat' dir='ltr'><strong>an</strong></span> <span class='ocrx_word' id='word_1_449' title='bbox 1612 2569 1714 2600; x_wconf 80' lang='lat' dir='ltr'><strong>etiam</strong></span> 
     </span>
     <span class='ocr_line' id='line_1_64' title="bbox 1021 2609 1715 2651; baseline 0 -10"><span class='ocrx_word' id='word_1_450' title='bbox 1021 2612 1098 2641; x_wconf 86' lang='lat' dir='ltr'><strong>alibi</strong></span> <span class='ocrx_word' id='word_1_451' title='bbox 1114 2612 1195 2641; x_wconf 79' lang='lat' dir='ltr'><strong>dixit</strong></span> <span class='ocrx_word' id='word_1_452' title='bbox 1218 2611 1331 2641; x_wconf 89' lang='lat' dir='ltr'><strong>Cicero</strong></span> <span class='ocrx_word' id='word_1_453' title='bbox 1360 2611 1402 2651; x_wconf 80' lang='lat' dir='ltr'><strong>(v,</strong></span> <span class='ocrx_word' id='word_1_454' title='bbox 1428 2609 1531 2649; x_wconf 86' lang='lat' dir='ltr'><strong>Clav.)</strong></span> <span class='ocrx_word' id='word_1_455' title='bbox 1550 2611 1605 2641; x_wconf 88' lang='lat' dir='ltr'><strong>ubi</strong></span> <span class='ocrx_word' id='word_1_456' title='bbox 1623 2611 1715 2641; x_wconf 85' lang='lat' dir='ltr'><strong>Grae-</strong></span> 
     </span>
     <span class='ocr_line' id='line_1_65' title="bbox 1021 2652 1714 2693; baseline 0 -10"><span class='ocrx_word' id='word_1_457' title='bbox 1021 2655 1092 2683; x_wconf 84' lang='lat' dir='ltr'><strong>vius</strong></span> <span class='ocrx_word' id='word_1_458' title='bbox 1117 2663 1183 2683; x_wconf 89' lang='lat' dir='ltr'><strong>non</strong></span> <span class='ocrx_word' id='word_1_459' title='bbox 1209 2652 1355 2683; x_wconf 86' lang='lat' dir='ltr'><strong>offendit.</strong></span> <span class='ocrx_word' id='word_1_460' title='bbox 1400 2652 1432 2682; x_wconf 88' lang='lat' dir='ltr'><strong>Si</strong></span> <span class='ocrx_word' id='word_1_461' title='bbox 1457 2656 1570 2682; x_wconf 82' lang='lat' dir='ltr'><strong>tamen</strong></span> <span class='ocrx_word' id='word_1_462' title='bbox 1606 2652 1714 2693; x_wconf 77' lang='lat' dir='ltr'><strong>plures</strong></span> 
     </span>
     <span class='ocr_line' id='line_1_66' title="bbox 1022 2694 1681 2734; baseline -0.003 -8"><span class='ocrx_word' id='word_1_463' title='bbox 1022 2695 1096 2726; x_wconf 81' lang='lat' dir='ltr'><strong>libri</strong></span> <span class='ocrx_word' id='word_1_464' title='bbox 1111 2696 1346 2731; x_wconf 84' lang='lat' dir='ltr'><strong>consentirent,</strong></span> <span class='ocrx_word' id='word_1_465' title='bbox 1361 2694 1548 2734; x_wconf 84' lang='lat' dir='ltr'><strong>praeferrein</strong></span> <span class='ocrx_word' id='word_1_466' title='bbox 1561 2704 1618 2724; x_wconf 77' lang='lat' dir='ltr'><strong>nec</strong></span> <span class='ocrx_word' id='word_1_467' title='bbox 1632 2705 1681 2725; x_wconf 84' lang='lat' dir='ltr'><strong>ne.</strong></span> 
     </span>
    </p>

    <p class='ocr_par' dir='ltr' id='par_1_12' title="bbox 1019 2736 1712 2863">
     <span class='ocr_line' id='line_1_67' title="bbox 1060 2736 1711 2778; baseline -0.002 -10"><span class='ocrx_word' id='word_1_468' title='bbox 1060 2740 1102 2770; x_wconf 72' lang='lat'><strong>42</strong></span> <span class='ocrx_word' id='word_1_469' title='bbox 1131 2737 1215 2777; x_wconf 84' lang='lat' dir='ltr'><strong>quod</strong></span> <span class='ocrx_word' id='word_1_470' title='bbox 1241 2738 1333 2766; x_wconf 79' lang='lat' dir='ltr'><strong>verbo</strong></span> <span class='ocrx_word' id='word_1_471' title='bbox 1355 2737 1538 2775; x_wconf 73' lang='lat' dir='ltr'><strong>transigere</strong></span> <span class='ocrx_word' id='word_1_472' title='bbox 1561 2736 1711 2778; x_wconf 78' lang='lat' dir='ltr'><strong>possum]</strong></span> 
     </span>
     <span class='ocr_line' id='line_1_68' title="bbox 1019 2778 1712 2819; baseline -0.001 -9"><span class='ocrx_word' id='word_1_473' title='bbox 1019 2780 1097 2810; x_wconf 88' lang='lat' dir='ltr'><strong>Non</strong></span> <span class='ocrx_word' id='word_1_474' title='bbox 1112 2786 1183 2810; x_wconf 82' lang='lat' dir='ltr'><strong>erat</strong></span> <span class='ocrx_word' id='word_1_475' title='bbox 1197 2779 1231 2809; x_wconf 90' lang='lat' dir='ltr'><strong>in</strong></span> <span class='ocrx_word' id='word_1_476' title='bbox 1246 2779 1310 2809; x_wconf 88' lang='lat' dir='ltr'><strong>Ms.</strong></span> <span class='ocrx_word' id='word_1_477' title='bbox 1325 2779 1405 2819; x_wconf 85' lang='lat' dir='ltr'><strong>Reg.</strong></span> <span class='ocrx_word' id='word_1_478' title='bbox 1421 2783 1455 2810; x_wconf 82' lang='lat' dir='ltr'><strong>et</strong></span> <span class='ocrx_word' id='word_1_479' title='bbox 1468 2778 1588 2810; x_wconf 80' lang='lat' dir='ltr'><strong>rectius</strong></span> <span class='ocrx_word' id='word_1_480' title='bbox 1602 2779 1712 2814; x_wconf 71' lang='lat' dir='ltr'><strong>abesse</strong></span> 
     </span>
     <span class='ocr_line' id='line_1_69' title="bbox 1021 2821 1312 2863; baseline -0.003 -11"><span class='ocrx_word' id='word_1_481' title='bbox 1021 2821 1312 2863; x_wconf 84' lang='lat' dir='ltr'><strong>Graeviusjudicat.</strong></span> 
     </span>
    </p>
   </div>
  </div>
 </body>
</html>
