1907 3231
535 102 659 141 ACT.
694 103 744 141 ΙΙ.
787 99 977 140 LIBER
1009 99 1304 140 QUARTUS.
1560 102 1635 141 371

190 205 490 249 arbitramini?
522 222 608 247 non
652 209 714 248 ita
754 217 832 257 est,
867 206 1064 262 judices:
1099 204 1300 260 primum,
1333 205 1447 259 quod
1488 219 1636 246 omnes

194 263 404 320 religione
440 275 693 317 moventur3
729 275 771 305 ct
802 269 841 299 59
858 266 959 305 deos
990 262 1167 320 patriOS,
1205 277 1313 317 quos
1346 277 1370 302 a
1401 262 1637 316 majoribus

191 330 468 378 acceperunt,
490 322 692 364 colendos
716 323 796 363 sibi
819 322 1048 377 diligenter
1069 329 1113 361 et
1135 319 1380 360 retinendos
1403 334 1494 359 esse
1523 320 1638 360 arbi-⁴

195 387 384 420 trantur:
423 379 576 420 deinde
617 380 689 421 hic
729 390 918 430 ornatus,
961 378 1056 420 haec
1096 392 1228 433 opera
1266 386 1396 432 atque
1437 376 1635 427 artificia,

194 435 332 491 signa,
366 437 524 478 tabulae
564 438 709 493 pictae,
741 437 920 478 Graecos
955 435 1150 477 homines
1188 435 1323 475 nimio
1356 448 1486 489 opere
1523 433 1635 474 dele-

193 502 330 533 ctant.
391 492 544 549 Itaque
566 511 619 536 ex
644 496 811 536 illorum
834 493 1114 549 querimoniis
1137 491 1375 547 intelligere
1395 505 1636 547 possumus,

192 548 290 591 haec
322 550 404 591 illis
436 553 713 593 acerbissima
748 552 894 604 videri,
928 567 1025 606 quae
1061 550 1242 591 forsitan
1281 549 1406 590 nobis
1447 548 1558 589 levia
1594 558 1639 588 et

191 610 511 651 contemnenda
528 625 619 651 esse
640 611 880 651 videantur.
913 609 1029 650 Mihi
1049 608 1224 657 credite,
1240 607 1426 662 judices,
1445 606 1637 658 (tametsi

194 666 480 722 vosmetipsos
503 668 597 709 haec
619 669 767 709 eadem
795 668 940 708 audire
963 677 1080 707 certo
1104 665 1229 717 scio,)
1250 680 1349 706 cuin
1379 664 1536 705 multas
1568 678 1638 704 ac-

192 724 386 778 ceperint
409 740 483 780 per
508 725 639 767 hosce
669 741 803 766 annos
826 725 930 765 socii
962 734 1092 778 atque
1114 734 1276 764 exterae
1308 723 1503 763 nationes
1526 720 1638 762 cala·
1651 747 1680 777 p.
1696 738 1767 768 ⁶231.

191 780 363 821 mitates
386 793 429 822 et
450 782 653 838 injurias3
686 782 820 823 nullas
842 781 988 823 Graeei
1022 780 1216 821 homines
1238 781 1410 836 gravius
1434 780 1636 829 tulerunt,
1651 792 1679 810 ²²-

190 851 271 879 nec
300 839 457 891 ferunt,
485 857 615 896 quam
642 839 941 895 hujuscemodi
972 837 1250 894 spoliationes
1279 838 1478 878 fanorum
1508 847 1636 893 atque

192 896 468 951 oppidorum.
531 899 653 939 Licet
675 898 755 938 iste
777 897 894 938 dicat
915 896 1068 937 emisse
1100 910 1158 946 se,
1181 895 1307 936 sicuti
1341 895 1448 936 solet
1469 895 1610 936 dicere
1625 913 1634 946 3
1652 901 1723 934 133

192 953 354 995 credite
385 954 468 997 hoc
499 956 621 1006 mihi,
646 954 842 1011 judices3
874 953 989 995 nulla
1014 968 1218 1009 umquam
1241 953 1395 994 civitas
1421 963 1513 994 tota
1534 952 1639 994 Asia

190 1020 235 1051 et
268 1010 455 1063 Graecia,
478 1013 701 1069 6⁰signum
731 1012 879 1063 ullum,
910 1011 1039 1053 ullam
1072 1011 1264 1052 tabulam
1297 1011 1474 1067 pictam,
1506 1010 1640 1052 ullum

191 1068 376 1124 denique
407 1081 709 1111 ornamentum
742 1070 875 1120 urbis,
908 1084 984 1110 sua
1010 1068 1234 1110 voluntate
1264 1069 1467 1124 cuiquam
1492 1069 1639 1109 vendi-

190 1125 270 1166 dit.
292 1127 374 1167 nisi
398 1127 508 1168 fone
531 1128 805 1179 existimatis,
829 1137 1109 1184 posteaquam
1125 1126 1296 1181 judicia
1317 1141 1463 1167 severa
1483 1125 1637 1167 Romae

191 1182 284 1224 fieri
306 1185 524 1237 desierint,
540 1187 719 1228 Graecos
743 1185 939 1226 homines
960 1184 1056 1225 haze
1078 1184 1301 1225 venditare
1323 1183 1523 1240 coepisse,
1541 1199 1637 1239 quae

191 1250 284 1281 tum
315 1257 401 1283 non
432 1245 563 1285 modo
594 1259 682 1284 non
716 1243 1012 1291 venditabant,
1046 1256 1145 1283 cum
1169 1242 1339 1296 judicia
1368 1242 1546 1292 fiebant,
1569 1257 1641 1283 ve-

191 1313 286 1339 rum
319 1300 450 1341 etiam
483 1303 767 1351 co'einebant3
799 1302 925 1341 6¹aut
958 1300 1039 1340 nisi
1070 1299 1356 1349 arbitramini,
1389 1300 1437 1340 L.
1469 1299 1640 1351 Crasso,

193 1356 250 1403 Q.
284 1357 507 1410 Scaevolae‚
551 1359 603 1401 C.
643 1358 842 1409 Claudio,
875 1357 1188 1413 potentissimis
1229 1357 1494 1408 hominibus,
1533 1372 1641 1413 quo-

191 1428 287 1455 rum
319 1415 545 1457 aedilitates
575 1416 868 1457 ornatissimas
891 1415 1093 1465 vidimus,
1116 1415 1426 1455 commercium
1461 1415 1639 1456 istarum

189 1486 331 1513 rerum
354 1488 450 1514 cum
477 1475 644 1516 Graecis
665 1473 915 1514 hominibus
945 1488 1032 1514 non
1056 1472 1212 1523 fuisse3
1245 1473 1312 1522 iis,
1334 1473 1408 1527 qui
1440 1484 1538 1528 post
1561 1473 1636 1528 ju·
1675 1515 1682 1524 ,

191 1529 404 1572 diciorum
425 1531 751 1573 dissolutionem
782 1530 927 1572 aediles
947 1530 1049 1572 facti
1083 1540 1196 1579 sunt,
1219 1528 1366 1570 fuisse.
1425 1530 1635 1571 Acerbio-
1647 1514 1719 1568 60

190 1600 280 1628 rem
302 1588 434 1630 etiam
467 1590 622 1631 scitote
647 1604 738 1630 esse
769 1588 1019 1631 civitatibus
1043 1587 1194 1628 falsam
1228 1587 1354 1628 istam
1385 1597 1429 1628 et
1462 1588 1721 1630 simula-134

190 1654 279 1686 tam
301 1647 550 1698 emtionem,
574 1662 703 1703 quam
727 1647 759 1687 si
784 1646 881 1702 quis
906 1646 1015 1687 clam
1041 1645 1258 1701 surripiat,
1280 1655 1354 1685 aut
1376 1645 1531 1701 eripiat
1562 1661 1636 1701 pa-

190 1701 290 1755 lam,
313 1715 441 1760 atque
471 1705 652 1746 auferat.
685 1720 783 1746 nain
816 1704 1128 1760 turpitudinem
1161 1717 1371 1743 summam
1404 1717 1496 1744 csse
1525 1704 1638 1744 arbi-

191 1769 372 1813 trantur,
394 1763 541 1804 referri
569 1763 613 1804 in
644 1763 807 1804 litteras
838 1761 1048 1818 publicam,
1071 1761 1211 1818 pretio
1232 1760 1466 1802 adductam
1488 1761 1641 1802 civita-

190 1827 294 1868 tem,
317 1830 360 1860 et
391 1822 529 1876 pretio
553 1835 700 1877 parvo,
722 1835 785 1871 ea,
808 1835 906 1875 quae
937 1819 1174 1874 accepisset
1204 1833 1229 1858 a
1260 1817 1513 1873 majoribuS,
1538 1834 1639 1860 ven-

191 1875 349 1917 didisse
371 1888 500 1933 atque
522 1878 741 1919 alienasse.
764 1878 924 1919 etenim
956 1877 1200 1918 mirandum
1223 1876 1265 1916 in
1290 1875 1465 1916 modum
1492 1877 1638 1918 Graeci

189 1935 316 1975 rebus
339 1936 446 1987 istis,
469 1951 573 1991 quas
595 1951 672 1977 nos
695 1936 1027 1985 contemnimus,
1049 1933 1332 1975 delectantur.
1375 1933 1526 1988 ltaque
1548 1949 1639 1975 ma·

180 1989 302 2045 joses
324 1994 458 2034 nostri
484 1993 608 2034 facile
631 1994 921 2049 patiebantur,
941 1992 1035 2034 haec
1057 2006 1148 2032 esse
1169 2006 1299 2046 quam
1319 1990 1503 2046 plurima
1523 1992 1636 2048 apud

189 2049 344 2102 socios,
367 2061 414 2092 ut
446 2052 627 2108 imperio
649 2060 797 2092 nostro
818 2065 946 2106 quam
970 2049 1233 2091 ornatissimi
1257 2049 1638 2105 florentissimique

186 2117 354 2150 essent:
386 2109 501 2166 apud
531 2124 603 2150 eos
632 2118 791 2160 autem,
821 2123 929 2165 quos
962 2107 1196 2164 vectigales
1229 2116 1304 2148 aut
1334 2106 1635 2163 stipendiarios

188 2280 413 2322 interpunctio
435 2282 607 2320 mutanda,
629 2289 661 2313 et
685 2282 815 2313 sublato
834 2293 886 2319 ne,

186 2324 273 2361 quod
288 2335 306 2354 a
322 2326 491 2356 nonnullis
510 2326 601 2356 libris
625 2327 728 2362 abest,
745 2326 887 2356 scriben-

187 2366 284 2396 dum:
313 2367 430 2408 Quid?
454 2374 524 2399 tum
551 2369 704 2399 mediocri
728 2372 751 2398 t,
777 2369 809 2398 d.
838 2369 888 2398 vel

186 2412 383 2448 permutatis
405 2411 592 2451 particulis:
618 2412 711 2452 Quid
728 2412 860 2441 taudem
873 2411 888 2440 .?

188 2452 341 2483 mediocri
367 2457 437 2484 tum
467 2455 497 2485 d.
553 2454 626 2484 Hoc
656 2464 767 2484 verum
796 2458 888 2493 put0.

189 2493 252 2524 Ms.
277 2495 340 2526 Gu.
374 2497 468 2537 „Quid
492 2498 630 2528 tamen?
652 2496 738 2536 quod
760 2496 888 2526 factum

186 2537 315 2567 videtur
326 2550 343 2568 e
359 2540 502 2570 tandem.
549 2540 629 2570 Haec
640 2540 739 2570 verba
752 2548 837 2579 saepe
852 2539 887 2568 in

186 2577 277 2610 libris
293 2583 486 2620 permutari,
502 2588 620 2612 notum
635 2588 696 2613 est.

231 2624 270 2655 59
292 2623 364 2653 deos
387 2625 525 2663 patrios,
554 2635 631 2664 quos
657 2634 679 2655 a
708 2622 890 2664 majoribus

185 2666 393 2706 aeceperunt]
419 2667 526 2698 Verba
538 2667 658 2698 ultima
672 2678 691 2698 a
705 2666 885 2707 glossatore

187 2706 300 2737 addita
314 2711 426 2747 putavi
448 2719 594 2750 semper:
618 2711 696 2749 quia
710 2719 807 2740 nemo
820 2709 885 2739 Ro-

187 2758 252 2778 mae
280 2759 346 2780 non
372 2751 592 2791 intelligebat,
613 2753 669 2792 qui
696 2757 807 2782 essent
829 2752 886 2781 Dii

186 2791 299 2830 patrii,
314 2797 348 2824 et
361 2795 508 2824 exoritur
522 2795 618 2835 plane
630 2795 758 2826 inutilis
779 2807 888 2824 wucro-

184 2833 290 2873 λογῖιι,
306 2835 341 2865 in
357 2846 420 2874 qua
432 2836 515 2868 nihil
530 2838 591 2869 uisi
605 2847 761 2869 numerus
778 2843 889 2879 potest

184 2886 254 2908 esse
270 2879 436 2918 quaesitus,

973 2283 1014 2314 60
1036 2283 1170 2321 signum
1191 2283 1313 2317 ullum,
1331 2282 1396 2311 tab.
1410 2280 1460 2321 p.]
1488 2279 1570 2311 Edd.
1586 2291 1635 2321 pr.

931 2329 962 2355 et
984 2326 1050 2356 tab.
1071 2326 1190 2364 pictas.
1236 2323 1418 2363 Singularis
1442 2333 1537 2354 verus
1563 2332 1634 2361 est3

931 2371 1030 2407 quem
1054 2367 1211 2398 induxere
1237 2367 1274 2397 P.
1297 2367 1475 2403 Victorius,
1505 2366 1540 2396 P.
1562 2366 1635 2397 Ma-

933 2411 1059 2447 nutius,
1084 2415 1201 2448 estque
1237 2410 1270 2449 in
1300 2410 1364 2439 Gu.
1409 2409 1472 2439 Sed
1505 2410 1636 2440 monuit

934 2452 1072 2483 Hotom.
1101 2452 1308 2482 scribendum
1333 2461 1402 2482 esse
1425 2453 1531 2483 ullam
1557 2456 1579 2482 t.
1596 2462 1632 2492 p.

932 2496 1074 2535 optime:
1099 2495 1176 2534 quia
1197 2500 1231 2525 et
1257 2496 1292 2525 in
1312 2495 1434 2525 ultimo
1460 2495 1634 2535 repetitur.

931 2538 1037 2568 Possis
1056 2538 1157 2567 etiam
1173 2538 1334 2576 conjicere
1357 2541 1430 2573 aut,
1445 2537 1532 2576 quod
1553 2538 1588 2568 in
1603 2542 1637 2567 et

931 2585 1100 2610 mutatum
1135 2580 1190 2610 sit.
1235 2578 1315 2610 Mox
1349 2579 1498 2610 Graevius
1532 2581 1635 2610 tacite

931 2622 1032 2653 edidit
1061 2623 1240 2659 desierunt,
1268 2622 1399 2652 videtur
1423 2632 1491 2652 esse
1514 2623 1634 2653 vitium

928 2675 1116 2706 operarum.
1154 2666 1214 2696 Sed
1230 2665 1275 2695 sic
1288 2674 1402 2695 tamen
1417 2671 1452 2695 et
1466 2664 1529 2695 Ms.
1548 2666 1612 2695 Gn.

971 2709 1008 2738 61
1035 2712 1095 2738 ant
1118 2708 1180 2738 uisi
1202 2707 1288 2747 arb]
1314 2708 1383 2738 Αιιι
1404 2717 1480 2738 cum
1502 2708 1633 2738 Graevio

929 2762 947 2781 e
967 2750 1027 2781 Ms.
1053 2750 1102 2780 Fr.
1122 2754 1158 2780 et
1171 2751 1235 2780 Gu.
1253 2751 1371 2790 recepi.
1416 2749 1497 2781 Mox
1518 2761 1556 2780 ex
1580 2761 1635 2779 eo-

931 2793 1005 2824 dem
1041 2793 1282 2823 dissolutionem
1317 2803 1377 2833 pro
1412 2793 1501 2833 vulg.
1537 2793 1634 2824 dissu-

931 2837 1079 2866 Iatinnes.
1123 2835 1232 2866 Verba
1244 2834 1428 2876 iis—sitisse
1442 2835 1635 2866 exciderunt

931 2879 966 2908 in
981 2878 1047 2910 Ms-
1063 2878 1127 2909 Gu.
1143 2887 1242 2909 causa
1254 2878 1289 2908 in
1304 2884 1439 2919 promtu
1454 2883 1514 2909 est.

843 2922 968 2964 nbi).
