1907 3231
335 160 410 197 513
900 160 1151 200 ORATIO

334 276 430 304 rum
454 277 690 328 aequorum,
721 279 818 321 quae
839 266 966 308 nobis
989 281 1013 306 a
1033 263 1270 318 majoribus
1299 263 1459 306 tradita
1483 272 1561 316 est,
1583 265 1766 307 retinea-

336 328 430 362 tur:
464 331 511 361 ut
533 337 575 362 1n
598 324 777 379 judiciis
810 333 853 363 et
885 323 975 364 sine
1004 321 1168 362 invidia
1199 321 1326 378 culpa
1356 322 1580 378 plectatur,
1610 333 1653 364 et
1676 322 1767 364 sine

301 377 464 432 ficulpa
486 368 648 421 invidia
669 390 866 437 ponatur.
927 379 1221 442 Quamobrem
1243 393 1268 419 a
1288 380 1426 431 vobis,
1441 379 1626 435 judices,
1648 389 1768 421 ante-

336 449 466 490 quam
488 437 540 477 de
571 437 650 493 ips
640 454 662 478 3
695 450 821 478 causa
851 435 992 477 dicere
1022 435 1202 491 incipio,
1222 435 1318 477 haec
1349 436 1549 493 postulo:
1582 437 1769 493 primu'm'

335 491 394 543 id,
425 493 572 547 quod
561 494 852 553 aequissimum
871 501 949 543 est,
971 501 1020 533 ut
1040 506 1092 533 ne
1110 492 1215 547 quid
1229 492 1315 534 huc
1332 494 1600 558 praejudicati
1618 494 1770 535 affera-

336 549 406 590 tis.
429 551 587 591 etenim
612 565 696 591 non
720 557 847 590 modo
871 550 1187 601 auctoritatem,
1219 549 1292 590 sed
1321 550 1450 592 etiam
1477 565 1633 592 nomen
1650 551 1780 607 judi-'

335 621 435 647 curn
465 609 725 657 amittemus,
747 607 829 647 nisi
862 606 933 648 hic
967 622 1022 651 ex
1052 606 1155 663 ipsis
1178 606 1315 648 causis
1331 607 1640 661 judicabimuS,
1663 623 1711 650 36
1733 608 1771 650 si

334 664 388 704 ad
412 678 510 703 615111
495 679 559 704 35
574 639 775 728 judici'a
757 678 851 727 Jam
873 664 989 705 facta
1004 665 1134 705 domo
1150 663 1402 705 deferemus.
1419 664 1572 706 deinde
1590 665 1625 707 si
1640 675 1771 722 quam

334 721 583 777 opinionem
599 736 691 776 Jam
715 721 866 761 vestris
885 721 1102 762 mentibus
1119 721 1518 786 comprehendistis,
1540 722 1574 763 si
1591 728 1688 764 eam
1705 737 1771 764 ra-

334 778 397 818 tio
419 778 645 829 convellet,
680 781 698 809 3
714 779 747 819 si
769 778 906 820 matio
933 778 1228 829 labefactabit,
1252 778 1285 819 si
1308 778 1492 833 denique
1514 779 1668 821 veritas
1691 794 1769 821 ex-

333 835 577 888 torquebit:
610 850 664 877 ne
696 836 959 892 repugnetis,
980 850 1161 892 eamque
1192 836 1346 876 animis
1357 835 1518 878 ,vestris
1540 845 1614 877 aut
1633 837 1770 879 liben-

224 911 256 943 p.
275 904 321 934 19.
338 891 451 931 tibus
488 901 562 933 aut
595 907 730 949 aequis
762 893 1006 934 remittatis.
1030 902 1122 935 tum
1155 902 1313 944 autem,
1335 907 1432 934 cum
1466 907 1548 949 ego
1578 899 1770 952 unaqua-

290 953 419 1012 a·que
440 949 493 990 de
515 964 560 990 1e
581 950 737 1001 dicam,
759 959 804 991 et
823 951 999 1001 diluam,
1020 965 1075 992 ne
1096 951 1194 1016 ipsi,
1216 965 1312 1006 quae
1335 959 1550 992 6011113113
1571 959 1684 1003 sunt,
1693 956 1770 992 ta·-

335 1005 411 1046 citi
435 1006 692 1063 cogitationi
715 1016 868 1048 vestrae
891 1008 1151 1063 subjiciatis:
1185 1008 1257 1049 sed
1279 1008 1331 1049 ad
1354 1017 1595 1048 extremum
1617 1019 1771 1074 exspe-

336 1063 478 1115 ctetis,
490 1041 554 1104 t>et
591 1078 660 1105 me
697 1078 840 1105 meum
877 1065 1049 1106 dicendi
1086 1064 1280 1106 ordinem
1318 1079 1484 1106 servare
1519 1066 1771 1130 patiamini:

336 1135 436 1161 cum
457 1135 673 1177 peroraro,
704 1130 812 1174 tum,
843 1121 878 1162 si
899 1122 1003 1178 quid
1026 1122 1107 1163 erit
1127 1121 1408 1179 praeteritum,
1431 1137 1457 1163 3
1484 1135 1552 1163 me
1585 1123 1773 1187 requira-

291 1177 408 1226 3tis.
470 1177 566 1234 Ego
588 1178 871 1244 me‚judices,
893 1181 948 1221 ad
980 1194 1073 1221 eam
1106 1193 1279 1220 causam
1310 1180 1525 1231 accedere,
1555 1195 1652 1236 quae
1667 1180 1771 1236 jam

301 1251 325 1290 7
340 1249 415 1298 per
434 1249 569 1276 annos
588 1246 688 1277 octo
711 1238 940 1278 continuos
962 1251 1016 1278 ex
1036 1236 1251 1279 contr·a1ia
1267 1244 1389 1293 parte
1411 1237 1623 1289 audiatur,
1641 1247 1774 1293 atque

337 1306 431 1356 ipsa
448 1293 652 1349 opinione
668 1293 893 1336 hominum
909 1295 1042 1336 tacita
1061 1309 1196 1359 prope
1214 1294 1415 1335 convicta
1429 1302 1556 1351 atque
1572 1295 1775 1336 damnata

336 1350 406 1401 sit,
430 1349 555 1391 facile
576 1351 796 1409 intelligo:
830 1352 917 1404 sed,
949 1353 982 1393 si
1016 1367 1112 1408 quis
1143 1350 1251 1393 mihi
1283 1351 1386 1393 deus
1415 1361 1599 1394 vestram
1629 1352 1682 1393 ad
1702 1360 1774 1394 me

336 1407 597 1449 audiendum
628 1386 965 1450 benivolentiam
987 1408 1252 1460 conciliarit3
1284 1408 1469 1450 efficiam
1490 1408 1713 1474 profecto,
1724 1417 1774 1450 ut

334 1464 602 1521 intelligatis,
633 1466 743 1507 nihil
768 1480 859 1507 esse
890 1466 1058 1508 homini
1094 1475 1182 1507 tam
1212 1466 1466 1518 timendum,
1497 1474 1626 1523 quam
1658 1466 1771 1507 invi-

332 1521 475 1564 diam:
508 1522 615 1563 nihil
656 1523 891 1574 innocenti,
932 1532 1131 1588 suscepta
1169 1523 1346 1573 invidia,
1388 1531 1478 1565 tam
1516 1523 1769 1580 optandum,

334 1593 464 1634 quam
488 1594 659 1634 aequum
676 1580 908 1635 judicium,
930 1582 1076 1637 quod
1067 1595 1111 1622 111
1131 1581 1215 1622 hoc
1244 1595 1330 1621 uno
1360 1580 1544 1636 denique
1566 1580 1715 1622 falsae
1706 1595 1772 1621 in-

334 1635 480 1677 famiae
515 1636 612 1678 finis
642 1637 795 1693 aliquis
831 1647 959 1694 atque
990 1639 1132 1679 exitus
1165 1637 1414 1702 reperiatur.
1476 1638 1772 1684 Quamobrem

333 1707 494 1748 magna
521 1708 590 1735 me
622 1709 717 1750 spes
745 1703 876 1746 tenet,
909 1710 942 1736 Sl
964 1710 1027 1746 ea,
1058 1710 1155 1751 quae
1187 1702 1286 1735 sunt
1310 1694 1355 1736 in
1377 1709 1520 1746 631153,
1540 1695 1772 1751 explicare,

336 1758 466 1805 atque
487 1751 633 1792 omnia
650 1752 832 1794 dicendo
855 1753 1059 1808 consequi
1082 1761 1278 1809 potuero,
1299 1751 1416 1793 hunc
1436 1751 1578 1793 locum
1601 1758 1774 1793 conses-

339 1822 520 1863 sumque
541 1819 745 1861 v·est1um,
767 1824 892 1865 quem
912 1810 972 1853 illi
990 1809 1240 1851 horribilem
1258 1807 1313 1850 A.
1334 1808 1536 1850 Cluentio
1555 1824 1603 1851 ac
1621 1808 1773 1850 formi-

338 1864 536 1906 dolosum
558 1864 650 1907 fore
671 1877 803 1923 putav
807 1876 945 1919 erunt,
967 1882 1064 1909 eum
1086 1867 1259 1908 tandem
1280 1865 1374 1924 ejus
1396 1865 1463 1907 foi
1467 1874 1582 1908 tunae
1605 1866 1772 1908 miserae

302 1922 800 1979 Smultumquejactatae
824 1934 996 1981 portum
1010 1940 1060 1965 ac
1076 1924 1321 1980 perfugium
1343 1923 1552 1966 futurum.
1581 1922 1773 1966 Tametsi

337 1980 551 2035 permulta
569 1991 682 2032 sunt,
699 1997 795 2037 quae
817 1981 937 2032 mihi,
954 1991 1184 2038 antequam
1201 1982 1252 2022 de
1271 1996 1399 2024 631153
1412 1981 1569 2033 dicam,
1585 1981 1638 2022 de
1653 1985 1773 2022 com-

335 2037 541 2078 munibus
570 2013 745 2079 invidiae
776 2014 975 2095 periculis
1009 2039 1191 2080 dicenda
1219 2053 1309 2079 esse
1331 2038 1580 2080 videantur:
1612 2047 1772 2089 tamen,

335 2109 391 2134 ne
412 2094 573 2135 diutius
595 2095 789 2137 oratione
812 2110 906 2137 mea
937 2111 1141 2152 suspensa
1168 2096 1437 2152 exspectatio
1459 2104 1599 2137 vestra
1626 2104 1772 2136 tenea·-

337 2161 422 2201 tur,
441 2152 667 2208 aggrediar
683 2153 738 2195 ad
767 2154 929 2194 crimen
948 2168 1046 2194 cum
1066 2153 1136 2194 illa
1153 2153 1469 2209 deprecatione,
1483 2152 1668 2216 judices,
1687 2163 1774 2208 qua

336 2209 445 2250 mihi
468 2210 624 2265 saepius
642 2211 849 2252 utendum
865 2225 955 2252 esse
974 2211 1184 2267 intelligo,
1206 2211 1266 2251 sic
1287 2220 1337 2250 ut
1356 2224 1426 2251 me
1448 2209 1645 2275 audiatiS,
1664 2224 1770 2264 qua-

339 2267 374 2306 si
397 2266 480 2307 hoc
503 2276 696 2323 tempore
716 2267 813 2309 haec
846 2283 974 2309 causa
1005 2269 1192 2324 primum
1224 2268 1406 2319 dicatur,
1429 2267 1554 2308 sicuti
1587 2266 1771 2318 dicitur3

337 2338 427 2364 non
449 2339 571 2379 quasi
594 2339 708 2380 saepe
723 2324 817 2380 jam
840 2326 956 2367 dicta
976 2336 1017 2366 et
1039 2340 1282 2390 numquam
1296 2326 1477 2389 probata
1499 2323 1567 2365 sit.
1630 2323 1773 2365 Hodi-

337 2395 441 2421 erno
463 2395 577 2421 enim
600 2381 668 2422 die
690 2383 876 2438 primum
899 2383 1052 2424 xeteris
1074 2382 1197 2423 istius
1226 2397 1416 2423 criminis
1439 2381 1627 2424 diluendi
1648 2390 1773 2437 pote-

340 2446 426 2478 stas
447 2447 512 2479 est
531 2438 654 2481 data:
686 2448 785 2480 ante
805 2439 889 2481 hoc
912 2451 1080 2496 tempus
1103 2454 1219 2480 erior
1240 2440 1282 2480 in
1305 2439 1386 2481 hac
1408 2453 1536 2479 causa
1555 2447 1684 2493 atque
1706 2453 1772 2479 ln·-

340 2495 458 2535 vidia
479 2505 647 2536 1615313
667 2505 745 2537 est.
789 2497 1082 2543 Quamobrem
1097 2498 1197 2538 dum
1219 2496 1453 2537 multorum
1475 2508 1684 2536 annorum
1700 2510 1773 2559 36-

297 2558 330 2588 b
344 2552 555 2593 cusationi
578 2553 764 2594 brexitcr
784 2553 1054 2609 dilucideque
1076 2553 1327 2610 respondeo,
1342 2567 1503 2608 quaeso,
1525 2560 1574 2592 ut
1594 2566 1678 2602 me,
1696 2551 1772 2607 ju-

297 2608 476 2671 4diceS,
498 2609 623 2650 sicuti
646 2609 787 2651 facele
809 2611 1068 2661 instituistis,
1099 2611 1286 2667 benigne
1307 2619 1554 2665 attenteque
1572 2609 1772 2650 audiatis.

308 2697 334 2731 9
403 2665 656 2726 Corrupisse
688 2667 847 2712 dicitur
877 2668 932 2710 A.
963 2668 1188 2711 Cluentius
1203 2646 1429 2724 judicium
1462 2667 1658 2723 pecunia,
1684 2681 1771 2723 quo

384 2823 404 2851 3
425 2821 454 2851 si
467 2823 569 2852 oratio
584 2822 696 2863 labegfij
741 2824 795 2854 Sic
809 2833 885 2854 eum
904 2823 1038 2855 Lasnbi-
1080 2833 1194 2855 renem
1207 2824 1256 2854 bis
1265 2824 1354 2856 ratio
1362 2823 1502 2856 dedisse:
1525 2823 1615 2857 etsie
1624 2825 1675 2856 est
1687 2821 1776 2857 bella

342 2871 386 2892 no
399 2874 416 2894 6
428 2864 491 2894 MS.
506 2865 539 2895 S.
550 2865 589 2895 V
582 2867 691 2896 ictoris
706 2867 851 2906 rescripsi
864 2877 921 2906 pro
934 2868 1036 2897 ratio.-
1079 2866 1240 2907 gradatio.

342 2913 420 2937 nam
433 2906 524 2938 nullo
538 2907 634 2939 modo
644 2908 772 2940 credere
786 2918 930 2952 possum,
945 2908 1038 2940 Cice-
