1907 3231
303 126 379 161 234
827 125 895 163 IN
926 123 1202 163 VERREM

220 237 289 275 174
305 226 348 267 Si
372 227 565 278 ostendo,
587 227 670 270 hoc
691 228 928 270 demovisse
949 229 1222 280 decumanos,
1243 229 1275 270 si
1297 228 1470 286 planum
1493 228 1619 280 facio,
1640 228 1725 271 hoc

302 284 472 326 decreto
488 295 670 326 remotas
687 286 976 326 esselittcras·
968 286 1374 342 ‚quidcxspectatis
1394 287 1603 342 amplius?
1626 301 1723 342 pos-

301 356 450 382 sumne
470 357 554 382 rem
579 357 632 383 m·
625 343 715 398 igis
732 343 855 397 judic
859 352 970 382 atam
991 343 1153 392 aflerre,
1176 358 1311 399 magis
1332 358 1445 384 reum
1467 345 1724 384 condemna-

302 408 392 438 tum
416 399 457 439 in
474 400 688 454 judicium
711 400 944 440 Ηιιίᾶιιεειεὲ
977 399 1035 439 At
1057 414 1237 454 quorum
1264 400 1433 454 judicio
1466 403 1725 441 condemna-

301 458 421 497 tum?
452 470 605 511 mmpe
627 471 787 505 eorum,
820 471 926 511 quos
954 456 997 506 ii,
1029 471 1100 510 qui
1133 458 1343 497 sev-mora
1369 457 1535 513 judicia
1558 458 1725 498 deside-

300 523 408 563 rant,
439 514 699 552 arbitrantur
718 527 780 552 res
796 512 993 566 judicare
1015 522 1226 567 o}›01··te1e,
1258 515 1580 569 publicanorum
1605 514 1723 577 Judi-

299 569 387 621 ci0;
418 584 524 624 quos
550 569 744 609 videlicet
767 584 879 609 nunc
903 569 1083 624 populus
1099 569 1267 623 judices
1292 573 1452 625 poscit,
1474 572 1526 612 de
1548 586 1619 626 qu·¹
1611 572 1721 621 bus,

299 635 346 666 ut
367 626 622 680 eosjudices
647 626 890 676 habeamus,
921 626 1058 682 legem
1091 627 1145 666 ab
1174 626 1347 667 homine
1375 642 1459 668 non
1491 628 1622 668 nostri
1648 641 1722 682 ge-

298 684 423 732 neris,
446 698 529 723 non
552 697 605 723 ex
625 684 809 737 equestri
828 683 922 723 loco
941 683 1150 738 profecto,
1173 683 1244 723 sed
1266 687 1301 717 9Ι
1321 685 1599 735 nobilissimo,
1623 698 1721 747 pro-.-

215 740 532 794 1751nulgatam
552 739 759 780 ιίιῖθιιιιι5.
821 739 998 780 Decum
992 741 1077 790 mi,
1099 740 1182 780 hoc
1204 750 1280 790 est,
1304 742 1516 796 principes
1535 752 1577 781 et
1598 755 1720 796 quast

297 807 510 837 senatores
533 795 874 860 publicanorum,
906 797 1181 837 removendas
1203 797 1255 837 de
1278 798 1418 838 medio
1437 798 1597 838 litteras
1621 812 1725 838 cen-

295 863 483 894 sucu-‚unt
546 853 701 894 Habeo
743 869 797 894 ex
837 854 902 903 iis,
944 854 1016 908 qui
1059 854 1287 903 afiueiunt,
1329 869 1435 909 quos
1470 855 1719 910 producam,

291 911 497 965 9‘2quibus
519 910 601 951 hoc
622 911 906 974 committam,
939 910 1132 951 homines
1167 911 1487 952 honestissimos
1521 926 1570 952 ac
1602 912 1720 952 locu-

293 966 565 1021 pletissim05‚
598 968 700 1008 istos
720 968 834 1031 ipsos
849 968 1083 1031 principes
1094 969 1299 1021 equestris
1319 968 1503 1010 ordinis:
1537 983 1719 1023 quorum

293 1023 516 1087 splendore
537 1025 603 1065 vel
636 1039 824 1065 maxmie
847 1024 982 1073 istius,
1013 1026 1087 1079 qui
1120 1024 1257 1080 legem
1291 1024 1721 1080 p1·omulg1vit,ora-

292 1081 353 1121 tio
394 1092 437 1122 et
478 1096 604 1122 elusa
642 1082 808 1122 nititur.
869 1081 1055 1121 Venient
1092 1081 1135 1121 in
1177 1081 1392 1134 medium3
1424 1083 1582 1132 dicent,
1614 1082 1716 1146 quid

291 1139 532 1179 statuerint.
585 1131 810 1202 Profecto,
843 1138 877 1178 si
898 1147 1012 1178 recte
1035 1138 1228 1178 homines
1252 1139 1367 1188 novi,
1398 1153 1483 1179 non
1507 1140 1717 1179 mentien-

291 1203 372 1235 tur.
435 1195 617 1236 Litteras
639 1196 753 1236 enim
783 1209 1030 1236 communes
1061 1195 1113 1236 de
1142 1196 1285 1236 medio
1317 1209 1534 1236 removere
1566 1205 1719 1251 potue-

290 1262 412 1293 runt:
446 1252 573 1293 fidem
610 1268 728 1293 suam
771 1261 812 1292 et
850 1252 1099 1308 relioionem
1144 1266 1360 1293 removere
1396 1267 1481 1293 non
1525 1262 1718 1307 possunt.

291 1307 407 1364 Ergo
436 1311 600 1365 equites
634 1309 836 1359 Romani,
867 1311 939 1364 qui
963 1319 1005 1349 te
1025 1314 1065 1344 93
1079 1325 1154 1350 suo
1170 1310 1339 1364 judicio
1362 1309 1716 1360 condemnarunt,

288 1365 441 1406 horum
465 1367 633 1422 judicio
664 1367 939 1408 condemnari
981 1366 1223 1407 noluer.unt
1285 1366 1371 1406 Vos
1404 1381 1532 1417 nunc,
1573 1376 1716 1407 utrum

289 1422 456 1464 illorum
491 1424 721 1479 judicium,
763 1438 816 1465 an
858 1423 1122 1464 xoluntatem
1155 1424 1273 1478 sequi
1304 1422 1478 1474 malitis,
1520 1424 1715 1464 conside-

289 1489 391 1520 rate.

206 1534 274 1588 72
347 1537 407 1578 At
430 1538 540 1589 vide,
572 1538 672 1593 quid
698 1547 739 1578 te
771 1538 1006 1579 amicorum
1037 1546 1204 1578 tuorum
1231 1537 1433 1587 studium,
1465 1537 1565 1592 quid
1591 1546 1712 1578 tuum

205 1605 277 1642 176
290 1594 529 1645 consilium,
561 1595 661 1649 quid
686 1596 899 1635 sociorum
923 1595 1117 1635 voluntas
1140 1595 1329 1649 adjuvet.
1394 1594 1547 1635 Dicam
1571 1594 1713 1650 paullo

289 1652 544 1706 promptius.
575 1666 712 1706 neque
733 1652 955 1706 enimjam
979 1666 1139 1702 vereor,
1170 1667 1222 1692 ne
1255 1652 1349 1706 quis
1372 1651 1454 1692 hoc
1489 1666 1556 1691 me
1578 1651 1714 1707 magis

286 1709 565 1758 accusatorie,
597 1723 723 1764 quam
754 1709 884 1749 libere
910 1709 1069 1749 dixisse
1100 1709 1342 1749 arbitretur.
1404 1709 1448 1748 Si
1474 1708 1576 1748 istas
1600 1708 1715 1749 litte-

286 1779 351 1804 ras
380 1780 466 1806 non
496 1766 667 1806 decreto
693 1766 1027 1806 decumanorum
1060 1765 1254 1829 magistri
1286 1765 1588 1829 removissentj
1621 1774 1714 1805 tan-

237 1830 377 1870 htum
401 1837 568 1877 possem
604 1823 646 1862 in
681 1832 722 1862 te
751 1823 905 1874 dicere,
937 1834 1144 1877 quantum
1177 1823 1219 1862 in
1250 1822 1401 1862 litteris
1430 1822 1710 1863 invenissem:

283 1893 412 1929 nunc,
443 1880 615 1920 decreto
646 1880 728 1920 isto
761 1880 892 1931 facto,
923 1879 1159 1935 litteiisque
1192 1880 1382 1929 1emotis,
1413 1888 1580 1919 tantum
1605 1879 1713 1920 mihi

283 1934 384 1976 licet
413 1936 567 1987 dicere,
597 1940 854 1991 94quantum
892 1951 1090 1992 possum;
1130 1946 1296 1976 tantum
1323 1936 1463 1991 judici
1474 1936 1714 2000 suspicaii,

282 2003 490 2046 quantum
523 1993 636 2034 velit.
698 1993 826 2043 Dico,
857 2003 899 2034 te
927 2008 1162 2033 maxrmum
1195 1993 1361 2048 pondus
1393 1993 1499 2044 auri,
1530 1993 1711 2048 argenti,

283 2050 439 2100 eboris,
472 2065 689 2106 purpurae,
722 2050 948 2106 plurimam
979 2061 1138 2090 vestem
1163 2050 1452 2100 Melitensem,
1483 2049 1711 2105 plurimam

284 2106 532 2163 stragulam,
563 2108 742 2148 multam
783 2107 1005 2148 Deliacam
1044 2107 1364 2164 supellectilem,
1395 2106 1578 2162 plurima
1611 2121 1711 2147 vasa

320 2274 358 2304 91
383 2272 521 2301 nobiliss.
538 2280 646 2311 prom.
667 2270 827 2310 videmus]
850 2270 889 2300 L.
906 2270 972 2301 Au·
1018 2270 1072 2300 nia
1084 2269 1216 2306 delevit,
1232 2269 1305 2300 inde
1319 2269 1358 2299 ab
1373 2268 1524 2299 omnibus
1538 2277 1622 2308 seqq.
1637 2267 1709 2300 edd.

282 2314 361 2345 telio
377 2314 490 2350 Cotta,
506 2313 544 2344 de
559 2314 653 2353 cujus
668 2313 738 2353 lege
755 2323 784 2342 v.
800 2313 890 2342 elav.
1017 2312 1118 2342 abest.
1164 2313 1282 2342 Sensus
1301 2316 1412 2341 autem
1427 2318 1494 2340 est.
1518 2311 1633 2349 quibus
1647 2309 1710 2341 hoe

321 2357 362 2389 9²2
383 2356 497 2394 quibus
511 2357 566 2385 hoc
577 2355 792 2394 committam]
812 2355 892 2385 Haec
905 2364 974 2384 ver·
1016 2354 1190 2390 mandabo,
1204 2363 1243 2384 ut
1260 2353 1409 2394 producti
1424 2353 1547 2389 dicant,
1570 2352 1676 2390 quod'
1669 2352 1708 2382 iis

280 2398 321 2428 ba
335 2397 431 2438 plene
446 2398 556 2428 addita
568 2402 659 2433 sunt,
684 2403 723 2428 ut
744 2398 901 2427 Gruterus
917 2406 974 2426 no-
1017 2396 1114 2427 fidem
1138 2396 1253 2431 babeo,
1260 2365 1316 2426 pac
1338 2397 1404 2425 scio
1424 2404 1536 2424 verum
1552 2393 1709 2426 dicturos.

280 2445 345 2476 tat,
359 2451 377 2470 e
392 2440 471 2469 Mss.
492 2440 616 2469 duobus
631 2440 787 2480 antiquis,
811 2439 974 2469 consenti·
1017 2437 1132 2478 Itaque
1157 2448 1223 2469 non
1248 2439 1327 2469 bene
1350 2437 1495 2467 Graexius
1519 2436 1628 2466 omisit
1651 2436 1710 2467 illa

279 2487 355 2512 ente
376 2482 526 2512 Palatino
541 2492 619 2512 uno,
664 2482 703 2512 In
726 2482 796 2511 edd.
811 2486 890 2511 vett.
907 2490 974 2510 non
1017 2481 1123 2510 verba.

278 2529 370 2561 sunt,
407 2533 545 2562 quorum
578 2524 697 2554 fiducia
723 2525 825 2554 etiam
853 2523 973 2553 delevit
1058 2526 1097 2556 93
1119 2520 1309 2562 suojndicio
1324 2520 1427 2558 cond]
1444 2529 1486 2549 sc.
1504 2519 1707 2549 removendis

278 2566 438 2603 Graevius,
454 2576 576 2604 negans
589 2575 622 2596 se
632 2566 753 2602 videre,
769 2575 841 2604 quae
854 2565 969 2594 horum
1012 2564 1125 2599 literis,
1142 2573 1213 2603 quae
1222 2564 1315 2593 Verri
1325 2572 1439 2592 nocere
1453 2565 1602 2601 possent:
1628 2571 1706 2592 nam

277 2609 450 2638 verborum
467 2608 514 2637 vis
528 2609 581 2637 sit.
617 2608 660 2638 At
675 2609 819 2648 primum
834 2607 971 2646 vestigia
1013 2607 1075 2637 hoe
1089 2608 1194 2646 ipsum
1217 2604 1294 2635 dum
1317 2605 1478 2639 fecerunt,
1499 2603 1705 2641 judicarunt,

277 2648 394 2679 horum
410 2651 580 2680 verborum
596 2655 672 2679 sunt
692 2652 726 2680 in
740 2650 812 2679 edd.
835 2659 881 2689 pr.
897 2658 971 2688 quae
1014 2649 1148 2679 Verrem
1172 2648 1262 2677 furta
1282 2647 1406 2682 fecisse,
1434 2655 1504 2684 quae
1519 2645 1704 2681 defendere,

274 2692 320 2722 sic
334 2692 475 2722 habent:
496 2702 571 2731 quos·
579 2692 773 2731 producam,
790 2692 904 2731 quibus
916 2693 972 2720 hoc
1006 2691 1131 2730 judicio
1142 2700 1206 2720 non
1217 2694 1334 2729 posset.
1349 2690 1481 2718 horium
1474 2687 1533 2717 n.t
1541 2687 1704 2727 judicum,

267 2735 461 2773 producam.
484 2733 593 2764 Patet·
596 2739 719 2764 temere
734 2743 853 2773 perque
866 2733 967 2771 negli-
1011 2734 1063 2772 qui
1081 2733 1119 2762 de
1134 2733 1234 2762 Verre
1249 2734 1461 2770 cognoscunt.

273 2776 420 2815 gentiam
431 2776 604 2815 repetitum
613 2785 657 2815 pr
659 2777 875 2815 oducam,pro
885 2785 968 2804 com-
1052 2777 1093 2808 94
1114 2778 1273 2814 quantum
1289 2755 1447 2812 εῬοιςςυηι]
1487 2770 1537 2801 An
1570 2771 1705 2809 possim,

273 2819 416 2848 mittam.
438 2817 546 2855 Atque
560 2817 620 2847 hoe
635 2817 720 2848 bona
732 2817 794 2848 fide
810 2817 967 2857 repetiere
1009 2817 1084 2856 quia
1097 2821 1172 2858 post
1183 2820 1232 2847 est
1248 2819 1270 2846 t.
1274 2814 1306 2856 j.
1321 2826 1347 2845 s
1360 2818 1520 2854 quantum
1534 2812 1622 2843 velit.

272 2859 344 2891 edd.
360 2859 493 2891 Mediol
511 2859 640 2890 Ascens.
674 2860 719 2890 At
730 2859 832 2891 Aldus
843 2863 880 2889 ut
896 2860 966 2890 ina-
