1907 3231
311 117 367 148 64
853 110 1102 150 ORATIO

310 214 600 264 ementiretur,
631 224 681 256 ut
709 214 864 256 malum
891 216 1029 256 civem
1066 215 1270 255 Roscium
1303 212 1431 254 fuisse
1460 209 1654 266 fingeret,
1687 217 1736 251 ut

312 285 410 311 eum
444 270 554 327 apud
579 271 839 312 adversarios
866 273 1053 313 occisum
1084 286 1174 312 csse
1205 271 1380 321 diceret,
1410 273 1507 309 82ut
1540 268 1656 308 hisce
1681 266 1734 307 de

316 327 440 368 rebus
467 344 490 369 u
521 328 669 383 legatis
703 327 1001 368 Amerinorum
1037 328 1177 369 doceri
1211 327 1259 368 L.
1283 327 1441 368 Sullam
1476 339 1620 381 passus
1648 337 1734 364 non

314 384 383 424 sit.
448 384 642 439 Denique
671 385 799 425 etiam
825 384 923 424 illud
955 385 1160 439 suspicor,
1182 384 1357 424 omnino
1392 383 1483 423 liaec
1507 383 1618 423 bona
1648 393 1736 420 non

315 441 499 482 venisse:
533 441 573 481 id
605 441 718 496 quod
751 452 911 495 postea,
943 441 975 480 si
1013 455 1084 495 per
1116 455 1203 489 VOS,
1230 439 1413 494 jtitlieeS,
1445 439 1606 479 licitum
1638 435 1733 485 erit,

230 502 302 536 128
317 498 542 553 aperietur.
603 498 770 553 Opinor
798 496 910 537 enim
944 512 1033 537 esse
1064 497 1106 536 in
1129 496 1235 551 lege,
1265 510 1391 551 quum
1421 495 1472 536 ad
1503 495 1614 535 diem
1639 506 1735 548 pro·-

312 555 563 609 seriptiones
607 554 955 607 venditionesque
997 553 1120 594 fiant:
1173 556 1211 583 83
1226 553 1424 593 nimirum
1469 562 1732 593 KALENDAS

315 624 332 652 J
346 624 509 651 omns.
570 610 746 665 Aliquot
767 618 864 664 post
885 623 1049 649 menses
1067 619 1110 649 et
1132 609 1262 649 homo
1284 609 1448 650 occisus
1469 618 1547 658 cst,
1565 617 1608 648 et
1622 607 1736 648 bona

313 667 476 707 venisse
498 667 711 707 dicuntur.
779 665 976 706 Profecto
999 676 1071 706 aut
1088 666 1180 706 liaec
1202 667 1240 696 8⁴¹
1254 666 1365 707 bona
1387 666 1426 706 in
1448 663 1612 706 tabulas
1625 662 1735 719 pub-

312 723 412 763 licus
436 723 548 764 nulla
579 724 805 773 redierunt,
828 738 987 777 nosque
1009 723 1062 763 ab
1097 722 1178 763 isto
1207 721 1417 763 nebulone
1439 721 1616 762 facetius
1646 718 1734 760 elu-

311 780 466 830 dimur,
497 795 624 834 quam
656 792 876 836 putamus:
917 788 1004 830 aut,
1038 779 1071 820 si
1102 779 1330 830 redierunt,
1363 778 1518 820 tabulae
1549 775 1732 833 publicae

314 848 527 892 corruptae
551 837 691 892 aliqua
714 837 875 877 ratione
897 847 1008 877 sunt.
1072 836 1183 876 Ram
1206 836 1298 891 lege
1319 834 1491 890 quidem
1521 835 1634 875 bona
1664 847 1734 874 ve-

313 893 404 933 nire
427 909 509 934 non
534 894 723 949 potuisse
752 903 934 935 constat.
995 892 1210 948 Intelligo,
1245 907 1311 933 ine
1333 900 1431 932 ante
1465 889 1734 946 tempuS,ju-

311 949 441 1001 dices,
463 950 554 990 liaec
577 950 769 1001 serutari,
793 961 835 991 ct
859 949 1166 1005 propemodum
1188 963 1339 1000 errare,
1361 949 1448 1003 qui,
1472 962 1570 990 cum
1599 945 1730 1002 capiti

313 1008 412 1046 Sex.
440 1007 585 1048 Roscii
607 1007 765 1048 mederi
794 1007 987 1056 debeam,
1020 1006 1237 1047 reduviam
1269 1020 1427 1048 curem.
1488 1005 1589 1046 Non
1618 1002 1733 1044 enim

203 1075 299 1115 pain.
313 1062 475 1103 laborat
497 1063 547 1103 de
572 1064 777 1119 pecunia:
810 1078 894 1104 non
926 1062 1048 1103 ullius
1081 1062 1288 1103 rationem
1322 1063 1385 1104 sui
1416 1060 1631 1103 commodi
1654 1059 1732 1101 du-

272 1120 392 1161 ‘··cit:
426 1119 548 1160 facile
569 1130 803 1175 egestatem
826 1135 943 1160 suam
963 1134 1006 1160 se
1025 1119 1208 1160 laturum
1230 1128 1365 1174 putat,
1388 1119 1422 1160 si
1453 1118 1532 1160 hac
1554 1117 1733 1172 indigna

230 1187 300 1222 129
314 1177 553 1231 suspicione
581 1187 623 1218 et
652 1176 754 1218 ficto
781 1177 957 1217 crimine
989 1176 1190 1217 liberatus
1220 1176 1288 1216 sit.
1350 1175 1507 1216 Verum
1539 1188 1685 1229 quaeso
1706 1187 1733 1213 a

313 1234 447 1283 vobis,
469 1233 655 1288 judiceS,
678 1244 725 1274 ut
753 1233 847 1275 haec
870 1248 1019 1289 pauca,
1052 1248 1148 1288 quae
1181 1241 1355 1283 restant,
1378 1232 1438 1273 ita
1465 1230 1661 1280 audiatis,
1682 1239 1737 1270 ut

308 1290 464 1344 partim
498 1304 566 1330 ine
605 1290 744 1331 dicere
775 1305 851 1346 pro
884 1305 952 1331 nie
994 1290 1087 1345 ipso
1121 1291 1293 1345 putetis,
1332 1289 1486 1345 partim
1519 1302 1596 1344 pro
1629 1287 1730 1328 Sex.

310 1347 484 1387 Roscio.
546 1347 656 1393 Quae
687 1347 802 1388 enim
834 1346 939 1387 mihi
974 1346 1053 1402 ipsi
1084 1346 1261 1402 indigna
1288 1355 1331 1387 et
1364 1343 1648 1387 intolerabilia
1668 1343 1730 1384 vi-

305 1403 474 1454 dentur,
499 1419 680 1459 quaeque
703 1404 755 1445 ad
777 1418 938 1455 omnes,
968 1403 1048 1444 nisi
1082 1403 1368 1458 providemus,
1390 1402 1572 1443 arbitror
1603 1399 1731 1457 perti-

308 1474 429 1512 nere;
461 1475 509 1500 ca
542 1475 617 1516 pro
649 1475 715 1502 me
746 1461 853 1516 ipso,
876 1475 929 1501 ex
964 1460 1093 1500 animi
1116 1460 1200 1500 mei
1224 1474 1346 1501 sensu
1379 1475 1428 1501 ac
1450 1458 1609 1509 dolore,
1631 1471 1729 1513 pro-

307 1518 474 1557 nuntio.
535 1520 645 1563 Quae
668 1518 720 1558 ad
744 1517 870 1573 liujus
893 1517 992 1558 vitae
1023 1531 1169 1558 casum
1202 1531 1455 1572 causamque
1477 1515 1737 1572 pertineant,

309 1584 352 1613 et
373 1574 475 1629 quid
500 1574 568 1615 liic
604 1589 678 1630 pro
715 1588 757 1615 sc
792 1574 875 1615 dici
900 1573 1015 1625 velit,
1037 1581 1080 1614 et
1111 1588 1196 1628 qua
1225 1573 1471 1615 conditione
1503 1579 1730 1613 contentus

224 1644 298 1676 130
310 1631 481 1685 sit,jam
509 1631 551 1671 in
582 1641 773 1672 extrema
793 1631 984 1671 oratione
1005 1630 1359 1686 nostra‚judiccS‚
1381 1629 1576 1671 audietis.
1635 1626 1731 1683 Ego

311 1687 403 1728 liaec
453 1703 478 1729 a
525 1687 825 1744 Chrysogono,
866 1702 960 1728 mea
1002 1698 1167 1743 sponte,
1210 1696 1373 1728 remoto
1412 1689 1513 1728 Sex.
1553 1685 1730 1735 Roscio,

226 1742 297 1793 45
312 1759 472 1798 quaero.
509 1745 715 1796 Primum,
731 1759 859 1800 quare
881 1744 985 1785 civis
1007 1745 1159 1800 optimi
1184 1745 1296 1785 bona
1311 1744 1538 1785 venierint:
1564 1740 1731 1791 deinde,

309 1816 439 1856 quare
469 1801 652 1842 hominis
691 1802 797 1856 ejus,
820 1805 858 1833 85
872 1802 944 1857 qui
967 1815 1105 1856 neque
1134 1801 1410 1857 proscriptuS,
1442 1813 1579 1855 neque
1616 1796 1731 1854 apud

306 1858 568 1899 adversarios
591 1859 756 1900 occisus
779 1868 856 1909 est,
880 1859 993 1899 bona
1015 1859 1236 1908 venierint,
1252 1872 1348 1898 euin
1372 1857 1415 1898 in
1436 1872 1508 1898 eos
1531 1855 1641 1897 solos
1660 1854 1729 1895 lex

304 1915 463 1970 scripta
486 1916 561 1957 sit:
605 1916 771 1966 deinde,
804 1929 932 1971 quare
965 1915 1182 1969 aliquanto
1205 1924 1302 1971 post
1325 1929 1418 1955 eam
1447 1914 1560 1955 diem
1588 1911 1734 1963 venie-

308 1972 404 2021 rint,
434 1987 531 2027 quae
563 1972 651 2013 dies
688 1973 729 2012 in
765 1973 856 2027 lege
898 1971 1111 2028 prm-finita
1142 1982 1230 2014 est:
1261 1971 1428 2022 deinde,
1458 1985 1534 2012 cur
1564 1967 1728 2010 tantulo

307 2029 526 2069 venierint.
588 2030 697 2076 Quae
721 2030 865 2070 omnia
886 2029 935 2080 si,
958 2029 1315 2084 quemadmodum
1338 2027 1473 2069 solent
1494 2026 1633 2068 liberti
1657 2040 1730 2066 ne-

304 2100 431 2140 quam
465 2096 508 2126 et
542 2086 724 2143 improbi
760 2086 910 2136 facere,
938 2087 981 2126 in
1015 2094 1242 2140 patronum
1273 2100 1394 2126 suuni
1419 2084 1598 2125 voluerit
1625 2097 1729 2124 con·
1760 2101 1763 2103 ·

304 2143 435 2193 ferre3
467 2142 573 2183 niliil
605 2144 754 2198 egerit.
816 2143 956 2184 Nemo
988 2152 1053 2182 est
1080 2144 1209 2193 enini,
1243 2142 1314 2197 qui
1349 2142 1524 2192 neseiat,
1557 2149 1729 2196 propter

303 2200 644 2255 magnitudinem
667 2214 805 2241 rerum
834 2199 970 2240 multa
998 2199 1168 2253 inultos,
1193 2199 1419 2255 [asipartim
1453 2196 1730 2253 connivente]

346 2313 386 2342 82
407 2317 599 2352 itt—passus
623 2323 686 2343 non
711 2313 766 2353 sit]
806 2313 877 2344 Hoc
906 2312 997 2343 nullo
1041 2313 1131 2344 (Llstv.
1147 2314 1179 2343 in
1194 2314 1313 2343 mellus.

304 2353 401 2384 modo
414 2364 526 2385 verum
538 2360 605 2385 est:
624 2365 682 2385 nec
695 2366 769 2386 cuni
783 2355 997 2395 superioribus
1082 2359 1120 2386 85
1144 2356 1198 2395 qni
1214 2364 1314 2393 neque
1327 2353 1539 2393 proscriptus]
1567 2353 1647 2383 noec
1662 2361 1729 2383 non

302 2396 379 2426 coit.
403 2396 488 2436 Quid
500 2403 550 2427 est
561 2398 671 2428 enirn?
698 2398 881 2437 lzoecsecisse
899 2398 998 2436 (7z1‘y-
1040 2403 1117 2428 sunt
1137 2398 1170 2427 in
1190 2396 1260 2426 edd.
1281 2406 1330 2436 pr.
1348 2395 1402 2425 sed
1418 2407 1436 2425 e
1455 2396 1643 2433 conjectura
1661 2395 1732 2425 Ho—

301 2446 457 2477 sogonum
479 2440 559 2476 dico,
583 2445 745 2479 utpassus
767 2450 829 2469 mm
850 2441 904 2476 sic,
920 2442 997 2470 ,Sul—
1040 2445 1121 2470 toni,
1139 2450 1159 2469 a
1182 2439 1216 2469 P.
1235 2438 1386 2468 Manutio
1420 2438 1552 2472 inserta,
1575 2446 1672 2476 quein
1693 2442 1735 2468 et

303 2481 372 2509 lam
393 2480 526 2510 doceri?
549 2481 670 2511 Saltem
694 2481 830 2512 debebat
844 2491 910 2511 esse
932 2492 996 2511 mm.
1038 2481 1093 2511 alii
1115 2481 1216 2511 scruti
1237 2485 1324 2510 sunt.
1369 2480 1522 2509 Ceterum
1544 2488 1592 2509 res
1606 2484 1639 2509 et
1655 2488 1730 2509 scn-

294 2526 481 2562 paterelur.
497 2523 558 2553 Sed
573 2523 662 2553 aliud
677 2523 776 2553 latere
791 2524 842 2553 liic
854 2524 993 2560 videtur,
1037 2525 1143 2553 tentia
1156 2533 1194 2552 ea
1210 2522 1355 2561 requirit,
1369 2526 1402 2550 et
1415 2530 1550 2560 sequens
1564 2529 1665 2559 neque
1679 2522 1728 2550 in·

301 2563 388 2602 quod
413 2565 482 2595 sine
505 2564 661 2596 librorum
687 2566 812 2596 auxiliis
834 2567 903 2596 crui
927 2576 992 2596 non
1036 2564 1134 2601 dicat,
1151 2564 1290 2594 alterum
1307 2563 1489 2593 membrum
1504 2563 1666 2593 excidisse.
1685 2563 1729 2594 ln.

300 2611 420 2646 potest.
1039 2607 1099 2636 Ms.
1123 2608 1185 2636 (ιύ.
1209 2606 1304 2636 verba
1325 2605 1651 2635 deinde—venierint
1671 2614 1727 2634 ex-

344 2650 384 2678 83
405 2658 438 2678 n.
467 2647 636 2679 Kalendas
659 2649 795 2688 Jaemzas]
829 2650 935 2681 Junta
959 2654 993 2680 et
1035 2649 1149 2679 cidere.

300 2688 402 2720 Aldus
421 2689 568 2720 addidere
588 2692 649 2723 «nl,-
674 2691 760 2729 quod
773 2697 807 2721 et
828 2691 924 2730 vulgo
945 2702 992 2722 se·
1077 2692 1117 2722 86
1132 2691 1259 2729 partim
1278 2688 1475 2728 connivente]
1503 2688 1574 2719 Hoc
1592 2699 1657 2718 non
1676 2692 1727 2727 est

300 2731 472 2769 cinisum,
491 2733 615 2771 (estque
630 2733 662 2762 in
678 2733 739 2762 Ms.
754 2734 829 2773 Gn.)
856 2743 921 2764 non
937 2743 991 2764 nc-
1036 2732 1069 2762 in
1086 2731 1163 2763 Mss.
1182 2738 1239 2761 aut
1251 2732 1322 2761 edd.
1347 2741 1394 2770 pr.
1410 2731 1464 2761 scd
1477 2737 1526 2760 est
1541 2741 1560 2760 a
1579 2731 1727 2761 Victor-io

301 2774 451 2804 cessario.
472 2774 526 2804 sed
539 2774 607 2804 leve
621 2779 681 2804 cst.
1035 2780 1068 2804 et
1085 2775 1118 2804 P.
1132 2773 1294 2804 trianiitio.
1340 2773 1474 2803 Partim
1489 2772 1664 2810 indicabat,
1679 2773 1726 2802 al—

342 2817 384 2847 84
406 2816 486 2848 bona
500 2818 594 2848 nulla
608 2815 744 2858 rediere]
762 2816 780 2847 i.
797 2826 863 2848 non
879 2816 944 2849 red.
962 2828 990 2846 v.
1035 2823 1142 2847 terum
1167 2816 1348 2847 membrum
1377 2814 1500 2846 deesse:
1538 2814 1726 2855 supplevere
