1907 3231
542 104 661 143 PRO
687 100 732 143 L.
759 103 1032 143 MURENA.
1432 105 1510 142 699

75 206 145 248 cui
169 220 265 248 vere
287 206 399 248 istud
423 207 557 263 objici
580 209 731 265 possit.
771 208 912 250 Nemo
928 207 1043 248 enim
1066 205 1152 246 fere
1176 205 1301 247 saltat
1323 205 1508 256 sobrius,

75 264 155 304 nisi
188 264 298 305 forte
332 265 513 306 insanit:
547 281 684 321 neque
714 267 756 306 in
792 265 1034 315 solitudine,
1068 277 1206 317 neque
1238 263 1278 302 in
1308 263 1510 303 convivio

74 321 297 362 moderato
330 330 458 376 atque
492 322 687 363 honesto.
719 322 963 380 tempestivi
997 320 1201 369 convivii,
1224 320 1385 360 amoeni
1409 319 1509 369 loci,

74 377 305 418 multarum
328 378 573 419 deliciarum
598 395 741 421 comes
764 390 828 422 est
857 389 1050 420 extrema
1080 376 1264 417 saltatio.
1315 375 1379 416 Tu
1404 376 1509 416 mihi

75 435 227 490 arripis
260 435 317 484 id,
340 436 454 490 quod
479 451 650 478 necesse
681 447 745 478 est
772 438 964 478 omnium
995 435 1197 476 vitiorum
1231 447 1322 472 esse
1346 441 1511 488 postre-

74 504 218 533 mum:
251 491 454 547 relinquis
492 493 576 544 illa,
608 495 764 550 quibus
798 494 986 544 remotis,
1022 492 1106 532 hoc
1143 490 1294 530 vitium
1331 490 1508 530 omnino

74 562 165 588 esse
186 562 272 588 non
307 559 461 605 potest.
495 550 659 592 nullum
693 560 817 607 turpe
850 549 1113 598 convivium,
1143 562 1230 588 non
1265 560 1399 597 amor,
1422 560 1508 587 non

74 605 336 657 comissatio,
370 621 455 647 non
490 607 639 658 libido,
661 622 746 649 non
772 617 936 649 sumtus
966 605 1221 648 ostenditur.
1252 612 1308 654 et,
1331 617 1426 644 cum
1460 616 1510 643 ea

74 675 162 702 non
185 664 462 718 reperiantur,
486 679 581 719 quae
607 665 839 721 voluptatis
862 679 1018 706 nornen
1043 663 1218 713 habent,
1241 667 1422 716 quaeque
1445 659 1510 700 vi-

75 718 186 759 tiosa
207 731 331 762 sunt:
367 721 408 761 in
431 736 516 776 quo
548 722 683 777 ipsam
715 723 928 762 luxuriam
964 721 1147 776 reperire
1179 733 1265 758 non
1297 727 1433 773 potes,
1464 716 1506 757 in

73 789 125 816 eo
160 787 202 816 te
232 778 427 818 umbram
462 778 642 818 luxuriae
677 790 944 834 reperturum
968 779 1121 833 putas?
1155 775 1276 817 Nihil
1310 775 1441 830 igitur
1463 773 1505 815 in
1522 784 1570 817 14

75 833 208 874 vitam
235 834 278 875 L.
307 833 504 875 Murenae
523 835 608 875 dici
627 838 797 890 potest?
828 835 950 884 nihil,
974 836 1163 889 inquam,
1184 832 1374 882 omnino,
1390 831 1509 886 judi-

75 904 160 930 ces.
222 891 293 932 Sic
315 906 340 931 a
360 906 428 931 me
450 891 598 932 consul
630 893 880 948 designatus
912 891 1170 940 defenditur,
1201 900 1249 930 ut
1281 888 1372 943 ejus
1397 888 1511 929 nulla

76 946 205 998 fraus,
228 948 342 988 nulla
370 949 562 999 avaritia,
591 949 705 989 nulla
737 949 928 1005 perfidia,
957 949 1072 989 nulla
1103 947 1347 996 crudelitas,
1370 945 1511 986 lssnul-

75 1003 163 1045 lum
188 1005 380 1060 petulans
402 1005 565 1046 dictum
590 1005 634 1046 in
659 1007 746 1047 vita
768 1006 1022 1064 proferatur.
1068 1005 1185 1045 Bene
1208 1004 1357 1045 habet:
1389 1002 1512 1058 jacta

75 1071 175 1102 sunt
197 1061 476 1103 fundamenta
492 1062 768 1104 defensionis.
832 1063 1035 1105 Nondum
1058 1063 1173 1102 enim
1196 1061 1351 1101 nostris
1374 1059 1511 1100 laudi-

76 1118 170 1169 bus,
192 1119 348 1174 quibus
370 1129 465 1160 utar
486 1129 649 1176 postea,
677 1121 746 1161 sed
772 1135 904 1176 prope
926 1120 1200 1160 inimicorum
1223 1117 1508 1168 confessione,

76 1175 215 1217 virum
238 1177 415 1226 bonum,
438 1186 565 1232 atque
587 1177 803 1233 integrum
828 1178 1046 1219 hominem
1069 1176 1354 1217 defendimus.
1405 1175 1556 1232 Quo7

76 1234 329 1284 constituto,
361 1233 528 1274 facilior
549 1244 613 1275 est
635 1236 742 1276 mihi
764 1235 904 1276 aditus
936 1235 988 1275 ad
1021 1233 1343 1275 contentionem
1366 1231 1509 1288 digni·-

76 1290 202 1332 tatis:
235 1306 330 1346 quae
355 1306 450 1347 pars
473 1291 604 1332 altera
626 1291 708 1332 fuit
730 1292 1030 1333 accusationis.

134 1347 355 1388 Summam
391 1348 514 1389 video
547 1362 637 1389 esse
669 1349 710 1389 in
747 1360 801 1400 te,
837 1350 927 1391 Ser.
948 1347 1127 1404 Sulpici,
1149 1347 1407 1403 dignitatem
1435 1359 1508 1402 ge-
1523 1355 1570 1389 15

75 1405 203 1455 neris,
231 1405 506 1460 integritatis,
540 1406 776 1457 indust1·iae‚
805 1415 1131 1460 ceterorumque
1159 1413 1510 1445 ornamentorum

76 1463 285 1513 omnium,
315 1463 471 1516 quibus
505 1462 660 1503 fretum
693 1464 744 1503 ad
779 1463 1024 1504 consulatus
1054 1462 1308 1518 petitionem
1332 1460 1511 1516 aggredi

75 1532 153 1574 par
173 1528 251 1560 est.
314 1519 441 1560 Paria
461 1534 679 1575 cognosco
707 1535 797 1560 esse
822 1520 904 1560 ista
931 1521 974 1560 in
1005 1519 1054 1559 L.
1079 1518 1279 1568 Murena,
1302 1528 1430 1572 atque
1454 1518 1514 1558 ita

75 1576 208 1631 paria,
230 1584 279 1616 ut
308 1590 446 1631 neque
478 1577 569 1632 ipse
596 1577 809 1633 dignitate
843 1577 956 1618 vinci
986 1576 1188 1632 potuerit,
1212 1589 1350 1629 neque
1378 1584 1418 1615 te
1449 1573 1514 1614 di-

75 1634 242 1688 gnitate
275 1634 498 1690 superarit.
561 1633 841 1675 Contemsisti
879 1635 927 1674 L.
959 1633 1158 1674 Murenae
1193 1646 1354 1688 genus:
1386 1640 1514 1672 extu-

75 1689 162 1730 listi
187 1698 323 1731 tuum.
385 1691 486 1738 Quo
509 1690 602 1732 loco
638 1692 671 1731 si
701 1691 778 1732 tibi
815 1692 896 1732 hoc
928 1691 1074 1741 sumis,
1097 1690 1178 1730 nisi
1209 1689 1281 1744 qui
1306 1688 1512 1744 patricius

76 1747 145 1797 sit,
164 1747 378 1788 neminem
399 1749 514 1789 bono
531 1762 621 1789 esse
640 1763 794 1804 genere
816 1758 988 1790 natum:
1024 1747 1145 1796 facis,
1168 1755 1214 1786 ut
1230 1760 1373 1787 rursus
1391 1745 1512 1801 plebs

76 1803 118 1844 in
141 1803 404 1845 Aventinum
428 1807 667 1847 sevocanda
682 1820 773 1846 esse
794 1807 1000 1847 videatur.
1041 1805 1114 1845 Sin
1134 1812 1276 1844 autem
1301 1812 1400 1843 sunt
1421 1818 1511 1843 am-

76 1861 159 1917 plae
182 1872 224 1902 et
246 1861 438 1903 honestae
463 1862 636 1904 familiae
658 1863 862 1918 plebeiae:
895 1872 938 1903 et
957 1876 1141 1918 proavus
1161 1860 1209 1901 L.
1232 1860 1445 1910 Murenae,
1468 1869 1510 1901 et
1521 1863 1554 1895 b·

75 1933 194 1969 avus,
219 1929 423 1975 praetores
454 1919 641 1971 fuerunt,
663 1930 705 1961 et
730 1929 848 1976 pater
869 1934 967 1960 cum
998 1918 1260 1974 amplissime
1282 1927 1410 1972 atque
1432 1917 1511 1958 ho-

74 1978 316 2017 nestissime
351 1991 406 2017 ex
444 1986 632 2032 praetura
670 1977 989 2033 triumphasset,
1022 1976 1106 2016 hoc
1139 1974 1375 2015 faciliorem
1409 1974 1510 2015 huic

74 2034 255 2090 gradum
289 2033 534 2075 consulatus
563 2035 827 2091 adipiscendi
860 2033 1045 2089 reliquit,
1066 2033 1182 2088 quod
1213 2032 1247 2072 is
1270 2031 1364 2086 jam
1397 2032 1508 2087 patri

75 2091 262 2143 debitus,
284 2107 309 2133 a
343 2091 430 2132 filio
464 2093 704 2148 petebatur.
768 2091 907 2132 19Tua
930 2105 1028 2132 vero
1058 2089 1275 2139 nobilitas,
1299 2089 1388 2130 Ser.
1414 2088 1572 2130 Sul-1⁶

75 2148 178 2204 pici,
201 2149 371 2190 tametsi
389 2163 556 2189 summa
570 2159 649 2200 est,
673 2158 813 2190 tamen
833 2148 1080 2190 hominibus
1097 2146 1296 2187 litteratis
1315 2154 1358 2186 et
1375 2145 1510 2187 histo-

74 2206 173 2247 ricis
196 2217 260 2247 est
286 2206 451 2247 notior:
484 2207 644 2262 populo
677 2221 776 2247 vero
809 2215 852 2247 et
882 2204 1238 2260 suffragatoribus
1271 2203 1510 2244 obscurior.

76 2262 206 2304 Pater
227 2263 341 2304 enim
364 2262 448 2303 fuit
468 2264 653 2318 equestri
677 2264 793 2305 loco:
826 2278 929 2304 avus
949 2262 1064 2303 nulla
1086 2261 1237 2302 illustri
1256 2259 1381 2301 laude
1403 2261 1512 2301 cele-

75 2321 237 2361 bratus.
301 2320 452 2375 Itaque
486 2335 572 2361 non
605 2334 659 2362 ex
690 2335 884 2361 sermone
907 2320 1129 2360 hominum
1153 2318 1328 2367 recenti,
1360 2318 1431 2358 sed
1455 2332 1512 2359 ex

75 2379 292 2419 annalium
329 2387 541 2419 vetustate
573 2379 760 2419 eruenda
799 2388 864 2418 est
895 2376 1101 2418 memoria
1132 2375 1370 2416 nobilitatis
1408 2384 1511 2416 tuae.

77 2435 222 2482 Quare
243 2450 324 2491 ego
346 2446 386 2475 te
409 2449 575 2490 semper
598 2436 640 2476 in
664 2445 855 2476 nostrum
878 2448 1101 2475 numerum
1125 2446 1361 2488 aggregare
1381 2432 1510 2483 soleo,

75 2493 190 2547 quod
221 2493 376 2534 virtute
407 2492 701 2548 industriaque
735 2492 965 2548 perfecisti,
1001 2501 1063 2542 ut,
1103 2504 1200 2531 cum
1232 2489 1389 2544 equitis
1421 2489 1512 2531 Ro,

76 2550 192 2591 mani
214 2565 325 2591 esses
349 2550 476 2601 filius,
500 2564 666 2592 summa
690 2559 830 2591 tamen
854 2548 1137 2606 amplitudine
1159 2547 1512 2603 dignusputare-

114 2683 151 2711 18
175 2690 207 2710 n.
216 2685 284 2720 pet.
296 2681 418 2712 dictum
432 2681 468 2710 in
480 2680 548 2711 vita
558 2679 766 2720 proferatur]
856 2683 893 2714 19
918 2678 951 2710 T
949 2688 992 2709 aa
1006 2679 1156 2708 nobilitas
1169 2681 1192 2707 t.
1206 2686 1338 2707 smnma
1351 2676 1411 2715 est]
1430 2676 1514 2706 Orta

72 2723 115 2754 In
135 2724 204 2753 vita
223 2723 366 2754 alienum
388 2728 439 2754 est
455 2724 496 2753 ab
521 2723 553 2753 h.
576 2723 596 2753 l.
634 2722 771 2752 Videtur
812 2723 930 2762 quippe
949 2733 970 2752 a
989 2722 1057 2751 Ser.
1079 2719 1235 2760 Sulpicio,
1256 2719 1309 2758 qui
1327 2728 1413 2749 anno
1427 2718 1513 2748 deci-

70 2771 194 2797 temere
207 2767 385 2806 repetitum
397 2776 415 2796 e
429 2766 661 2806 superioribus,
675 2766 710 2794 in
725 2765 772 2794 vi-
815 2774 869 2794 mo
893 2768 967 2804 post
990 2773 1079 2804 reges
1101 2766 1233 2794 exactos
1253 2761 1370 2795 consul
1392 2761 1466 2795 fuit.
1482 2770 1511 2791 v.

71 2813 141 2839 eam
166 2809 229 2838 dici
246 2813 364 2850 potest,
384 2808 441 2839 ubi
465 2807 515 2839 ed.
537 2808 589 2839 W.
616 2807 716 2839 habet
736 2807 773 2838 in.
814 2806 910 2838 Brut.
929 2807 976 2843 16.

68 2851 150 2884 vita.
