1907 3231
270 116 353 154 380
796 113 868 153 IN
905 113 1191 156 VERREM

265 214 367 270 jure
401 216 646 268 contendet,
677 231 731 258 ne
768 218 1007 274 patiamini,
1039 218 1166 259 talem
1205 217 1506 274 imperatorem
1540 217 1701 274 populo

276 272 474 314 Romano
507 274 749 316 Siculorum
784 275 1040 316 testimoniis
1069 274 1199 330 eripi:
1231 289 1337 315 neve
1368 276 1506 316 obteri
1534 274 1703 316 laudem

233 328 591 386 3i1nperatoria1n
645 331 895 372 criminibus
936 331 1129 372 avaritiae
1171 331 1324 372 velitis.
1386 332 1486 373 Non
1528 346 1702 388 possum

273 386 552 438 dissimulare,
568 388 759 443 judices:
792 388 937 437 timeo,
964 402 1018 427 ne
1042 387 1093 429 C.
1116 388 1267 429 Verres
1289 398 1464 444 propter
1485 389 1596 430 hanc
1617 388 1701 428 vir-

274 452 411 484 tutem
447 445 650 486 eximiam
683 445 727 484 in
760 458 803 485 re
838 444 1027 495 militari,
1059 445 1216 496 omnia,
1248 460 1343 500 quae
1377 446 1495 496 fecit,
1527 446 1703 501 impune

273 499 437 543 fecerit.
490 502 619 542 Venit
640 501 755 540 enim
775 501 881 542 mihi
905 501 948 542 in
971 510 1173 552 mentem,
1196 502 1239 541 in
1256 503 1424 556 judicio
1448 502 1528 543 M'.
1551 501 1703 557 Aquil-

271 556 317 598 lii
341 567 547 613 quantum
562 557 844 609 auctoritatis,
866 568 1075 613 quantum
1092 559 1299 599 momenti
1316 560 1453 600 oratio
1473 559 1540 601 M.
1562 559 1702 600 Anto-

141 615 331 657 P·‘2'36·nii
355 616 553 656 habuisse
575 615 824 655 existimata
845 616 924 656 sit:
956 616 1044 670 qui,
1076 624 1125 656 ut
1146 624 1237 656 erat
1258 615 1301 656 in
1323 616 1504 658 dicendo
1526 631 1613 658 non
1635 631 1704 657 so-

228 668 256 688 ³‘
271 671 359 711 lum
384 673 566 726 sapienS,
585 672 657 712 sed
679 672 809 712 etiam
833 672 971 723 fortis,
994 687 1122 713 causa
1139 686 1272 728 prope
1293 682 1502 728 perorata,
1526 674 1617 730 ipse
1635 688 1701 715 ar—

269 728 403 783 ripuit
426 728 504 768 M'.
532 727 784 782 Aquinium,
807 730 1117 784 constituitque
1146 730 1190 770 in
1225 738 1460 785 conspectu
1492 731 1701 781 omnium,

271 785 548 840 tunicamque
564 786 656 840 ejus
673 801 697 826 a
714 796 887 843 pectore
902 787 1101 837 abscidit,
1115 796 1163 827 ut
1181 786 1401 827 cicatrices
1415 788 1597 843 populus
1614 788 1703 829 Ro-

268 856 420 882 manus
460 843 707 898 iudicesque
743 844 1026 900 adspicerent,
1057 844 1234 884 adverso
1274 858 1452 900 corpore
1483 854 1702 900 exceptas.

269 898 395 939 simul
417 895 462 939 et'
481 900 532 941 de
555 899 626 940 illo
650 901 835 952 vulnere,
858 901 972 956 quod
991 901 1059 941 ille
1082 902 1124 941 in
1144 901 1285 956 capite
1307 902 1361 941 ab
1383 900 1572 942 hostium
1594 902 1703 942 duce

266 967 504 1012 acceperat,
536 957 672 998 multa
699 958 827 1009 dixit,
858 972 994 1013 eoque
1025 959 1207 999 adduxit
1234 972 1320 1010 eos,
1345 959 1418 1013 qui
1447 958 1703 1013 e1·antjudi-

266 1014 419 1065 caturi,
441 1014 715 1056 vehementer
747 1025 795 1055 ut
827 1024 1087 1065 vererentur,
1118 1030 1185 1066 ne,
1208 1030 1335 1070 quem
1358 1015 1497 1056 virum
1530 1015 1704 1057 fortuna

265 1085 321 1110 ex
344 1070 533 1112 hostium
557 1071 650 1112 telis
673 1071 912 1127 eripuisset,
935 1087 1034 1113 cum
1068 1072 1148 1112 sibi
1181 1072 1273 1127 ipse
1305 1087 1389 1113 non
1426 1072 1702 1129 pepercisset,

265 1126 338 1168 hic
360 1143 448 1168 non
469 1129 521 1169 ad
543 1129 691 1185 populi
715 1129 902 1170 Romani
936 1128 1119 1179 laudem,
1143 1130 1215 1170 scd
1247 1129 1299 1169 ad
1327 1129 1526 1183 judicum
1551 1130 1701 1172 crude-

229 1183 430 1229 4li'tatem
452 1185 669 1227 videretur
696 1201 786 1227 esse
818 1196 1023 1227 servatus.
1086 1185 1198 1227 Haec
1227 1186 1375 1227 eadem
1408 1201 1522 1228 nunc
1543 1188 1597 1228 ab
1619 1187 1701 1228 illis

265 1241 526 1284 defensionis
548 1244 657 1285 ratio
678 1244 833 1299 viaque
855 1252 1066 1284 tentatur:
1100 1243 1212 1283 idem
1243 1243 1464 1298 quaeritur.
1525 1245 1592 1285 Sit
1618 1244 1702 1296 fur,

266 1299 322 1339 sit
338 1299 583 1356 sacrilegus,
600 1301 656 1341 sit
674 1302 938 1357 flagitiorum
958 1301 1151 1342 omnium
1171 1300 1461 1355 vitiorumque
1478 1302 1699 1358 princeps:

264 1365 309 1397 at
345 1367 409 1397 est
444 1358 582 1398 bonus
618 1359 865 1414 imperator,
898 1367 942 1399 et
974 1358 1096 1409 felix,
1132 1366 1176 1398 et
1203 1358 1257 1398 ad
1289 1358 1423 1399 dubia
1450 1359 1701 1414 reipublicae

215 1411 248 1460 Ξ).
264 1423 458 1470 tempora
480 1416 771 1456 reservandus.
834 1415 936 1457 Non
958 1430 1084 1472 agam
1108 1430 1276 1456 summo
1291 1414 1391 1470 jure
1414 1424 1582 1458 tecum:
1612 1431 1702 1457 non

261 1471 402 1512 dicam
435 1472 492 1523 id,
524 1473 639 1528 quod
667 1473 846 1514 debeam
873 1473 1053 1514 forsitan
1083 1472 1299 1513 obtinere:
1333 1487 1432 1513 cum
1454 1473 1699 1528 4judicium

259 1536 378 1570 certa.
399 1528 494 1585 lege
514 1530 583 1580 sit,
613 1545 700 1571 non
723 1530 826 1585 quid
849 1530 894 1571 in
926 1545 970 1571 re
1001 1529 1178 1570 militari
1208 1528 1378 1570 fortiter
1408 1529 1574 1581 feceris,
1608 1531 1697 1581 sed,

259 1587 623 1641 quemadmodum
645 1603 796 1629 manus
816 1589 870 1628 ab
892 1587 1040 1628 alienis
1060 1587 1252 1642 pecuniis
1270 1587 1541 1638 abstinueris,
1564 1588 1639 1629 abs
1656 1596 1700 1629 te

259 1643 405 1684 doceri
438 1654 659 1700 oportere:
693 1659 794 1695 non,
826 1645 1016 1699 inquam,
1047 1644 1108 1684 sic
1141 1658 1282 1700 agam,
1305 1644 1379 1684 sed
1412 1644 1473 1685 ita
1493 1659 1700 1700 quaeram,

258 1702 624 1755 quemadmodum
647 1712 688 1744 te
709 1701 816 1744 velle
836 1701 1047 1759 intelligo,
1078 1716 1176 1756 quae
1201 1710 1276 1742 tua
1302 1716 1445 1758 opera,
1467 1711 1511 1742 et
1539 1711 1702 1758 quanta

259 1757 391 1798 fuerit
412 1760 455 1799 in
479 1759 604 1799 bello.

225 1830 248 1865 5
311 1815 460 1861 5Quid
493 1817 637 1858 dices?
668 1831 722 1857 an
754 1816 866 1859 bello
900 1815 1184 1873 fugitivorum
1216 1815 1407 1857 Siciliam
1438 1816 1597 1857 virtute
1626 1824 1702 1858 tua

258 1871 511 1915 liberatam?
543 1887 702 1929 magna
739 1874 856 1927 laus3
886 1874 1069 1915 honesta
1111 1872 1275 1915 oratio:
1318 1874 1391 1915 sed
1429 1882 1574 1915 tamen
1614 1889 1701 1929 quo

259 1929 397 1971 bello?
427 1945 506 1971 nos
527 1931 643 1972 enim
666 1940 765 1987 post
797 1932 839 1972 id
870 1931 1042 1982 bellum,
1065 1931 1178 1985 quod
1213 1930 1293 1971 M'.
1316 1929 1531 1986 Aquillius
1553 1931 1701 1972 confe-

257 1986 333 2038 cit,
368 1987 430 2027 sic
462 1988 724 2044 accepimuS,
756 1989 919 2030 nullum
958 1988 1003 2029 in
1037 1988 1186 2028 Sicilia
1217 1987 1503 2044 fugitivorum
1541 1988 1700 2029 bellum

258 2043 404 2085 fuisse.
464 2044 525 2085 At
548 2046 589 2085 in
615 2045 742 2087 Italia
763 2045 861 2087 fuit.
884 2046 1038 2096 fateor,
1060 2055 1101 2086 et
1124 2059 1331 2101 magnum
1354 2046 1528 2101 quidem
1550 2060 1601 2087 ac
1627 2060 1700 2087 ve-

255 2101 449 2143 hemens.
510 2102 628 2143 Num
663 2104 796 2159 igitur
825 2118 878 2144 ex
910 2118 960 2145 eo
993 2102 1103 2144 bello
1138 2113 1304 2158 partem
1339 2103 1525 2158 aliquam
1561 2103 1698 2144 laudis

255 2170 460 2215 appetere
482 2160 679 2202 conaris?
710 2176 814 2201 num
844 2161 924 2202 tibi
949 2160 1060 2201 illius
1084 2160 1278 2201 victoriae
1301 2160 1483 2216 gloriam
1505 2175 1605 2202 cum
1628 2160 1696 2203 M.

257 2215 415 2258 Crasso
449 2230 522 2257 aut
547 2217 628 2258 Cn.
651 2217 862 2275 Pompeio
884 2217 1288 2259 communicandam
1319 2220 1473 2273 putas?
1495 2218 1611 2259 6non
1633 2232 1699 2259 ar-

255 2273 395 2315 bitror
417 2274 500 2315 boc
523 2275 653 2315 etiam
672 2275 817 2316 deesse
840 2284 925 2316 tuae
946 2275 1243 2331 impudentiae,
1265 2284 1312 2315 ut
1335 2275 1569 2331 quidquam
1586 2275 1700 2330 ejus-

255 2332 375 2372 modi
397 2331 540 2373 dicere
563 2332 732 2374 audeas.
767 2333 990 2375 obstitisti
1011 2331 1224 2383 videlicet,
1247 2347 1300 2373 ne
1331 2347 1386 2373 ex
1413 2331 1540 2373 Italia
1561 2341 1699 2374 trans-

209 2388 319 2441 hire
348 2388 393 2429 in
429 2389 622 2430 Siciliam
655 2389 940 2447 fugitivorum
975 2389 1114 2446 copiae
1148 2399 1337 2445 possent.
1369 2389 1470 2430 ubi?
1501 2391 1699 2444 quando?

256 2460 343 2502 qua
363 2460 417 2487 ex
440 2449 587 2503 parte?
618 2462 718 2489 cum
743 2456 817 2489 aut
847 2449 1045 2499 navibus,
1069 2456 1142 2487 aut
1165 2448 1328 2489 ratibus
1349 2455 1607 2488 conarentur
1628 2462 1699 2490 ac-

295 2562 317 2590 4
330 2559 361 2599 j.
381 2570 408 2589 c.
425 2561 495 2599 lege
513 2562 555 2591 sit
577 2562 802 2601 constitutum]
835 2562 957 2593 Consti·
1000 2566 1036 2593 ta
1050 2563 1129 2600 lege.

255 2606 366 2632 tutum
392 2602 504 2632 aberat
529 2603 592 2633 Ms.
620 2604 757 2644 Cujacii,
782 2605 956 2644 omisitque
1043 2607 1061 2634 5
1084 2604 1177 2644 Quid
1190 2603 1287 2644 dices]
1305 2603 1368 2634 Ms.
1385 2603 1448 2634 Gn.
1463 2604 1554 2641 dicis,
1568 2604 1696 2635 melius.

254 2643 451 2677 Lambinus:
477 2651 509 2674 et
525 2646 699 2676 commode
714 2646 855 2677 abfuerit
871 2659 878 2676 :
894 2646 956 2687 ju-
1041 2646 1061 2676 6
1083 2657 1145 2676 non
1160 2647 1303 2676 arbitror
1327 2648 1382 2676 hoc
1397 2647 1495 2676 etiam
1517 2647 1621 2676 deesse
1633 2651 1698 2677 τηατ

255 2687 376 2716 dicium
401 2688 611 2718 constitutum
639 2688 759 2718 dicitur
786 2689 888 2728 magis
917 2690 955 2720 de
998 2688 1091 2728 imp]
1134 2689 1268 2728 Semper
1298 2689 1411 2729 putavi
1439 2688 1492 2719 hic
1520 2688 1695 2728 legendum

253 2729 361 2768 prima
383 2728 594 2759 institutione
620 2731 746 2769 generis
766 2731 870 2761 totius
895 2741 952 2770 per
995 2741 1074 2761 esse:
1102 2731 1205 2760 deesse
1225 2740 1291 2760 non
1307 2731 1459 2761 convenit
1475 2731 1578 2761 verbis
1593 2732 1695 2761 etiam

253 2769 360 2810 legem
383 2780 514 2807 novam,
541 2782 637 2811 quam
663 2772 700 2802 de
715 2773 852 2811 singulis
863 2773 952 2813 judi·
995 2778 1030 2803 et
1057 2773 1246 2812 quidquam,
1275 2780 1311 2804 et
1336 2783 1405 2805 esse
1431 2773 1564 2804 deberet
1589 2773 1695 2804 dicere

252 2813 310 2842 ciis
324 2823 363 2842 ex
378 2812 435 2842 illa
447 2811 530 2851 lege.
565 2814 651 2853 Quia
664 2821 696 2844 ct
713 2815 753 2844 ab
769 2816 830 2845 Gn.
845 2816 951 2852 abest,
996 2825 1060 2846 non
1073 2816 1204 2847 audeas.

251 2859 284 2885 et
300 2856 366 2897 ipse
381 2854 494 2886 delevi.
542 2855 581 2887 In
597 2856 660 2886 hoc
674 2862 723 2887 est
736 2858 836 2889 etjam
850 2867 871 2888 a
885 2867 952 2889 cer-
