1907 3231
339 103 411 139 148
863 102 930 142 IN
972 103 1255 143 VERREM

340 203 515 245 ‹lelitate
550 205 670 246 istius
714 205 901 248 hominis
936 208 1240 264 improbissimi
1278 205 1466 264 pericula
1507 207 1771 251 sublevares?

341 260 470 307 Quod
503 261 617 303 enim
650 277 746 304 eum
779 263 857 305 tibi
887 266 1112 319 quaestoris
1138 266 1180 306 in
1211 265 1351 306 locum
1389 264 1685 316 constitueras,
1707 265 1771 308 id-

230 318 454 363 poe-circo
479 319 557 360 tibi
586 320 770 361 amicum
803 321 846 361 in
871 332 1125 377 perpetuum
1161 322 1252 363 fore
1274 322 1462 378 putasti?
1522 322 1772 373 Nesciebas,

297 376 393 416 *ab
416 389 466 416 eo
490 371 571 417 Cn.
597 373 841 418 Carbonem
871 377 1104 429 consulem,
1127 379 1252 433 cujus
1281 394 1324 419 re
1347 393 1444 419 vera
1463 388 1652 433 quaestor
1673 378 1772 431 fuit,

338 442 423 472 non
447 433 576 474 modo
599 433 808 484 relictum,
838 434 909 474 sed
943 435 1072 475 ctiam
1104 435 1332 490 spoliatum
1366 435 1552 487 auxiliis,
1574 435 1772 492 pecunia,

339 489 500 530 nefarie
523 499 822 546 oppugnatum
842 499 884 531 et
907 491 1152 547 proditum?
1185 490 1399 547 Expertus
1423 492 1555 547 igitur
1573 508 1615 534 es
1648 493 1772 534 istius

351 546 562 587 weriidiam
587 558 692 597 tum,
714 562 810 588 cum
835 562 877 587 se
899 548 949 587 ad
974 547 1171 588 inimicos
1194 558 1290 589 tuos
1313 549 1515 590 contulit:
1548 564 1646 591 cum
1666 550 1708 590 in
1729 558 1772 590 te

340 561 473 643 iiomo
507 604 600 659 ipsc
633 618 791 644 nocens
814 604 1067 644 acerrimum
1089 605 1385 645 testimonium
1407 605 1543 646 dixit:
1576 621 1674 648 cum
1705 622 1772 648 ra-

257 660 323 706 31
345 660 480 700 tiones
510 661 563 701 ad
593 661 804 710 oerarium,
838 661 919 701 nisi
951 661 1154 701 damnato
1185 671 1241 712 te,
1264 661 1418 702 referre
1446 661 1598 703 noluit.
1656 662 1771 705 Tan-

278 732 327 768 ·78
343 726 453 758 taene
474 727 573 767 tuae,
597 717 763 767 Verres,
786 717 982 758 libidines
1001 727 1139 768 erunt,
1162 728 1210 758 ut
1230 733 1299 759 eas
1322 732 1472 774 capere
1493 733 1542 761 ac
1564 720 1772 762 sustinere

340 788 423 814 non
461 774 694 829 provinciae
730 774 876 831 populi
910 774 1111 825 Romani,
1148 789 1233 816 non
1263 775 1457 817 nationes
1489 785 1649 818 exterae
1671 791 1772 833 pos-

338 831 449 872 sint?
498 829 633 882 Tune,
658 831 773 886 quod
807 832 976 882 videris,
1007 832 1123 887 quod
1154 832 1353 883 audieris,
1385 833 1499 888 quod
1537 834 1772 890 concupie-

337 888 408 938 ris,
439 889 552 943 quod
590 889 810 944 cogitaris,
832 889 913 929 uisi
945 889 985 929 id
1019 889 1071 930 ad
1103 899 1254 930 nutum
1286 899 1406 930 tuum
1440 900 1597 946 praesto
1626 890 1772 943 fuerit,

337 945 417 985 nisi
452 945 619 985 libidini
661 942 743 986 tum.
781 945 1093 1001 cupiditatique
1132 947 1333 1002 paruerit,
1369 946 1656 988 immittentur
1690 947 1769 989 ho-

335 1002 498 1044 mines?
527 1004 894 1058 expugnabuntur
915 1003 1090 1044 domus?
1122 1003 1318 1044 civitates
1340 1019 1425 1045 non
1441 1004 1569 1045 modo
1588 1013 1770 1061 pacatae,

336 1073 482 1099 verum
515 1059 642 1099 ctiam
684 1060 897 1101 sociorum
930 1069 1058 1114 atque
1090 1060 1340 1111 amicorum,
1363 1061 1415 1102 ad
1447 1061 1534 1101 vim
1565 1070 1694 1116 atque
1715 1063 1769 1103 ad

334 1130 454 1156 arma
474 1116 743 1171 confugient,
767 1125 813 1156 ut
835 1117 889 1157 ab
913 1131 955 1157 se
978 1126 1105 1171 atquc
1128 1117 1181 1157 ab
1203 1117 1348 1157 liberis
1367 1118 1452 1158 suis
1472 1117 1600 1174 legati
1620 1119 1770 1174 populi

337 1172 524 1213 Romani
548 1174 683 1213 scelus
703 1189 752 1214 ac
766 1173 987 1214 libidinem
1006 1173 1253 1230 propulsare
1272 1175 1465 1229 possint?
1489 1175 1604 1216 Nam
1622 1190 1770 1231 quaero

334 1230 410 1270 abs
434 1239 490 1279 te,
512 1230 872 1271 circumsessusne
894 1231 951 1270 sis
972 1231 1219 1286 Lampsaci:
1253 1232 1492 1286 coeperitne
1512 1231 1703 1284 domum,
1725 1233 1771 1274 in

333 1300 419 1341 qua
448 1287 740 1338 deversabare,
771 1287 843 1328 illa
871 1287 1102 1328 multitudo
1129 1288 1377 1330 incendere:
1418 1288 1685 1330 voluerintne
1712 1288 1773 1331 le-

335 1353 482 1399 gatum
516 1344 663 1400 populi
694 1344 882 1386 Romani
906 1345 1157 1386 comburere
1191 1345 1337 1386 vivum
1369 1345 1665 1402 Lampsaceni.
1695 1361 1771 1388 ne-

334 1415 437 1456 gare
470 1416 555 1441 non
587 1411 725 1457 potes.
746 1402 886 1443 habeo
908 1402 1023 1442 enim
1046 1402 1338 1443 testimonium
1364 1411 1500 1454 tuum,
1518 1403 1634 1458 quod
1655 1404 1770 1460 apud

339 1458 556 1498 Neronem
588 1458 762 1500 dixisti:
794 1459 949 1510 habeo,
982 1474 1086 1514 quas
1117 1459 1167 1499 ad
1196 1459 1375 1500 eundem
1406 1459 1568 1501 litteras
1598 1460 1769 1503 misisti.

273 1517 324 1556 79
337 1515 373 1549 67
392 1514 547 1556 Recita
568 1515 683 1557 hunc
707 1517 847 1572 ipsum
869 1516 1011 1557 locum
1040 1516 1092 1556 de
1114 1517 1377 1558 testimonio.
1409 1530 1767 1560 TEs'eronM

337 1585 378 1612 e.
404 1585 580 1614 vssnms
608 1587 658 1613 IN
685 1586 1075 1614 ARTEMIDORUM.
1130 1572 1283 1614 Recita
1304 1588 1358 1614 ex
1382 1573 1524 1615 Verris
1546 1573 1697 1616 litteris
1716 1575 1770 1617 ad

335 1628 572 1670 Neronem.
599 1643 662 1670 Ex
691 1643 917 1671 LITTERIS
946 1644 986 1671 c.
1014 1643 1189 1671 VERRIS
1216 1643 1280 1671 AD
1307 1645 1347 1672 c.
1373 1644 1638 1673 NERONEM.
1663 1645 1766 1674 ΝοΝ

336 1698 504 1727 MUL'ro
562 1701 681 1728 PosT
726 1701 778 1728 IN
827 1701 1026 1728 DOMUM.
1102 1686 1324 1728 Bellumne
1367 1688 1526 1744 populo
1570 1688 1770 1730 Romano

332 1742 372 1773 68
388 1743 670 1799 Lampsaceni
705 1744 845 1785 faeere
877 1745 1170 1786 conabantur?
1213 1744 1393 1785 deficere
1425 1746 1479 1786 ab
1509 1745 1690 1801 imperio
1721 1761 1771 1788 ae

330 1800 506 1841 nomine
525 1810 673 1842 nostro
693 1801 920 1842 volebant?
952 1801 1090 1841 Video
1113 1801 1244 1852 enim,
1265 1811 1308 1842 et
1337 1816 1392 1842 ex
1415 1802 1482 1853 iis,
1503 1817 1600 1857 quae
1622 1802 1707 1860 legi
1725 1813 1770 1845 et

331 1856 492 1907 audivi,
519 1857 741 1914 intellig03
775 1859 816 1898 in
848 1873 931 1913 qua
950 1858 1127 1899 civitate
1157 1873 1244 1898 non
1275 1859 1403 1900 modo
1434 1858 1599 1915 legatus
1621 1861 1770 1917 populi

334 1912 522 1954 Romani
552 1915 870 1966 circumsessus,
903 1930 988 1955 uon
1024 1915 1153 1956 modo
1181 1915 1287 1970 igni,
1310 1916 1438 1965 i'erro,
1465 1931 1610 1968 manu,
1632 1918 1771 1974 copiis

332 1980 625 2026 oppugnatuS,
648 1973 717 2013 sed
744 1973 951 2026 aliquaex
974 1983 1092 2027 parte
1111 1971 1290 2013 violatus
1310 1973 1390 2025 sit3
1421 1972 1501 2013 nisi
1521 1974 1692 2028 publice
1706 1989 1771 2016 sa-

285 2027 555 2074 bftisfactum
580 2029 648 2080 sit,
671 2031 710 2070 ei
743 2030 910 2070 civitati
942 2029 1099 2070 bellum
1127 2029 1258 2070 indici
1290 2039 1418 2086 atque
1440 2030 1586 2071 inferri
1620 2031 1768 2073 solere.

270 2083 447 2129 SOQuae
470 2084 554 2125 fuit
576 2085 710 2140 igitur
740 2101 882 2136 causa,
913 2101 988 2127 cur
1019 2096 1175 2127 cuncta
1205 2087 1357 2128 civitas
1382 2087 1770 2143 Lampsacenorum

333 2141 386 2181 de
426 2142 650 2193 concione,
689 2144 1052 2198 quemadmodum
1093 2152 1183 2184 tute
1225 2145 1390 2195 scribis,
1433 2144 1608 2185 domum
1651 2155 1770 2188 tuam

331 2198 716 2242 6Deoncurrerent?
757 2199 821 2240 Tu
856 2201 973 2241 enim
1004 2214 1142 2256 neque
1181 2201 1222 2241 in
1261 2201 1429 2252 litteris,
1467 2216 1573 2255 quas
1606 2202 1770 2244 Neroni

330 2255 484 2306 mittis,
508 2270 647 2311 neque
670 2257 711 2297 in
736 2256 1000 2308 testimonio,
1023 2272 1195 2298 eausam
1219 2258 1327 2299 tanti
1351 2258 1556 2298 tumultus
1579 2260 1768 2301 ostendis

330 2311 481 2353 ullam:
515 2313 738 2354 obsessum
756 2323 797 2355 te
819 2315 940 2366 dicis,
965 2315 973 2355 i
981 2329 1108 2372 gnem
1131 2314 1320 2367 allatum,
1341 2325 1555 2356 sarmenta
1583 2316 1770 2358 circum-

370 2468 406 2501 67
427 2467 543 2499 Recita
557 2471 719 2500 hunc—in
731 2470 877 2510 domum]
901 2471 1027 2503 Totum

328 2508 390 2539 huc
405 2510 496 2540 abest
511 2521 531 2540 a
543 2511 606 2542 Ms.
621 2514 684 2542 Gu.
714 2513 875 2543 Gruterus
890 2518 923 2544 et
938 2515 1029 2544 Grae-

326 2552 397 2581 vius
417 2553 614 2591 particulam
642 2554 758 2585 Recita
779 2565 820 2585 ea·
841 2554 1028 2587 Verris-—in

326 2593 470 2629 domum,
496 2605 553 2634 pro
568 2597 677 2636 spuria
693 2597 856 2635 rejiciunt,
872 2599 948 2637 quia
962 2608 1028 2629 non

325 2642 375 2665 est
390 2635 422 2664 in
438 2635 509 2665 edd.
525 2647 573 2676 pr.
593 2639 625 2667 Si
639 2639 713 2675 hoc,
729 2639 829 2668 etiam
845 2639 926 2670 illud
937 2641 1026 2680 ejici-

325 2676 446 2707 endum
475 2683 535 2707 est.
594 2680 655 2710 Sed
684 2689 751 2711 non
778 2680 945 2719 abhorret,
974 2682 1026 2713 hic

324 2718 412 2749 lecta
426 2728 493 2749 esse
509 2721 658 2758 quaedam
672 2733 689 2753 e
702 2724 893 2754 testimonio
907 2729 942 2755 et
952 2724 1026 2755 lite-

325 2761 381 2796 ris,
397 2766 435 2790 ut
450 2761 537 2791 alibi.

367 2803 407 2834 63
422 2803 639 2844 Lampsaceni
654 2805 697 2845 c.]
737 2805 819 2836 Edd.
833 2816 882 2847 pr.
897 2812 932 2838 et
946 2807 1026 2838 Mss.

325 2841 470 2885 plerique
492 2845 616 2877 habent
642 2847 871 2888 Lampsacena
901 2850 1031 2889 civitas,

1069 2476 1178 2502 cetera
1190 2476 1227 2502 ut
1241 2471 1401 2503 Gruterus
1415 2470 1536 2510 edidit3
1551 2471 1768 2510 conabantur,

1070 2515 1226 2544 volebant.
1243 2514 1322 2545 Inde
1335 2514 1390 2545 alii
1401 2514 1631 2553 Lampsacena.
1642 2515 1770 2552 civitas,

1071 2557 1157 2595 quod
1170 2563 1203 2586 et
1217 2561 1267 2587 est
1282 2557 1316 2586 in
1331 2557 1394 2587 Ms.
1408 2557 1471 2586 Gu.
1485 2556 1540 2586 alii
1551 2556 1770 2595 Lampsaceni

1071 2600 1152 2628 cives
1166 2599 1347 2635 edidere,et
1361 2598 1553 2635 conabatur,
1566 2599 1702 2635 volebat,
1713 2598 1769 2629 alii

1070 2641 1176 2671 aliter.
1197 2641 1268 2680 Ego
1281 2641 1363 2671 cives
1376 2640 1492 2677 delevi,
1505 2650 1576 2679 quae
1589 2644 1640 2670 est
1651 2640 1770 2680 glossa⁴

1111 2683 1151 2717 69
1168 2682 1408 2722 came-urrerem]
1434 2682 1486 2712 Sic
1501 2682 1571 2712 edd.
1595 2692 1643 2723 pr.
1657 2687 1692 2713 et
1703 2682 1781 2719 MS„

1070 2725 1146 2762 Gu.,
1173 2725 1259 2765 quod
1292 2729 1377 2755 stare
1406 2728 1531 2765 potest:
1566 2729 1645 2755 sunt
1678 2725 1768 2756 enim

1069 2768 1219 2806 exempla
1232 2767 1364 2804 similia,
1388 2766 1596 2806 restituitque
1610 2766 1770 2798 Graevius.

1070 2809 1135 2840 Alii
1149 2813 1351 2840 concurreret
1366 2808 1504 2840 edidere.
