1907 3231
7 3021 13 3231 -α-ω-ᾈ-
3 2899 11 3012 Qu„
0 2772 11 2887 .—.-:—

471 134 596 172 AcT.
624 133 675 171 11.
713 131 900 170 LIBER
925 130 1221 172 QUARTUS.
1499 140 1576 180 357

134 239 246 280 aedes
269 253 421 281 sacras.
484 237 657 279 Etenim
689 238 768 279 iste
800 236 1031 294 Agrigenti
1054 237 1202 290 (credo
1231 246 1407 294 propter
1427 240 1574 282 multi-

132 297 327 338 tudinem
352 295 564 337 l5illorum
589 296 814 336 hominum
845 305 975 350 atque
1005 295 1225 345 virtutem,
1247 304 1290 335 et
1311 296 1426 350 quod
1457 298 1573 339 cives

134 353 337 405 Romani,
359 354 437 393 viri
472 353 604 394 fortes
637 368 686 394 ac
725 353 886 394 strenui
919 361 963 393 et
993 352 1164 394 honesti
1195 353 1395 408 permulti
1423 355 1465 394 in
1499 355 1572 396 illo

132 411 309 467 oppido,
331 410 690 465 conjunctissimo
722 411 881 462 animo,
910 425 1010 451 cum
1043 410 1147 466 ipsis
1184 409 1484 466 Agrigentinis
1508 413 1571 452 vi-

133 479 241 509 vunt
261 484 311 509 ac
333 468 629 523 negotiantur)
652 483 738 508 non
762 468 949 509 audebat
975 468 1159 523 16palam
1188 468 1350 518 tollere,
1378 478 1453 508 aut
1472 483 1570 524 pos-

131 540 241 577 cere,
263 540 360 580 quae
381 527 623 582 placebant.
677 525 878 566 Herculis
903 526 1110 581 templum
1131 534 1196 565 est
1217 525 1329 580 apud
1356 524 1570 581 Agrigen-
1583 525 1631 557 94

131 583 260 634 tinos,
279 597 364 624 non
387 584 516 639 longe
537 599 562 624 a
583 582 693 633 foro,
725 597 825 623 sane
856 592 1053 624 sanctum
1083 583 1196 639 apud
1220 583 1311 623 illos
1334 591 1377 623 et
1399 583 1573 640 religio-

132 653 241 681 sum.
264 641 323 681 ibi
347 650 412 681 est
445 656 500 681 ex
534 655 618 682 aere
651 641 926 682 simulacrum
960 641 1093 696 ipsius
1130 640 1344 691 Herculis,
1377 655 1462 695 quo
1487 656 1573 682 non

130 697 256 739 facile
273 699 510 754 quidquam
532 698 715 739 dixerim
747 712 816 738 me
840 698 996 738 vidisse
1017 698 1252 753 pulchrius,
1274 699 1466 751 (tametsi
1489 713 1571 740 non

132 764 220 796 tam
262 755 447 797 multum
489 756 534 797 in
567 756 660 796 istis
699 756 824 795 rebus
864 755 1074 810 intelligo,
1108 770 1237 810 quam
1276 755 1412 796 multa
1449 756 1574 806 vidi)

131 828 265 868 usque
286 828 352 865 eo,
369 814 556 879 judices,
589 823 638 854 ut
664 813 820 852 rictum
850 812 943 867 ejus
977 827 1026 852 ac
1049 822 1242 852 mentun
1265 813 1408 868 paullo
1432 813 1487 854 sit
1509 824 1574 855 at-

131 871 289 923 tritius,
320 872 436 927 quod
474 872 519 912 in
553 870 752 926 precibus
775 878 819 910 et
855 870 1217 925 gratulationibus
1242 885 1328 910 non
1363 871 1499 911 solum
1532 871 1574 912 id

128 929 336 980 venerari,
363 943 511 969 verum
543 928 673 968 etiam
706 926 889 967 osculari
925 927 1078 967 solent.
1137 926 1206 967 Ad
1236 927 1319 968 hoc
1351 929 1574 984 ternplum,

128 1001 228 1027 cum
250 996 362 1027 esset
390 987 470 1027 iste
501 984 747 1042 Agrigenti,
770 984 880 1025 duce
911 982 1200 1035 Timarchide,
1234 995 1424 1041 repente,
1446 997 1575 1027 nocte

129 1044 402 1100 intempesta,
425 1057 517 1084 serv
522 1058 644 1083 mum
667 1051 931 1082 aimatomm
950 1042 999 1082 fit
1021 1057 1254 1083 concursus
1277 1053 1406 1099 atque
1438 1043 1574 1109 impe-.-

129 1111 212 1142 tus.
273 1101 449 1142 Clamor
484 1116 508 1141 a
541 1100 744 1156 vigilibus
782 1099 957 1155 fanique
989 1101 1241 1141 custodibus
1278 1101 1456 1141 tollitur.
1499 1102 1574 1157 qui

127 1159 268 1214 primo
292 1174 389 1200 cum
409 1159 618 1199 obsistere
639 1173 688 1199 ac
710 1157 939 1198 defendere
961 1166 1233 1208 conarentm,
1256 1159 1365 1199 male
1395 1159 1573 1199 mulcati

127 1216 259 1257 clavis
293 1232 342 1257 ac
375 1216 563 1256 fustibus
592 1215 871 1271 repelluntur.
902 1226 1053 1271 postea
1085 1216 1302 1256 convulsis
1342 1216 1572 1272 repagulis,

126 1273 402 1329 effractisque
426 1273 572 1324 valvis,
595 1272 790 1314 demoliri
811 1272 998 1327 signum,
1021 1288 1071 1313 ac
1094 1273 1289 1314 vectibus
1311 1273 1572 1315 labefactare

127 1342 353 1372 conantur.
415 1331 586 1372 Interea
605 1345 660 1371 ex
683 1330 870 1371 clamore
892 1329 1006 1371 fama
1029 1340 1122 1370 tota
1153 1331 1258 1371 urbe
1288 1332 1569 1386 pelcrebruit‚

127 1389 370 1446 expugnari
391 1388 494 1429 deos
523 1388 699 1444 patrios,
723 1402 810 1427 non
840 1386 1030 1427 hostium
1062 1388 1248 1428 adventu
1272 1403 1352 1430 nec
1374 1390 1568 1445 opinato,

124 1461 265 1502 neque
286 1446 511 1502 repentino
534 1445 787 1509 praedonum
810 1444 991 1500 impetu,
1013 1445 1086 1486 sed
1117 1460 1170 1485 ex
1193 1446 1323 1486 domo
1346 1456 1475 1502 atque
1495 1462 1570 1488 co-

125 1504 251 1545 horte
273 1503 491 1560 praetoria,
524 1517 701 1543 manum
733 1501 1019 1557 fugitivorum
1052 1503 1305 1543 instructam
1338 1515 1567 1545 armatam·
1582 1518 1611 1547 b.

125 1576 208 1617 que
229 1561 411 1602 venisse.
473 1560 615 1602 Nemo
638 1560 869 1616 Agrigenti
892 1574 1031 1615 neque
1054 1569 1182 1601 aetate
1203 1570 1290 1601 tam
1305 1561 1475 1610 affecta,
1493 1577 1567 1603 ne·
1579 1565 1628 1600 95

125 1634 208 1675 que
231 1619 392 1660 viribus
415 1628 503 1659 tam
523 1618 705 1659 infilmis
728 1618 826 1668 fuit,
849 1618 921 1672 qui
947 1632 1031 1658 non
1052 1618 1123 1658 illa
1145 1629 1286 1670 nocte,
1316 1634 1368 1660 eo
1402 1621 1570 1672 nuntio,

125 1677 340 1718 excitatus
375 1677 621 1727 surrexerit,
643 1675 876 1730 telumque,
899 1676 1014 1730 quod
1048 1677 1205 1732 cuique
1227 1675 1314 1717 fors
1348 1677 1573 1729 oflerebat,

125 1735 367 1791 arripuerit,
429 1733 582 1789 Itaque
606 1734 724 1774 brevi
761 1742 960 1797 tem-pore·
990 1733 1043 1773 ad
1083 1733 1231 1774 finum
1267 1749 1322 1775 ex
1345 1737 1451 1776 urbe
1480 1710 1574 1777 toni

124 1793 409 1833 concurritur.
472 1792 596 1833 Hora
623 1790 806 1847 amplius
833 1805 926 1846 Jam
951 1805 993 1830 1n
1025 1791 1298 1832 demoliendo
1329 1793 1454 1850 signo
1477 1808 1573 1849 per-

125 1850 250 1891 multi
284 1850 480 1890 homines
514 1849 827 1890 moliebantur:
865 1848 1013 1889 ¹7illud
1042 1849 1205 1890 interea
1243 1828 1393 1891 nullao
1398 1852 1572 1892 lababat

123 1922 178 1949 ex
194 1918 338 1964 pa1·:te
362 1922 461 1948 cum
475 1906 545 1947 alii
561 1907 756 1948 vectibus
779 1905 985 1961 subjectis
1003 1918 1263 1948 conarentur
1280 1923 1571 1960 commovere,

124 1966 194 2007 alii
216 1966 453 2021 deligatum
473 1965 674 2005 omnibus
698 1964 902 2004 membris
926 1978 1072 2020 rapere
1085 1965 1139 2006 ad
1162 1979 1205 2006 se
1227 1965 1418 2006 funibus.
1484 1966 1570 2006 Re-

123 2033 253 2080 pente
290 2023 570 2079 Agrigentini
604 2031 891 2063 concur:runt
937 2022 1166 2078 fitmagna
1198 2023 1432 2079 lapidatio:
1464 2024 1570 2065 dant

124 2096 214 2123 sese
244 2096 288 2121 1n
323 2066 473 2136 fugam
502 2080 625 2121 istius
650 2079 844 2136 praeclari
876 2079 1146 2135 imperatoris
1170 2084 1368 2121 nocturni
1392 2081 1567 2123 milites.

123 2139 210 2180 duo
232 2148 376 2179 tamen
400 2137 542 2195 sigilla
574 2136 829 2194 perparvula
850 2137 1022 2188 tollunt,
1057 2152 1112 2178 ne
1142 2139 1320 2179 omnino
1343 2139 1490 2180 inanes
1513 2140 1567 2181 ad

121 2198 253 2238 istum
275 2196 521 2253 praedoneni
538 2196 795 2251 religionum
814 2205 1141 2236 reverteimentur
1203 2196 1453 2251 Numquam
1476 2206 1565 2239 tam

121 2254 232 2295 male
246 2265 312 2294 est
333 2254 504 2304 Siculis,
523 2254 628 2309 quin
616 2229 811 2307 0aliquid
831 2251 969 2293 facete
992 2263 1034 2294 ct
1052 2254 1279 2294 commode
1297 2254 1468 2295 dicant:
1493 2269 1565 2295 ve-

122 2312 209 2353 lut
200 2327 244 2353 in
267 2312 348 2353 hac
370 2326 429 2352 re.
460 2311 668 2367 Ajebant,
698 2311 741 2351 in
764 2310 930 2350 labores
954 2310 1154 2352 Herculis
1173 2326 1260 2352 non
1282 2312 1424 2352 minus
1447 2311 1564 2354 hunc

121 2369 482 2411 immanissimum
516 2369 707 2421 Verrem,
737 2382 866 2423 quam
896 2368 1015 2409 illum
1048 2383 1200 2425 aprum
1232 2368 1567 2426 Erymanthium

167 2537 204 2564 15
226 2535 360 2564 illorum
386 2532 570 2572 hominum]
607 2533 686 2563 Non
711 2531 821 2572 placet
910 2534 945 2564 17
969 2531 1056 2577 ilfud
1087 2532 1228 2571 interea]
1268 2532 1333 2563 Ms.
1362 2531 1566 2575 Hydecoper

120 2577 265 2607 illorum.
310 2577 497 2606 sufficiebat
514 2577 692 2606 homimem.
863 2573 965 2604 habet
983 2572 1125 2614 jamque
1150 2575 1247 2612 z'clzcd,
1275 2575 1362 2624 quod
1384 2577 1502 2615 probat
1532 2578 1567 2609 P.

169 2620 205 2649 16
222 2620 341 2658 palam
354 2620 477 2655 tollere,
493 2623 554 2649 (tut
564 2617 709 2658 poscere]
729 2616 820 2645 Grae-
863 2616 1076 2646 Burmannus
1101 2617 1140 2646 V.
1166 2617 1216 2647 Cl.
1242 2619 1332 2658 pfssrae
1357 2618 1397 2648 ad
1425 2619 1567 2652 Dorxill.

121 2662 191 2691 vius
206 2672 223 2691 e
240 2661 304 2691 Ms.
319 2670 385 2700 reg.
396 2663 516 2701 palam
524 2670 657 2700 poscere
678 2664 739 2689 aut
761 2659 821 2688 tol·
865 2658 933 2688 Iter
946 2659 1009 2688 Sic.
1023 2669 1053 2699 p.
1070 2659 1130 2689 xl.
1149 2659 1228 2690 Mox
1243 2670 1302 2700 pro
1315 2660 1449 2699 vulgato
1473 2663 1565 2693 Iaba-

123 2706 201 2752 lere,
229 2709 269 2733 ut
294 2709 344 2733 est
370 2709 404 2733 et
430 2705 464 2733 in
488 2704 552 2733 Gu.
580 2704 666 2734 Sane
688 2710 820 2742 pose-we
862 2702 916 2730 bat
930 2701 1002 2731 edd.
1017 2711 1066 2741 pr.
1090 2703 1244 2739 nutabat,
1267 2703 1337 2733 sine
1359 2704 1465 2734 malla.
1503 2705 1567 2735 Le-

121 2747 212 2786 prius
224 2751 276 2776 est
290 2748 333 2785 τῷ
347 2748 472 2776 tollere.-
493 2746 550 2776 sed
566 2747 686 2786 palam
701 2744 818 2775 melius
862 2744 928 2773 ctio
965 2743 1101 2783 vulgata
1128 2749 1178 2774 est
1198 2755 1217 2776 a
1244 2745 1281 2775 P.
1303 2745 1452 2776 Victorio
1475 2752 1510 2778 et
1531 2747 1569 2780 P.

122 2788 280 2819 conuenit
301 2789 401 2818 verbo
426 2790 520 2818 tollen
521 2798 551 2826 e,
575 2798 673 2828 quam
686 2796 825 2827 poscere.
870 2785 1042 2817 Mummio:
1067 2797 1141 2826 quae
1153 2792 1206 2818 est
1219 2789 1323 2820 etiam
1336 2789 1372 2818 in
1386 2788 1450 2820 Gu-

121 2836 154 2862 εἰ
171 2835 281 2872 potest
295 2841 364 2861 esse
380 2831 541 2870 gradatio.
1054 2849 1056 2851 »

782 2877 894 2913 AaS
