1907 3231
382 143 456 179 692
692 141 890 178 ORATIO
916 141 983 180 IV.
1017 141 1080 180 IN
1105 140 1152 180 L.
1180 141 1485 180 CATILINAM.

383 242 510 284 Italia
522 243 724 286 decedere
744 254 918 286 coactus
932 255 1017 286 est:
1055 253 1228 285 ornetur
1246 245 1352 286 alter
1364 245 1523 286 eximia
1544 245 1666 286 laude
1684 243 1802 286 Afri-

382 314 528 350 canus,
550 301 622 356 qui
644 301 747 343 duas
770 303 893 343 urbes
916 301 1042 342 huic
1034 301 1213 356 imperio
1232 302 1542 366 infestissimas,
1567 301 1801 357 Karthagi-

381 371 480 397 nem
497 357 860 413 humantianique
873 358 1049 398 delevit:
1075 357 1279 400 habeatur
1299 360 1361 400 vir
1379 359 1592 415 egregius,
1608 359 1655 399 L.
1675 359 1802 399 Paul.-

381 411 446 454 lus
468 414 552 465 ille,
573 430 695 470 quus
717 429 886 456 currum
919 429 992 454 rex
1017 415 1337 468 potentissimus
1361 417 1516 470 quoud
1509 430 1591 466 ιιιιι,
1613 425 1656 456 et
1679 415 1802 456 nobi-

382 470 582 534 lissimus,
615 473 763 513 Perses
800 471 1064 512 honestavit.
1097 471 1152 510 sit
1183 471 1225 511 in
1259 483 1418 512 aeteina
1451 473 1587 529 gloria
1618 471 1801 522 Marius,

381 528 454 582 qui
480 529 542 569 bis
567 529 674 569 lt111
667 543 732 568 ain
756 527 980 568 obsidione
995 537 1037 567 et
1059 538 1173 568 metu
1197 529 1412 569 servitutis
1434 529 1651 570 liberaxit:
1683 539 1802 570 ante-

381 595 566 640 ponatur
586 585 785 625 omnibus
809 584 1054 640 Pompeius,
1067 584 1190 639 cujus
1212 599 1275 625 res
1297 595 1429 641 gestae
1459 597 1587 641 atque
1610 587 1803 636 virtutes,

383 642 547 693 iisdem,
585 642 740 696 quibus
773 641 872 681 solis
907 655 1068 691 cursuS,
1092 642 1340 697 regionibus
1369 657 1417 682 ac
1440 643 1632 683 terminis
1661 643 1801 684 conti-

381 709 550 738 nentur.
612 697 704 738 Erit
726 698 920 754 profecto
951 699 1061 739 inter
1092 698 1243 739 horum
1274 698 1418 739 laudes
1439 700 1597 753 aliquid
1621 700 1702 740 loci
1724 714 1803 740 no-

383 766 481 795 strae
505 755 678 810 gloriae:
712 756 792 795 nisi
825 755 935 795 forte
966 755 1104 810 majus
1134 764 1198 795 est
1221 755 1460 811 patefacere
1483 757 1606 797 nobis
1628 757 1802 812 provin-

381 812 484 862 cias,
505 827 591 867 quo
612 812 729 853 exire
748 813 973 868 possimus,
991 826 1119 867 quam
1141 827 1302 863 curare,
1317 822 1364 853 ut
1384 814 1515 853 etiam
1536 812 1610 864 illi,
1632 813 1704 868 qui
1727 814 1803 853 ab·

321 872 371 907 22
385 879 497 919 sunt,
529 870 728 919 habeant,
761 885 847 925 quo
882 870 1062 910 victores
1090 879 1369 910 revertantur.
1428 870 1702 924 Quamquam
1737 878 1804 910 est

383 940 469 966 uno
493 927 585 967 loco
608 927 800 967 conditio
830 926 979 966 melior
996 936 1186 967 externae
1210 927 1418 977 victoriae,
1439 941 1566 981 quam
1598 927 1802 967 domesti-

379 984 612 1037 cae1qu0d
637 983 779 1024 hostes
801 983 1053 1039 alienigena-3
1075 993 1148 1024 aut
1178 984 1368 1039 oppressi
1399 984 1604 1034 serviunt,
1634 992 1709 1024 aut
1737 997 1803 1024 re-

377 1040 492 1103 cepti
514 1040 723 1081 beneficio
746 1055 788 1080 se
820 1041 1033 1095 obligatos
1056 1050 1234 1096 putant:
1266 1056 1339 1095 qui
1371 1050 1514 1081 autem
1545 1054 1599 1081 ex
1621 1054 1800 1080 numero

376 1111 552 1147 crvium,
571 1097 788 1138 dementia
808 1073 950 1152 aliquoa
970 1097 1204 1160 depravati,
1227 1097 1370 1138 hostes
1394 1098 1542 1153 patriae
1567 1097 1697 1138 semel
1710 1111 1802 1137 esse

377 1164 621 1208 coeper‚unt
645 1169 731 1205 eos,
753 1169 849 1195 cum
881 1170 905 1194 a
928 1169 1116 1209 pernicle
1146 1155 1393 1218 reipublicae
1417 1154 1633 1210 repuleris,
1657 1169 1735 1194 nec
1757 1154 1799 1194 vi

375 1210 589 1261 coercere,
619 1226 698 1252 nec
730 1211 938 1252 beneficio
970 1211 1135 1266 placare
1176 1212 1326 1266 possis.
1387 1211 1532 1258 Quare
1564 1211 1670 1251 mihi
1701 1225 1800 1252 cum

376 1268 554 1323 perditis
592 1269 759 1309 civibus
800 1277 1008 1309 aeternum
1049 1268 1205 1308 bellurn
1242 1278 1486 1324 susceptum
1527 1282 1618 1308 esse
1652 1268 1800 1310 video:

377 1325 493 1379 quod
524 1339 607 1381 ego
637 1337 792 1375 vestm,
815 1326 1111 1380 bonorumque
1142 1339 1334 1365 omnium
1367 1325 1544 1375 auxilio,
1576 1325 1801 1365 memoria-

336 1398 368 1431 b
379 1395 461 1445 que
483 1390 700 1422 tantorum
732 1383 1032 1438 periculorum,
1054 1397 1150 1437 quae
1181 1396 1266 1422 non
1288 1382 1417 1422 modo
1447 1383 1491 1423 in
1520 1382 1602 1422 hoc
1627 1381 1800 1437 populo,

376 1438 449 1493 qui
472 1448 662 1479 servatus
683 1450 761 1489 est,
785 1440 856 1480 sed
874 1440 1002 1480 etiam
1026 1453 1069 1479 in
1100 1439 1294 1479 omnium
1316 1440 1510 1494 gentium
1532 1453 1597 1479 ser
1601 1439 1799 1479 monibus

374 1509 423 1536 ac
446 1496 663 1536 mentibus
684 1510 849 1552 semper
870 1496 1066 1545 haerebit,
1089 1510 1113 1536 a
1134 1510 1201 1535 me
1223 1506 1351 1550 atque
1373 1511 1397 1536 a
1419 1496 1522 1537 meis
1545 1495 1669 1536 facile
1701 1510 1800 1551 pro-

376 1553 482 1607 puls·
475 1553 533 1593 ι·ιιί
555 1567 695 1615 posse
700 1554 886 1593 confido’.
909 1567 1047 1608 neque
1068 1552 1153 1592 ulla
1174 1553 1368 1608 profecto
1392 1562 1510 1593 tanta
1530 1553 1595 1593 vis
1616 1567 1800 1608 reperie-

377 1618 460 1660 tur,
482 1625 577 1665 quae
600 1609 949 1664 conjunctionem
983 1617 1165 1650 vestram
1187 1611 1465 1673 equitumque
1488 1609 1708 1650 Romanm
1712 1624 1799 1660 um,

377 1675 421 1706 et
442 1675 604 1707 tantam
626 1667 987 1722 conspirationem
1012 1667 1220 1707 bonorum
1251 1668 1443 1707 omnium
1473 1665 1736 1730 perfringere
1756 1676 1800 1707 et

300 1722 361 1769 11
378 1722 637 1765 labefactare
659 1725 807 1780 possit.
848 1724 958 1770 Quae
981 1738 1079 1764 cum
1103 1724 1163 1763 ita
1184 1723 1282 1773 siut,
1297 1733 1436 1779 patres
1455 1723 1703 1778 conscripti,
1721 1738 1800 1779 pro

312 1792 362 1826 03
377 1795 572 1836 imperio,
604 1795 683 1836 pro
711 1781 918 1831 exercitu,
954 1795 1031 1835 pro
1067 1780 1300 1842 provincia,
1332 1795 1461 1835 quam
1494 1780 1682 1835 neolexi,
1722 1795 1798 1836 pro

376 1838 609 1893 triumpho,
651 1839 887 1893 ceterisque
924 1837 1058 1878 laudis
1100 1836 1356 1892 insignibUS,
1393 1852 1489 1892 quae
1532 1847 1631 1877 sunt
1661 1852 1685 1877 a
1716 1851 1798 1888 me,

370 1906 548 1950 propter
585 1895 702 1935 urbis
735 1905 970 1949 vestiaeque
1002 1893 1147 1934 salutis
1178 1895 1432 1945 custodiam,
1462 1894 1698 1949 repud-iata,
1722 1908 1798 1949 pro

371 1951 579 2004 clientelis
615 1951 899 2006 hospitiisque
941 1950 1289 2007 provincialibus,
1319 1966 1415 2006 quae
1446 1960 1590 1991 tamen
1624 1951 1799 1991 urbanis

371 2009 526 2064 opibus
558 2023 644 2048 non
677 2023 840 2049 minore
871 2008 1014 2049 labore
1046 2018 1181 2057 tueor,
1203 2023 1330 2062 quain
1363 2022 1588 2064 compaio:
1621 2022 1699 2063 pro
1730 2007 1798 2048 his

370 2065 503 2121 igitur
525 2066 724 2106 omnibus
744 2067 883 2116 rebus,
907 2080 982 2120 pro
1006 2065 1123 2104 meis
1133 2064 1175 2104 iu
1209 2079 1283 2105 vos
1314 2065 1599 2121 singularibus
1630 2064 1798 2116 studiis,

370 2136 534 2177 proque
565 2122 659 2172 hac,
682 2138 810 2178 quam
841 2122 1105 2178 conspicitis‘,
1137 2121 1241 2162 44εά
1264 2122 1599 2163 conservandam
1627 2135 1797 2176 rempu-

372 2179 529 2220 blicam
551 2179 790 2243 diligentia,
813 2179 919 2220 nihil
941 2179 1054 2219 aliud
1088 2194 1114 2218 a
1143 2178 1279 2229 vobis,
1301 2179 1383 2219 nisi
1414 2178 1542 2233 hujus
1575 2179 1798 2234 temporis,

370 2237 588 2291 totiusque
616 2237 700 2276 mei
724 2237 968 2277 consulatus
990 2236 1238 2276 inemmiam
1262 2235 1454 2291 postulo:
1477 2251 1573 2291 quae
1595 2235 1697 2276 dum
1716 2236 1797 2276 erit

370 2294 520 2334 vestiis
534 2294 750 2334 mentibus
771 2293 919 2344 infixa,
942 2292 1185 2333 firmissimo
1202 2307 1270 2332 me
1293 2307 1413 2333 muro
1437 2303 1604 2349 septum
1619 2306 1709 2333 esse
1730 2307 1796 2332 ar-

370 2350 576 2391 biti-uabm
627 2350 794 2396 Quodsi
812 2365 949 2391 meam
974 2364 1091 2405 spem
1116 2349 1178 2388 vis
1201 2349 1494 2404 improborum
1513 2349 1709 2390 fefellerit
1731 2358 1796 2389 at-

368 2421 452 2461 que
485 2408 768 2463 superfuerit:
801 2407 1057 2448 commendo
1096 2406 1216 2446 vobis
1248 2421 1427 2462 parvum
1458 2421 1600 2447 meum
1631 2405 1793 2448 filium.

369 2465 436 2504 cui
461 2464 656 2528 profecto
678 2464 779 2505 satis
801 2465 881 2505 erit
912 2462 1115 2519 praesidii,
1139 2477 1221 2503 non
1255 2463 1390 2504 solum
1423 2463 1475 2504 ad
1498 2463 1691 2513 salutem,
1725 2476 1796 2502 ve-

370 2535 461 2560 rum
486 2522 614 2561 etiam
639 2522 691 2562 ad
713 2521 1041 2576 dignit-item,S1
1064 2534 1171 2574 eJuS,
1194 2520 1266 2575 qui
1290 2520 1384 2561 haec
1406 2521 1552 2560 omnia
1581 2534 1659 2560 suo
1680 2519 1795 2559 solus

306 2593 358 2627 24
372 2578 560 2632 periculo
584 2592 814 2618 conservax
818 2578 912 2629 erit,
936 2577 1054 2618 illum
1078 2590 1168 2616 esse
1191 2577 1324 2618 filium
1347 2577 1640 2618 memineritis.
1674 2576 1794 2624 Qua-

371 2644 546 2689 propter
563 2635 615 2675 de
637 2650 803 2676 summa
824 2610 958 2675 saliite
982 2642 1132 2683 xestra,
1164 2634 1398 2690 populique
1431 2633 1631 2684 Romani,
1653 2641 1796 2688 patres

367 2692 618 2747 conscripti,
640 2692 692 2732 de
721 2692 872 2732 vestris
889 2691 1150 2746 conjugibus
1171 2705 1225 2731 ac
1242 2691 1400 2754 liberis,
1421 2691 1473 2732 de
1495 2691 1579 2731 aris
1599 2705 1648 2731 ac
1670 2688 1794 2740 focis,

366 2747 420 2788 de
436 2748 547 2788 fanis
568 2763 618 2789 ac
641 2747 826 2805 templis,
849 2749 901 2790 de
924 2748 1060 2790 totius
1079 2747 1195 2788 urbis
1221 2748 1342 2790 tectis
1365 2763 1414 2789 ac
1437 2748 1622 2799 sedibus,
1643 2746 1724 2792 de
1714 2759 1796 2787 1111-

449 2864 491 2893 44
513 2863 559 2892 ad
572 2871 711 2893 conset-v.
728 2862 842 2902 remp]
869 2861 951 2898 Edd.
965 2861 1021 2892 W.
1037 2863 1126 2893 1480.
1150 2861 1199 2892 ad·
1208 2862 1463 2899 conservandum
1471 2861 1627 2902 populum
1645 2858 1686 2890 R.
