1907 3231
297 135 374 168 2653
825 132 898 171 IN
923 130 1202 170 VERREM

303 233 431 285 furta,
455 236 637 292 rapinas,
661 236 924 292 iniquitateS‚
947 236 1292 291 ignominiasque
1315 251 1527 292 perpessa,
1548 250 1635 278 non
1660 251 1737 293 po-

258 302 291 333 b.
305 292 435 332 tuerit
454 292 539 334 hoc
559 308 734 344 novum,
767 308 816 335 ac
839 294 1067 348 singulare,
1095 304 1223 349 atque
1245 293 1494 335 incredibile
1515 307 1650 350 genus
1672 295 1738 335 in-

294 348 508 404 juriarum
541 350 984 404 contumeliarumque
1014 351 1223 406 perferre?
1269 350 1369 393 Jam
1403 365 1551 392 omnes
1580 351 1738 392 intelli-

301 416 426 462 gunt,
457 422 532 448 cur
555 408 752 449 universa
785 408 1009 462 provincia
1040 406 1307 449 defensorem
1340 424 1428 450 suae
1459 408 1606 449 salutis
1637 422 1736 449 eum

299 464 516 519 quaesivit,
551 465 675 521 cujus
705 465 786 505 iste
816 464 931 513 fidei,
962 463 1215 520 diligentiae,
1245 466 1589 520 perseverantiae,
1622 465 1739 507 nulla

300 521 467 562 ratione
489 524 528 553 5⁴2
542 522 649 578 eripi
673 531 831 577 posset.
892 519 977 562 Tot
997 521 1176 575 judiciis
1199 522 1477 575 interfuistis;
1509 532 1575 564 tot
1596 522 1737 564 homi-

295 590 375 619 nes
396 588 597 619 nocentes
618 588 661 619 et
683 579 903 634 improbos
925 588 1162 629 accusatos,
1184 589 1227 619 et
1248 591 1389 621 vestra
1409 589 1452 621 et
1468 580 1736 636 superiorum

301 635 523 684 memoria,
554 636 671 676 scitis
693 650 809 687 esse3
840 649 1019 690 ecquem
1043 636 1224 687 vidistis,
1255 650 1433 692 ecquem
1467 637 1660 688 audistis,
1691 637 1735 678 in

304 692 434 732 tantis
457 692 595 742 furtis,
627 693 671 733 in
694 702 781 734 tam
811 693 984 748 apertiS,
1014 693 1059 733 in
1090 701 1210 734 tanta
1229 694 1423 744 audacia,
1453 703 1574 736 tanta
1595 695 1736 751 impu-

240 761 289 795 65
303 749 449 790 dentia
474 764 564 790 esse
595 753 835 792 versatum?
868 749 1086 805 Apronius
1114 751 1341 806 stipatores
1364 751 1568 793 Venerios
1591 766 1736 793 secum

301 805 514 849 habebat:
546 807 732 849 ducebat
763 822 834 848 eos
867 808 1029 848 circum
1059 807 1284 849 civitates:
1318 807 1490 863 publice
1521 809 1602 849 sibi
1632 824 1738 850 con-

300 863 416 905 vivia
438 864 591 920 parari,
623 865 753 906 sterni
777 864 976 915 triclinia,
1013 874 1056 905 et
1089 865 1132 906 in
1166 864 1261 905 foro
1293 865 1423 906 sterni
1441 865 1652 921 jubebat:
1684 880 1736 907 eo

298 923 444 963 vocari
466 921 660 963 homines
684 922 1024 973 honestissimos,
1043 937 1127 963 non
1145 922 1282 963 solum
1306 922 1487 974 Siculos,
1511 923 1583 964 sed
1605 923 1736 965 etiam

297 979 464 1033 equites
495 979 736 1022 Romanos:
769 988 831 1031 ut,
863 980 1038 1034 quicum
1073 979 1179 1020 inire
1212 980 1461 1021 convivium
1488 994 1615 1021 nemo
1642 995 1736 1021 um-

298 1049 442 1090 quam,
475 1038 554 1076 nisi
579 1038 716 1093 turpis
739 1037 1017 1093 impurusque
1039 1037 1257 1089 voluisset,
1289 1038 1342 1078 ad
1371 1037 1464 1093 ejus
1486 1038 1736 1079 convivium

298 1095 601 1148 spectatissimi
625 1105 752 1149 atque
786 1094 1075 1135 honestissimi
1105 1095 1185 1134 viri
1216 1104 1477 1136 tenerentur.
1537 1094 1650 1136 Haec
1674 1104 1734 1146 tu,

296 1151 491 1191 omnium
528 1152 775 1192 mortalium
814 1151 1166 1207 profligatissime
1209 1168 1258 1193 ac
1303 1152 1603 1207 perditissime,
1635 1167 1735 1194 cum

297 1207 441 1259 scires,
463 1224 561 1250 cum
596 1210 763 1250 audires
794 1209 1002 1265 quotidie,
1034 1224 1132 1250 cum
1155 1210 1346 1262 videres3
1380 1211 1413 1250 si
1436 1211 1525 1250 sine
1550 1220 1623 1250 tuo
1645 1224 1736 1250 ina-

298 1264 419 1306 ximo
432 1278 600 1320 quaestu
615 1267 780 1318 fierent,
797 1282 893 1307 cum
911 1276 1030 1308 tanto
1048 1267 1236 1322 periculo
1257 1276 1330 1307 tuo
1351 1267 1442 1307 lieri
1464 1276 1654 1323 paterere
1671 1276 1737 1308 at-

299 1336 382 1375 que
398 1324 653 1365 concederes
669 1327 681 1366 ?
704 1334 746 1365 et
763 1333 930 1364 tantum
949 1325 1061 1380 apud
1081 1334 1121 1365 te
1137 1334 1327 1380 quaestus
1344 1324 1544 1380 Apronii,
1566 1332 1736 1366 tantum

300 1380 392 1434 ejus
424 1395 562 1421 sermo
594 1382 976 1437 inquinatissimus,
1008 1392 1051 1422 et.
1078 1382 1298 1423 blanditiae
1331 1382 1560 1438 flagitiosas
1592 1381 1735 1423 value-

299 1447 413 1488 runt,
446 1447 492 1479 ut
522 1454 752 1494 numquam
785 1440 976 1479 animum
1006 1450 1128 1479 tuum
1151 1454 1252 1480 cura
1275 1450 1444 1480 tuarum
1465 1439 1735 1481 fortunarum

236 1495 595 1551 66cogitatioque
640 1500 862 1553 tangeret?
925 1496 1128 1547 Cei-uitis,
1158 1497 1344 1551 judices,
1376 1497 1491 1552 quod
1525 1506 1569 1537 et
1599 1511 1735 1553 quan-

301 1560 393 1593 tum
414 1553 659 1594 incendium
682 1555 1017 1595 decumanorum
1042 1554 1205 1609 impetu
1228 1569 1314 1595 non
1337 1554 1472 1595 solum
1497 1568 1572 1610 per
1592 1568 1734 1610 agros,

298 1610 372 1650 sed
393 1610 523 1651 etiam
546 1626 620 1667 per
641 1611 822 1667 reliquas
853 1611 1046 1652 fortunas
1069 1621 1308 1663 aratorum3
1340 1626 1477 1667 neque
1499 1610 1637 1652 solum
1660 1625 1736 1668 per

297 1664 424 1718 bona,
459 1668 530 1708 sed
553 1669 683 1710 etiam
707 1669 897 1725 perjura
921 1669 1128 1709 libertatis
1153 1679 1195 1710 et
1217 1669 1420 1719 civitatis,
1443 1670 1526 1709 isto
1550 1678 1736 1725 praetore

296 1726 544 1780 pervaserit.
576 1726 731 1766 videtis
766 1727 949 1782 pendere
979 1726 1084 1767 alios
1113 1740 1166 1767 ex
1198 1727 1369 1768 arbore:
1404 1726 1561 1782 pulsari
1590 1736 1736 1767 autem

295 1780 400 1823 alios
428 1791 471 1822 et
493 1784 729 1824 verberari:
764 1798 890 1839 porro
913 1783 1017 1824 alios
1035 1784 1077 1824 in
1096 1783 1271 1839 publico
1293 1783 1522 1824 custodiri:
1557 1783 1733 1825 destitui

296 1838 401 1880 alios
426 1840 469 1880 in
499 1840 726 1882 convivio:
758 1841 1035 1882 condemnari
1066 1842 1170 1882 alios
1204 1856 1229 1881 a
1262 1842 1429 1882 medico
1458 1850 1501 1882 et
1534 1855 1735 1896 praecone

296 1897 519 1952 praetoris:
555 1898 668 1938 bona
690 1907 832 1939 tamen
866 1898 1028 1939 interea
1054 1899 1334 1940 nihilomiuus
1361 1913 1510 1939 eorum
1537 1898 1734 1940 omnium

296 1968 350 1994 ex
381 1955 495 2010 agris
518 1954 673 1996 auferri
698 1971 747 1997 ac
776 1955 920 2012 diripi.
982 1956 1101 2003 Quid
1131 1966 1196 1997 est
1228 1956 1335 1997 hoc?
1368 1955 1515 2012 populi
1545 1955 1733 1997 Romani

297 2010 550 2067 imperium?
593 2013 741 2068 populi
799 2013 966 2054 'tomani
1011 2013 1150 2070 leges?
1189 2013 1385 2070 judicia?
1421 2013 1525 2054 socii
1560 2012 1734 2056 fideles?

165 2089 282 2130 p.162.
298 2069 520 2123 provincia
548 2071 820 2112 suburbana?
850 2085 993 2111 nonne
1024 2071 1170 2112 omnia
1201 2071 1342 2127 potius
1372 2070 1584 2125 ejusmodi
1619 2079 1734 2121 sunt,

253 2141 408 2180 a-quae,
439 2126 473 2167 si
502 2125 692 2168 Athenio
717 2128 904 2178 vicisset,
935 2128 979 2169 in
1011 2127 1158 2169 Sicilia
1189 2143 1275 2169 non
1305 2127 1504 2169 fecisset?
1534 2142 1637 2178 non,
1668 2126 1734 2169 ifi-

295 2198 439 2238 quam,
464 2183 650 2238 judice5‚
681 2194 792 2226 esset
814 2184 943 2226 ullam
965 2196 1131 2242 partem
1151 2186 1272 2227 istius
1294 2185 1500 2242 nequitiae
1524 2184 1734 2242 fugitivo-

293 2254 386 2280 rum
407 2241 634 2282 insolentia
649 2251 894 2283 consecuta.

209 2304 279 2358 27
353 2297 564 2339 Privatim
588 2299 669 2341 hoc
690 2301 845 2342 inodo:
878 2300 1008 2355 quid?
1040 2300 1212 2356 publice
1233 2300 1432 2341 civitates
1453 2299 1733 2355 quemadmo-

294 2354 394 2395 dum
420 2365 614 2398 tractatae
638 2360 763 2399 sunt?
795 2358 973 2398 audistis
999 2357 1210 2413 permulta
1231 2357 1404 2407 indicia,
1427 2367 1470 2398 et
1485 2356 1734 2398 testimonia

229 2427 275 2465 67
295 2412 536 2464 civitatum,
567 2423 612 2454 ct
634 2414 892 2469 reliquarum
922 2415 1120 2456 audietis.
1182 2414 1248 2456 Ac
1277 2415 1463 2470 primum
1492 2414 1546 2456 de
1571 2413 1732 2469 Agyri-

293 2471 413 2509 nensi
436 2472 611 2526 populo,
645 2471 758 2512 fideli
775 2482 819 2512 ct
840 2472 1007 2522 illustri,
1039 2472 1224 2513 breviter
1245 2472 1511 2528 cognoscite.
1571 2469 1733 2527 Agyri·

294 2527 436 2567 nensis
459 2538 521 2568 est
542 2529 583 2569 in
608 2530 755 2584 primis
790 2530 971 2570 honesta
1002 2530 1154 2570 civitas
1178 2529 1352 2579 Siciliae,
1386 2528 1610 2569 hominum
1633 2538 1732 2569 ante

293 2582 408 2624 hunc
437 2597 667 2640 pra‘torcin
688 2587 981 2643 locupletium,
1013 2600 1362 2641 summorumque
1383 2595 1615 2626 aratorum.
1637 2586 1731 2641 ejus

293 2640 383 2696 agri
407 2642 608 2684 decumas
631 2659 729 2684 cuin
757 2644 930 2685 emisset
959 2644 1071 2684 idcm
1094 2643 1326 2700 Apronius,
1360 2642 1574 2699 Agyrium
1598 2642 1731 2684 venit.

294 2699 492 2744 Quicum
510 2714 560 2740 eo
575 2716 669 2741 cum
687 2701 1018 2757 apparitoribus,
1043 2702 1082 2742 id
1106 2710 1183 2751 est,
1207 2715 1304 2742 cum
1319 2701 1446 2741 minis
1468 2715 1518 2741 ac
1535 2699 1730 2741 vivenis-

287 2763 364 2806 set,
385 2770 558 2811 poscere
580 2759 807 2814 pecuniam
822 2759 1029 2814 grandem
1050 2759 1202 2815 coepit,
1222 2766 1283 2810 ut,
1299 2766 1478 2814 acc-epto
1494 2757 1628 2808 lucro,
1643 2757 1729 2798 dis-

419 2888 460 2918 52
483 2887 564 2927 eripi
573 2887 693 2929 posset]
710 2888 762 2919 Sic
778 2888 937 2920 edidimus
950 2898 1009 2930 pro
1020 2889 1132 2931 possit.
1161 2888 1322 2921 Praecedit
1336 2889 1423 2920 enim
1438 2888 1592 2929 qnoesivit.
1633 2903 1636 2908 ·
1678 2906 1679 2909 =
