1907 3231
313 146 396 183 506
930 136 1175 180 ORATIO

314 246 448 290 dibile
469 262 519 290 ac
540 245 648 290 falso
669 245 890 290 memoriae
912 246 1132 303 proditum
1155 243 1395 287 videbatur.
1426 259 1542 287 nune
1571 246 1758 304 ssimpe-

313 306 368 347 rii
406 307 535 348 vestri
578 306 778 362 splendor
820 305 900 345 illis
939 303 1142 359 gentibus
1176 301 1313 345 lucet.
1345 318 1461 345 nunc
1493 303 1757 360 intelligunt,

205 380 239 415 p.
254 370 302 444 ιΞ
314 378 403 405 non
435 365 526 406 sine
558 377 688 406 causa
719 362 904 417 majores
941 375 1039 400 suos
1076 367 1184 410 tum,
1221 374 1321 401 cum
1354 361 1434 402 hac
1474 363 1759 418 temperantia

273 421 593 478 *magistratus
637 421 917 468 habebamus,
961 417 1118 458 se1vi1e
1169 417 1330 481 populo
1374 419 1589 470 Romano,
1627 434 1756 475 quam

314 479 526 536 imperare
548 480 655 529 aliis,
679 477 893 518 maluisse.
932 474 1033 516 Jam
1056 489 1156 515 vero
1176 475 1237 515 ita
1253 474 1400 517 faciles
1422 477 1562 518 aditus
1584 477 1636 518 πὶ
1659 489 1758 520 eum

305 537 597 593 privatorum,
619 536 681 576 ita
701 534 846 575 liberae
869 532 1152 588 querimoniae
1180 532 1233 572 de
1263 533 1444 575 aliorum
1475 535 1644 591 injuriis
1667 549 1758 576 esse

304 594 540 645 dicuntur;
576 602 621 633 ut
644 593 693 643 is,
716 591 789 646 qui
812 590 1026 647 dignitate
1047 589 1317 646 principibus
1338 591 1526 644 excellit,
1548 592 1757 635 facilitate

249 663 307 698 42
314 665 391 707 par
412 651 570 692 infimis
593 663 684 690 esse
706 649 916 690 videatur.
975 647 1077 690 Jam
1099 655 1309 713 quantum
1329 648 1525 700 consilio,
1546 660 1756 705 quantum

311 708 482 750 dicendi
506 707 719 763 gravitate
739 715 783 747 et
804 706 931 762 copia
951 705 1104 756 valeat,
1125 706 1169 746 in
1191 719 1277 760 quo
1300 706 1395 770 ipso
1416 706 1528 747 inest
1556 708 1756 763 quaedam

309 742 531 822 dignitas0
531 764 822 820 imperatoria,
845 779 936 815 xos,
957 763 1169 828 QtiiiiteS,
1202 763 1285 804 hoc
1317 778 1411 820 ipso
1442 763 1487 804 in
1516 764 1613 806 loco
1641 780 1756 822 saepe

307 801 544 879 cognostis.
607 822 757 863 Fidem
794 836 894 863 vero
927 821 1019 876 ejus
1050 821 1163 862 inter
1193 821 1332 862 socios
1365 830 1572 877 quantam
1603 823 1755 864 existi-

305 880 412 920 mari
437 879 614 936 putatis,
636 894 766 935 quam
788 879 984 920 54hostes
1004 879 1199 920 omnium
1221 878 1418 935 gentium
1441 879 1756 922 sanctissimam

300 937 570 993 judicarint?
603 937 1001 1001 Humanitatejam
1024 945 1145 978 tanta
1165 945 1243 988 est,
1267 945 1314 977 ut
1336 936 1513 978 difficile
1538 937 1661 978 dictu
1685 938 1755 989 sit,

307 1004 450 1036 utrum
483 995 628 1036 hostes
660 995 798 1051 magis
822 995 1026 1035 virtutem
1048 994 1142 1049 ejus
1173 1003 1417 1051 pugnantes
1442 991 1678 1045 timuerint,
1701 1007 1755 1037 an

304 1053 682 1094 mansuetudinem
714 1052 818 1093 victi
851 1052 1097 1093 dilexerint.
1160 1051 1217 1092 Et
1254 1053 1483 1108 quisquam
1519 1052 1754 1104 dubitabit,

305 1111 422 1174 quin·
454 1110 554 1151 huic
596 1113 636 1142 50
651 1118 819 1151 tantum
860 1109 1017 1150 bellum
1059 1109 1439 1150 transmittendum
1479 1110 1549 1161 sit,
1590 1110 1663 1166 qui
1702 1085 1756 1152 ad

307 1169 454 1208 omnia
484 1176 642 1209 nostlae
674 1167 894 1209 memoriae
928 1167 1039 1208 bella
1070 1167 1354 1219 conficienda,
1384 1167 1533 1208 divino
1563 1168 1752 1245 quodam

303 1225 489 1267 consilio
511 1236 636 1266 natus
658 1240 750 1267 esse
772 1225 994 1267 videatur?

228 1286 294 1338 15
366 1282 436 1334 Et,
459 1283 676 1348 quoniam.
687 1283 920 1324 auctoritas
941 1282 1126 1323 multum
1158 1282 1202 1323 in
1225 1282 1346 1324 bellis
1368 1295 1541 1338 quoque
1571 1282 1755 1324 admini—

243 1361 293 1394 43
309 1341 493 1382 strandis
516 1350 645 1397 atque
667 1341 849 1397 imperio
872 1340 994 1381 milit·
988 1340 1046 1381 ·u·i
1072 1339 1210 1392 valet3
1242 1350 1358 1382 certe
1390 1340 1548 1382 nemini
1573 1340 1754 1382 dubium

305 1408 385 1450 est,
407 1399 511 1454 quin
535 1413 584 1440 ea
605 1413 649 1440 ie
670 1399 784 1440 idem
809 1398 877 1439 ille
899 1398 1134 1454 imperator
1155 1398 1387 1454 plurimum
1411 1399 1561 1455 possit.
1610 1398 1751 1439 Vehe-

302 1466 470 1497 menter
508 1466 653 1497 autem
670 1457 898 1521 'pertinere
920 1456 973 1497 ad
1007 1454 1118 1496 bella
1149 1455 1502 1520 administranda,
1534 1455 1639 1511 quid
1672 1455 1752 1497 ho·-

302 1523 404 1565 stes,
441 1515 545 1569 quid
575 1514 681 1556 socii
714 1515 766 1555 de
801 1512 1136 1577 imperatoribus
1172 1513 1324 1553 vestris
1353 1514 1620 1564 existiment,
1655 1513 1750 1569 quis

303 1571 493 1628 igmnorat
517 1587 616 1613 cum
639 1572 838 1622 sciamus,
864 1571 1058 1612 homines
1089 1585 1135 1611 m
1158 1571 1288 1611 tantis
1320 1571 1462 1622 rebus,
1486 1580 1533 1612 ut
1554 1579 1629 1611 aut
1650 1585 1753 1612 con-

305 1638 515 1679 temnant,
549 1637 624 1670 aut
664 1638 874 1680 metuant,
908 1637 983 1670 aut
1018 1627 1202 1678 oderint,
1235 1638 1310 1669 aut
1350 1637 1509 1679 ament,
1545 1628 1751 1684 opinione

300 1701 393 1728 non
424 1687 565 1728 minus
599 1686 742 1738 famae,
774 1701 903 1742 quam
938 1685 1081 1741 aliqua
1113 1695 1230 1726 certa
1264 1685 1431 1728 ratione
1460 1686 1752 1729 commoveri?

306 1744 438 1808 Quod
461 1745 594 1800 igitur
615 1758 774 1785 nomen
804 1758 1010 1799 umquam
1034 1743 1077 1783 in
1099 1743 1203 1784 orbe
1234 1751 1367 1784 terrai
1372 1758 1443 1783 um
1463 1742 1618 1784 clarius
1641 1742 1752 1785 fuit?

300 1802 429 1857 cujus
452 1816 516 1842 res
539 1810 673 1858 gestae
696 1803 845 1858 pares?
866 1802 919 1842 de
940 1816 1026 1856 quo
1049 1800 1225 1841 homine
1249 1816 1338 1852 vos,
1358 1801 1401 1841 id
1420 1800 1535 1856 quod
1558 1800 1750 1842 maxime

302 1858 412 1901 lacit
446 1860 764 1911 auctoritatem,
787 1867 908 1900 tanta
937 1868 981 1900 et
1013 1867 1100 1899 tam
1132 1858 1338 1915 praeclara
1361 1858 1532 1913 judicia
1559 1857 1752 1899 fecistis?

241 1928 302 1961 44
306 1915 375 1958 An
408 1931 509 1958 v·e10
543 1917 673 1958 ullam
706 1932 888 1972 usquam
926 1930 1017 1958 esse
1053 1930 1172 1957 oram
1211 1926 1299 1957 tam
1329 1916 1539 1957 desertam
1573 1915 1751 1972 putatis,

304 1989 390 2029 quo
414 1989 501 2016 non
532 1975 644 2015 illius
667 1975 748 2016 diei
773 1974 890 2016 fama
911 1974 1160 2038 peruaserit,
1181 1989 1280 2015 cum
1313 1974 1534 2020 universus
1565 1973 1750 2030 populus

251 2056 256 2059 -
305 2031 530 2073 Romanus
552 2032 709 2074 1eferto
732 2032 842 2098 foro,
863 2031 1122 2088 repletisque
1144 2032 1345 2072 omnibus
1368 2031 1554 2088 templis,
1576 2045 1631 2072 ex
1653 2031 1750 2086 qui-

260 2102 291 2133 b.
305 2089 384 2130 bus
407 2090 478 2131 hic
502 2089 620 2131 locus
642 2091 836 2147 conspici
868 2098 1025 2146 potest,
1049 2099 1183 2130 unum
1214 2089 1296 2130 sibi
1328 2089 1380 2130 ad
1403 2102 1632 2130 commune
1654 2103 1748 2129 om-

302 2147 422 2188 nium
446 2149 641 2204 gentium
663 2148 823 2189 bellum
847 2146 929 2189 Cn
951 2147 1210 2203 Pompeium
1233 2147 1536 2202 imperatorem
1557 2145 1749 2202 depopo-

301 2205 412 2247 seit?
444 2205 611 2260 Itaque,
634 2216 683 2246 ut
713 2205 836 2262 plura
864 2220 951 2246 non
983 2205 1141 2257 dicam,
1165 2219 1303 2270 neque
1335 2204 1515 2245 aliorum
1536 2203 1748 2259 exemplis

300 2262 570 2315 confirmem,
592 2263 633 2294 56
643 2272 853 2319 quantum
874 2263 1108 2305 auct01itas
1133 2262 1302 2304 valeat
1293 2278 1337 2304 m
1359 2261 1496 2314 bello;
1518 2261 1573 2302 ab
1595 2261 1748 2302 eodem

343 2395 382 2424 53
405 2394 536 2434 imperii
561 2395 660 2425 vestri
683 2396 744 2434 κρῖ.
768 2392 866 2433 lucet]
895 2393 1002 2424 Vestri

299 2444 358 2474 pro
384 2436 519 2476 vulgato
547 2438 649 2467 nostri
675 2436 760 2474 dedi,
786 2447 803 2466 e
827 2437 908 2467 Mss.
933 2446 1001 2466 me-

298 2477 448 2515 lioribus,
476 2480 553 2518 quia
579 2480 624 2510 sic
653 2489 751 2519 supra
776 2483 827 2509 est
859 2488 999 2518 semper,

298 2524 337 2550 ut
368 2520 518 2552 vidimus.
564 2522 641 2552 Duo
670 2521 762 2551 codd.
790 2522 826 2551 in
853 2521 903 2551 his
930 2521 999 2553 Erf.

259 2561 261 2563 ’
297 2560 434 2603 habent,
455 2564 607 2602 gentibus
630 2566 733 2594 lucem
756 2561 881 2604 qfferre
895 2565 1000 2603 ccrpit,

298 2614 373 2643 quae
398 2610 448 2635 est
475 2606 582 2645 glossa
609 2607 698 2636 verbi
727 2607 824 2641 lueet,
854 2616 914 2636 nec
945 2606 1002 2636 illa

299 2645 396 2676 bona.
443 2649 561 2678 Sensus
589 2654 661 2679 est:
698 2658 787 2678 nunc
814 2648 871 2679 illa
899 2648 1001 2688 impe-

300 2689 339 2718 rii
364 2688 467 2728 gloria
493 2691 590 2730 plane
619 2691 793 2721 manifesta
818 2696 869 2720 est
894 2696 926 2720 et
952 2692 1002 2720 in-

297 2732 402 2760 currit
421 2732 454 2760 in
477 2733 588 2763 oeulos
608 2734 769 2764 omnium.
814 2733 907 2763 Offic.
926 2733 953 2771 1,
969 2738 999 2768 9.

297 2774 432 2811 aequims
447 2775 531 2805 lucet
544 2777 613 2815 ipsa
624 2785 739 2815 perse.

297 2836 301 2839 -
341 2817 380 2846 54
416 2817 517 2847 hostes
552 2819 698 2848 omnium
730 2816 897 2857 gentium]
946 2817 998 2846 Sic

297 2866 410 2887 ornnes
435 2859 506 2889 edd.
537 2865 617 2890 vett.
649 2867 762 2898 estque
795 2859 865 2889 haec
900 2859 998 2889 lectio

296 2898 404 2931 bona:
430 2911 489 2932 nec
514 2903 656 2933 sustinui
683 2911 760 2933 cum
790 2902 919 2932 Graevio
950 2912 998 2932 re—

1044 2394 1151 2434 cipere
1172 2393 1350 2425 lectionem
1365 2393 1572 2434 quorundam
1594 2391 1675 2423 Mss.
1692 2393 1746 2423 ho-

1042 2441 1105 2466 stes
1134 2446 1243 2467 omnes
1277 2437 1424 2467 omnium
1456 2445 1637 2475 generum:
1660 2435 1747 2475 quod

1044 2479 1126 2509 mihi
1154 2478 1266 2509 durius
1291 2483 1350 2509 est.
1380 2479 1530 2509 dixisset:
1561 2478 1672 2508 omnia
1694 2478 1748 2508 Ιιο-

1043 2522 1144 2552 stium
1159 2522 1302 2552 omnium
1317 2531 1452 2560 genera.

1088 2566 1127 2593 55
1151 2567 1284 2594 tantum
1311 2565 1430 2594 bellum
1459 2564 1515 2593 hoc
1537 2561 1595 2601 twa]
1629 2561 1746 2593 Delevi

1044 2607 1101 2635 hoe
1117 2606 1240 2645 potius,
1256 2606 1342 2646 quod
1365 2607 1405 2637 ab
1427 2605 1499 2635 edd.
1521 2614 1570 2644 pr.
1592 2603 1745 2635 omnibus

1044 2648 1148 2684 abest,
1169 2658 1267 2687 quam
1289 2653 1539 2688 transponerem
1562 2656 1639 2677 cum
1654 2647 1745 2676 Grae-

1044 2690 1109 2727 vio,
1126 2692 1182 2720 hoc
1203 2694 1335 2720 tantum
1356 2691 1487 2727 bellum,
1503 2699 1542 2720 ex
1565 2689 1633 2719 Erf.
1657 2688 1745 2728 quod

1044 2739 1158 2763 tamen
1172 2733 1277 2763 lenius
1292 2737 1354 2762 est.

1088 2776 1127 2805 56
1151 2779 1313 2814 quantum
1339 2773 1438 2815 hujus·
1461 2778 1549 2804 auct.
1574 2773 1686 2804 valeat
1708 2773 1745 2803 in

1043 2817 1134 2856 bello]
1161 2817 1237 2847 Sine
1260 2817 1358 2848 dubio
1379 2817 1533 2847 vitiosum
1553 2820 1603 2847 est
1627 2814 1743 2856 hujus:

1042 2868 1120 2889 nam
1136 2858 1189 2889 hic
1203 2859 1242 2889 de
1263 2869 1296 2890 re
1317 2860 1352 2890 in
1368 2869 1486 2899 genere
1501 2868 1608 2889 sermo
1625 2862 1687 2894 est,
1702 2862 1743 2888 ut

1043 2906 1135 2943 patet
1152 2911 1170 2933 e
1191 2903 1322 2933 verbis'
1312 2912 1346 2933 ιη
1363 2903 1454 2940 bello,
1469 2906 1505 2932 et
1523 2901 1743 2941 sequentibus.
