1907 3231
643 115 1053 161 PRAEFATIO.
1525 113 1574 158 ix

135 227 253 271 xime
284 229 328 271 et
350 226 583 271 Dresdensi
613 228 659 270 in
688 229 739 270 iis
772 228 946 284 quidem
973 225 1183 285 partibuS‚
1215 238 1395 281 quarum
1429 239 1583 267 exem«

138 297 256 353 plum
275 297 334 338 illi
353 297 587 348 habebant,
615 297 833 353 excerptis
863 296 963 337 inde
992 293 1180 351 acceptis
1214 307 1289 350 per
1314 284 1494 334 amicos:
1526 292 1589 341 lifr

136 366 235 406 bros
269 366 386 422 ipsos
420 379 507 406 non
537 364 582 405 in
613 365 815 406 manibus
846 364 1014 406 habuit.
1073 362 1181 404 Tum
1213 360 1422 417 exemplis
1451 360 1582 401 editis

137 447 236 474 usus
257 444 322 474 est
343 448 398 474 ex
428 433 608 488 antiquo
641 447 811 489 genere,
839 446 919 474 nec
947 431 1093 472 multis
1126 431 1248 481 adeo,
1276 444 1355 471 nec
1387 428 1580 484 optimiS,

70 505 74 508 ⁴
136 514 216 542 nec
235 510 434 542 accurate
452 511 496 542 et
524 510 794 543 constanter:
825 500 1046 556 multaque
1075 498 1307 555 ignoravit,
1339 512 1436 552 quae
1459 504 1584 537 erant

135 568 180 610 in
200 569 282 610 illis
304 570 423 626 ipsis,
454 584 561 624 quos
581 569 625 610 in
646 569 845 610 manibus
865 569 1068 619 habebat,
1098 566 1243 608 libris:
1275 566 1319 607 id
1341 565 1456 621 quod
1475 574 1517 604 et
1537 563 1580 604 in

138 637 327 682 Grutero
356 639 617 679 notavimus.
678 637 804 679 Unde
827 637 890 688 fit,
920 645 969 678 ut
997 635 1213 677 interdum
1242 635 1284 675 in
1316 633 1435 675 nullo
1470 632 1582 673 libro

139 720 231 748 esse
250 706 380 758 dicat,
403 706 518 761 quod
539 721 615 747 nos
639 706 684 746 in
705 721 792 746 non
815 720 902 746 uno
932 705 1182 761 reperimus.
1245 702 1430 743 Causam
1452 700 1583 756 hujus

136 774 232 816 vitii
256 774 387 814 fuisse
418 783 522 830 puto
551 789 638 814 non
669 774 713 814 in
747 774 856 829 ipso,
880 773 952 814 sed
983 773 1027 812 in
1049 787 1115 823 eo,
1138 771 1207 812 cui
1231 770 1505 811 collationem
1532 768 1585 809 li·-

136 842 310 883 brorum
332 857 432 883 cum
454 842 640 897 vulgatis
662 841 873 897 exemplis
891 841 1160 881 mandasset:
1193 854 1293 880 nam
1316 837 1469 878 libellis
1489 836 1585 892 qui-

138 910 236 951 dem
272 911 483 952 variarum
513 910 764 960 lectionum,
795 909 952 964 cuique
984 907 1193 949 volumini
1221 906 1444 961 subjectiS,
1476 904 1586 946 nihil

138 978 431 1035 negligentius
454 978 498 1018 in
520 978 604 1018 hoc
627 991 781 1034 genere
812 976 974 1018 factum
995 976 1098 1017 vidi.
1161 975 1409 1030 Eademque
1431 982 1474 1014 et
1493 973 1587 1014 aliis

139 1046 242 1088 viris
263 1045 522 1088 doctissimis
545 1045 660 1086 fraus
683 1045 798 1087 facta
823 1054 902 1096 est,
925 1045 999 1100 qui
1033 1059 1118 1085 non
1152 1044 1234 1100 ipsi
1264 1043 1395 1084 libros
1428 1056 1589 1097 eosque

139 1124 386 1156 constanter
408 1114 655 1155 conferrent
677 1114 720 1154 in
755 1123 879 1154 textu
909 1113 1229 1164 constituendo,
1252 1125 1452 1168 saepeque
1473 1109 1590 1166 opti-

136 1198 222 1225 mae
251 1182 458 1224 lectiones
491 1182 709 1223 latuerunt
738 1196 825 1233 eOS,
847 1196 946 1223 cum
980 1181 1144 1231 alienis,
1167 1180 1393 1221 hominum
1426 1194 1590 1221 merce-

139 1251 374 1302 nariorum,
397 1259 511 1291 certe
533 1250 715 1291 alienam
739 1264 830 1290 rem
858 1258 1104 1290 acturorum
1127 1248 1262 1289 oculis
1284 1257 1328 1288 et
1348 1247 1589 1303 diligentiae

139 1334 228 1361 rem
265 1319 598 1361 commisissent.
658 1317 812 1372 Itaque
842 1317 950 1357 mihi
981 1317 1093 1358 hanc
1118 1316 1259 1372 legem
1289 1330 1457 1371 semper
1487 1316 1591 1357 scri·

139 1397 261 1445 ptam
285 1387 433 1438 habui,
455 1396 504 1427 ut
525 1386 618 1442 ipse
647 1386 691 1427 in
724 1386 791 1426 his
814 1387 941 1426 rebus
973 1386 1080 1427 meis
1103 1385 1238 1426 oculis
1269 1384 1474 1434 viderem,
1505 1399 1592 1439 qua

138 1456 235 1512 lege
257 1455 465 1496 servanda
484 1455 621 1496 multa
642 1464 736 1495 tum
770 1455 815 1495 in
845 1454 938 1495 aliis
971 1454 1105 1505 libris,
1128 1462 1221 1494 tum
1248 1453 1293 1493 in
1322 1452 1390 1494 his
1414 1451 1592 1494 Cicero-

141 1524 280 1566 nianis
303 1523 407 1574 vidi,
435 1538 532 1578 quae
555 1537 634 1564 nec
667 1523 739 1564 alii
770 1532 870 1563 ante
897 1537 966 1563 me
988 1523 1202 1573 viderunt,
1224 1536 1304 1562 nec
1333 1521 1440 1562 alius
1472 1520 1592 1561 vide-

141 1593 212 1644 rit,
235 1592 310 1648 qui
330 1607 418 1633 non
450 1592 550 1633 satis
581 1601 769 1632 armatus
804 1591 1014 1647 patientia
1042 1600 1085 1632 et
1115 1590 1361 1632 constantia
1389 1590 1443 1631 ad
1475 1588 1593 1631 hunc

142 1660 333 1703 laborem
363 1649 605 1702 accesserit.
667 1659 873 1700 Ceterum
895 1659 1049 1711 fateor,
1072 1668 1243 1700 textum
1267 1658 1593 1709 Gruterianum,

144 1730 234 1771 sive
266 1728 506 1785 vulgatum,
536 1743 561 1769 a
592 1727 770 1769 Graevio
803 1742 891 1768 non
920 1728 1068 1784 paucis
1100 1727 1206 1768 locis
1232 1727 1343 1768 bene
1376 1735 1597 1768 mutatum

142 1812 249 1849 esse,
285 1797 399 1838 unde
440 1806 484 1838 et
525 1797 616 1853 ipse
658 1796 751 1852 ejus
793 1797 1082 1837 correctiones
1117 1809 1233 1851 saepe
1270 1809 1364 1835 sum
1405 1804 1594 1836 secutus.

146 1865 278 1913 Quod
300 1865 353 1906 ad
383 1874 507 1906 notas
530 1865 700 1916 attinet,
724 1864 1030 1920 interpretibus
1052 1873 1096 1905 et
1117 1864 1333 1904 orationes
1354 1862 1596 1920 intelligere

144 1934 420 1991 cupientibus
442 1933 689 1984 destinatas,
705 1943 862 1989 praeter
876 1931 1045 1974 Asconii
1060 1941 1104 1974 et
1122 1932 1230 1973 alius
1251 1931 1418 1987 antiqui
1438 1931 1606 1973 Gram—

143 2002 292 2043 matici
327 2001 516 2052 Scholia,
551 2003 816 2058 optimorum
855 2001 1155 2057 interpretum,
1197 1999 1487 2050 Hotomanni‚
1520 2000 1595 2055 qui

143 2080 188 2112 et
219 2086 244 2111 a
276 2070 428 2112 critica
463 2079 582 2126 parte
615 2070 884 2110 orationibus
918 2069 1151 2125 plurimum
1194 2067 1375 2125 profuit,
1407 2078 1452 2109 et
1484 2068 1596 2109 libro

145 2139 323 2194 antiquo
347 2139 521 2194 adjutus
549 2147 592 2178 et
609 2137 779 2192 judicio
811 2138 1003 2193 egregio,
1029 2136 1245 2187 Lambini,
1265 2145 1308 2176 et
1328 2135 1379 2177 P.
1402 2136 1596 2177 Manutii

145 2209 337 2264 integros
356 2206 705 2255 commentarios,
725 2205 992 2260 aliorumque
1012 2205 1077 2246 vel
1100 2205 1142 2245 in
1167 2204 1357 2260 singulas
1379 2204 1596 2246 orationes

145 2286 286 2327 notaS,
322 2275 386 2316 vel
417 2275 604 2316 delectas
635 2273 816 2314 addidit.
868 2273 1010 2329 Ipsius
1035 2274 1210 2329 quidem
1241 2287 1295 2313 ex
1326 2272 1410 2314 hoc
1440 2287 1597 2329 genere

148 2344 270 2386 valde
292 2344 418 2385 bonae
441 2343 658 2399 pleraeque
680 2351 794 2391 sunt,
815 2342 1012 2397 inprimis
1043 2342 1095 2382 ad
1117 2341 1347 2396 exquisitae
1370 2341 1596 2383 latinitatis

146 2412 478 2469 intelligentiam
521 2411 661 2452 utiles.
715 2409 976 2451 Hotomannz·
1023 2411 1358 2451 commentarius
1407 2410 1596 2466 primum

147 2481 310 2538 prodiit
342 2480 478 2521 Paris.
501 2495 538 2520 a.
568 2485 688 2521 1552.
708 2478 739 2519 f.
764 2478 918 2519 iterum
944 2479 1180 2535 castigatus
1210 2478 1352 2519 denuo
1381 2485 1501 2521 1554.
1523 2478 1597 2520 de-

148 2551 252 2592 sinit
273 2550 317 2590 in
337 2563 399 2590 or.
418 2563 481 2605 pr.
507 2547 561 2589 L.
585 2546 789 2589 stlanilia.

208 2618 314 2659 Post
336 2617 451 2657 hunc
472 2616 690 2656 neminem
713 2614 866 2671 reperi,
889 2614 961 2670 qui
985 2614 1200 2655 orationes
1232 2614 1451 2655 universas
1473 2629 1597 2672 sepa-

147 2687 275 2729 ratim
297 2685 480 2726 ediderit
501 2684 555 2725 ad
579 2683 842 2725 Criticorum
863 2692 907 2723 et
937 2682 1220 2738 interpretum
1251 2697 1402 2723 usum:
1434 2682 1515 2724 nisi
1538 2698 1594 2725 ex

149 2755 234 2796 hoc
263 2767 418 2811 genere
449 2762 514 2793 est
544 2767 607 2802 ea,
639 2766 768 2807 quam
791 2749 932 2792 Marc.
956 2750 1164 2791 Antonius
1195 2749 1406 2791 Ferratius
1427 2752 1596 2794 curavit

150 2823 303 2865 PataV.
323 2828 442 2869 1729.
467 2826 507 2863 8.
530 2820 645 2861 Voll.
660 2826 702 2861 4.
724 2833 823 2862 cum
847 2819 1129 2875 argumentiS,
1151 2818 1315 2874 analysi
1336 2829 1380 2860 et
1400 2820 1596 2862 animad-
