1907 3231
403 102 479 141 DE
504 101 797 154 LEGE‘AGR.
824 99 1047 153 coNTRA
1072 97 1321 138 RULLUM.
1505 100 1583 141 627

129 207 332 265 vigilanti
362 208 546 260 homini,
578 224 665 261 non
699 207 876 260 timid0;
907 205 1123 262 diligenti,
1157 219 1244 245 non
1275 205 1435 261 ignavo
1463 216 1582 244 com-

132 267 325 319 misistis.
388 266 484 324 Ego
519 268 552 308 is
583 267 750 319 consul,
773 266 846 322 qui
877 265 1133 319 concionem
1161 265 1376 304 metuam?
1408 261 1482 317 qui
1506 260 1582 301 tri·
1598 268 1668 304 101

131 324 274 373 bunos
297 324 434 381 plebis
457 325 806 381 perhorrescam?
839 323 914 379 qui
945 336 1060 378 saepe
1081 330 1125 365 et
1151 320 1244 364 sine
1274 335 1402 374 causa
1426 317 1585 360 tumul-

135 385 255 425 tuer?
285 383 361 438 qui
385 383 575 433 timeam,
593 397 646 424 ne
668 383 775 424 inihi
800 382 842 423 iu
865 394 1035 424 carcere
1055 377 1340 435 habitandum
1362 377 1434 429 sit,
1457 376 1491 417 si
1512 376 1587 421 tri-

100 440 274 487 ,hunus
309 440 446 496 plebis
484 441 584 482 duci
617 441 848 496 jussisset?
902 438 997 495 Ego
1038 437 1232 491 nondum
1266 434 1418 476 vestris
1457 435 1587 474 armis

133 507 338 549 armatuS,
372 498 706 555 insignibusque
741 497 1019 555 amplissimis
1057 504 1248 545 ornatuS,
1281 492 1478 549 imperio,
1513 506 1589 532 au-

133 556 352 606 ctoritate,
388 571 476 597 non
514 557 660 598 horrui
702 557 746 597 in
783 557 899 598 hunc
941 554 1086 596 locum
1125 551 1342 609 progredi,
1380 549 1590 604 vobisque

134 613 386 654 auctoribus
421 614 694 671 improbitati
725 614 914 656 hominis
946 613 1168 653 resistere:
1202 624 1317 651 nunc
1347 621 1506 658 verear,
1535 621 1589 648 ne

134 671 395 727 respublica,
421 674 553 714 tantis
587 673 758 714 munita
785 671 1014 729 praesidiis,
1047 670 1102 711 ab
1133 668 1227 710 istis
1253 666 1384 718 vinci,
1407 675 1482 706 aut
1511 680 1590 722 op-

136 728 265 784 primi
287 731 446 786 possit?
480 730 525 772 Si
544 742 673 772 antea
693 730 947 779 timuissem,
962 728 1042 769 hac
1060 727 1286 777 concione,
1308 725 1390 766 hoc
1411 723 1589 781 populo,

133 796 251 828 certe
273 803 362 829 non
386 803 566 829 vererer.
629 788 740 836 Quis
772 788 888 829 enim
920 800 1126 841 umquam
1155 795 1242 825 tam
1275 783 1463 825 secunda
1484 797 1589 823 con-

135 845 263 886 cione
305 845 447 903 legem
483 847 695 903 agrariam
734 846 882 895 suasit,
914 858 1044 899 quam
1082 857 1165 899 ego
1198 841 1405 882 dissuasi?
1437 840 1472 880 si
1502 840 1588 881 hoc

135 902 385 945 dissuadere
409 914 489 955 est,
521 919 571 946 ac
607 919 695 945 non
725 903 968 944 disturbare
1003 916 1053 942 ac
1078 910 1334 957 pervertere.
1398 897 1466 939 Ex
1499 912 1585 953 quo
1601 897 1674 934 102

131 960 333 1018 intelligi,
357 963 567 1013 Quirites,
592 971 751 1018 potest,
774 960 883 1002 nihil
905 974 996 1003 esse
1022 970 1108 1000 tam
1135 956 1355 1014 populare,
1378 970 1508 1012 quam
1529 955 1587 1007 id,

134 1020 252 1074 quod
274 1035 358 1076 ego
382 1020 505 1061 vobis
529 1021 571 1060 in
596 1020 712 1061 hunc
739 1033 899 1060 aunum
927 1017 1079 1060 consul
1102 1015 1319 1073 popularis
1342 1014 1491 1073 affero,
1516 1028 1590 1069 pa-

132 1091 244 1128 cem,
271 1077 646 1133 tranquillitatem,
669 1078 825 1119 otium.
884 1076 1001 1123 Quae
1032 1075 1159 1116 nobis
1192 1072 1431 1130 designatis
1464 1072 1590 1113 time-

137 1134 264 1187 batis,
286 1149 338 1176 ea
360 1150 413 1177 ne
434 1136 631 1178 accidere
659 1144 851 1193 possent,
874 1134 1057 1177 consilio
1089 1147 1188 1174 meo
1219 1147 1269 1173 ac
1300 1132 1466 1172 ratione
1490 1144 1589 1186 pro·
1600 1146 1631 1176 p.
1647 1139 1698 1170 87.

135 1192 228 1234 visa
249 1202 365 1235 sunt.
387 1209 476 1235 non
494 1194 624 1235 modo
645 1209 721 1235 vos
740 1194 860 1235 eritis
881 1193 922 1234 in
944 1193 1051 1242 otio,
1069 1191 1143 1246 qui
1168 1204 1335 1246 semper
1350 1191 1392 1223 Ξ’9
1403 1202 1495 1229 esse
1516 1202 1589 1228 vo-
1601 1190 1630 1210 ἢ·

135 1249 318 1303 lueritis,
342 1267 491 1293 verum
513 1252 646 1295 etiam
666 1252 786 1303 istos,
805 1251 1015 1306 30quibus
1043 1248 1174 1291 otiosi
1203 1247 1430 1304 negotium
1455 1246 1592 1287 faces-

135 1308 284 1360 simus,
308 1310 595 1352 otiosissimos
619 1310 810 1351 reddam.
876 1308 1048 1349 Etenim
1071 1307 1152 1348 illis
1177 1306 1376 1356 honores,
1402 1313 1593 1361 potesta-

136 1376 215 1418 tes,
255 1367 439 1419 divitiae,
474 1383 529 1409 ex
567 1367 754 1410 tumultu
794 1375 923 1422 atque
956 1381 1011 1407 ex
1050 1364 1392 1407 dissensionibus
1429 1362 1594 1404 civium

132 1426 380 1481 comparari
403 1425 566 1468 solent:
601 1441 692 1477 vos,
712 1439 897 1481 quorum
918 1424 1060 1481 gratia
1076 1423 1120 1465 in
1138 1421 1356 1478 suffragiis
1376 1419 1593 1471 consistit,

134 1480 311 1524 libertas
337 1484 380 1525 in
418 1483 602 1540 legibus,
637 1483 775 1525 honos
810 1483 853 1524 in
877 1482 1059 1538 judiciis
1088 1489 1132 1522 et
1164 1480 1424 1535 3laequitate
1454 1478 1595 1536 magi-

135 1550 312 1592 s-tratuS,
331 1550 375 1582 et
397 1556 462 1582 res
486 1541 718 1583 familiares
743 1542 785 1582 iu
810 1555 931 1596 pace,
954 1539 1074 1581 omni
1094 1539 1262 1580 ratione
1283 1538 1423 1580 otium
1447 1547 1592 1579 tenere

124 1598 320 1640 debetis.
377 1601 421 1631 32
437 1599 567 1651 Nam,
590 1600 622 1640 si
645 1600 690 1650 ii,
710 1599 783 1655 qui
809 1608 986 1655 propter
1007 1597 1215 1638 desidiam
1241 1596 1283 1637 in
1307 1595 1399 1637 otio
1426 1595 1591 1646 vivunt,
1607 1599 1678 1634 103

136 1665 282 1698 tamen
316 1657 360 1698 in
391 1673 469 1698 sua
503 1658 618 1714 turpi
651 1658 808 1708 inertia
840 1657 1021 1714 capiunt
1053 1654 1349 1711 voluptatem;
1382 1654 1462 1697 sub
1497 1652 1592 1708 ipso

135 1714 245 1767 otio,
267 1730 354 1771 quo
378 1731 453 1757 vos
477 1715 697 1757 fortunam
719 1715 886 1772 regitis,
911 1716 943 1755 si
969 1713 1085 1755 hunc
1109 1723 1286 1763 statum,
1309 1726 1438 1767 quem
1461 1710 1594 1752 habe-

137 1773 208 1824 tiS,
239 1787 332 1814 esse
352 1773 576 1814 meliorem
598 1789 686 1814 non
708 1773 934 1830 ignoratis,
960 1787 1046 1813 non
1065 1781 1109 1812 ut
1133 1771 1384 1827 quaesitum,
1407 1769 1479 1812 sed
1505 1769 1595 1811 vita

132 1840 311 1888 partum
327 1831 466 1873 otium
482 1832 722 1875 tenueritis.
768 1831 899 1878 Quod
914 1845 996 1886 ego
1011 1843 1053 1870 et
1068 1828 1317 1878 concordia,
1331 1843 1463 1883 quam
1486 1827 1595 1868 mihi

136 1889 346 1931 constitui
380 1904 480 1930 cum
515 1889 696 1946 collega,
730 1888 1002 1930 invitissimis
1032 1888 1084 1928 iis
1115 1887 1381 1937 hominibus,
1411 1900 1519 1941 quos
1551 1885 1595 1926 in

134 1947 365 1988 consulatu
390 1947 591 1989 inimicos
621 1961 714 1988 esse
735 1957 779 1988 et
802 1947 972 1997 animis,
995 1956 1038 1987 et
1060 1945 1254 2002 corporis
1289 1944 1474 1994 actibus,
1498 1958 1597 2000 pro-

138 2004 250 2047 vidi:
284 2006 491 2047 omnibus
525 2005 733 2062 prospexi
771 2019 888 2055 sane,
930 2014 974 2045 et
1007 2003 1224 2045 revocavi.
1261 2002 1376 2044 idem
1411 2000 1595 2042 tribunis

120 2061 277 2119 plebis
312 2063 582 2115 denuntiavi,
613 2066 719 2104 33ne
752 2063 856 2118 quid
889 2061 1142 2113 turbulenti,
1175 2075 1244 2102 me
1277 2059 1470 2111 consule,
1492 2074 1597 2101 con-

138 2121 307 2163 flarent.
371 2122 602 2163 Summum
638 2132 681 2163 et
716 2121 1012 2162 firmissimum
1049 2130 1115 2160 est
1150 2118 1256 2160 illud
1289 2118 1596 2160 communibus

135 2285 234 2318 detur
266 2285 436 2323 excidisse,
464 2286 551 2328 quod
579 2285 748 2327 pollicitus
784 2290 846 2317 est.

136 2330 317 2369 Sequentia
346 2328 541 2367 ostendunt,
568 2340 669 2369 quare
703 2326 847 2360 debeant

138 2371 269 2403 credere
283 2373 353 2412 ejus
367 2372 548 2413 promissis.

180 2417 221 2449 29
234 2415 505 2455 essetecum-atis]
522 2413 736 2446 Lauredanus
748 2425 766 2445 e
779 2414 844 2446 Ms.

138 2457 286 2488 malebat
311 2458 493 2495 volueritis,
521 2457 610 2498 quod
637 2463 672 2488 et
700 2458 734 2487 in
766 2458 845 2488 Mss.

137 2500 229 2533 Pith.
257 2505 292 2531 et
315 2501 367 2531 Fr.
387 2501 465 2537 fuit,
481 2502 670 2541 recepitque
686 2501 846 2531 Graevius.

139 2543 328 2575 Perfectum
343 2553 422 2575 sane
438 2544 632 2583 requiritur:
659 2543 846 2583 conjuncti-

138 2596 217 2616 vum
231 2587 323 2617 eritis
337 2586 496 2627 postulat.
542 2587 655 2625 Itaque
668 2592 701 2617 et
717 2587 784 2626 ipse
799 2587 846 2616 sic

136 2628 234 2660 edidi.
255 2629 402 2672 Auribus
416 2629 620 2661 Germanicis
637 2629 745 2670 aptius
759 2630 847 2660 foret

137 2672 294 2704 voluistis.

181 2715 222 2744 30
239 2715 353 2754 quibus
361 2715 451 2744 otiosi
459 2712 842 2754 negotiumfacessimus]

141 2757 229 2787 Sunt
253 2758 409 2799 improbi,
435 2757 634 2794 turbulenti,
657 2757 846 2793 facinorosi,

140 2798 258 2839 quibus
272 2800 444 2840 negotium
461 2800 635 2832 facessitur
650 2799 847 2835 accusando,

142 2842 176 2872 in
185 2842 350 2882 judicium
367 2842 513 2874 vocando
529 2843 570 2873 ab
586 2843 713 2879 otiosis,
728 2841 848 2882 quictis

139 2885 342 2916 amantibus.
387 2885 545 2917 Ceterum
567 2885 668 2916 lectio
683 2886 754 2917 haec
768 2890 818 2916 est
831 2895 848 2914 e

890 2284 1096 2315 correctione
1123 2283 1260 2324 Sigonii.
1304 2283 1455 2314 Graevius
1479 2282 1594 2314 malit:

889 2328 945 2368 qui
955 2328 1042 2358 nobis
1051 2326 1396 2366 negotimnfaeessunt
1410 2327 1468 2357 &c.
1481 2325 1598 2357 malim

889 2370 946 2410 qui
968 2371 1075 2401 otiosis
1098 2369 1176 2409 n.f.
1221 2369 1315 2400 Nihil
1332 2370 1366 2399 in
1381 2373 1478 2400 tauta
1494 2370 1607 2399 varie.-,

889 2418 961 2443 tate
973 2418 1009 2443 et
1022 2413 1235 2453 corruptione
1251 2412 1411 2443 librorum
1426 2412 1507 2442 certi
1523 2418 1585 2443 est.

932 2457 969 2486 31
996 2457 1148 2496 nequitate
1176 2454 1411 2494 magistratus]
1448 2455 1597 2485 Graevius

890 2498 973 2529 bene
990 2499 1085 2530 malit
1106 2499 1379 2537 magistratuum.
1425 2498 1488 2527 Pro
1503 2499 1599 2528 honos

891 2541 976 2572 idem
993 2542 1090 2572 malit
1102 2542 1206 2578 salus,
1220 2540 1307 2579 quod
1321 2547 1369 2571 est
1382 2549 1462 2571 sane
1476 2541 1597 2581 aptius.

891 2583 1043 2624 Denique
1064 2584 1178 2614 malim
1200 2593 1252 2613 res
1264 2581 1469 2623 fizmz'lt'aris.
1514 2583 1596 2614 Edd.

889 2624 943 2669 pri
956 2627 1010 2657 hic
1025 2626 1117 2657 valde
1132 2627 1260 2657 vitiosae
1274 2634 1364 2657 sunt.

933 2672 974 2701 32
1001 2669 1108 2707 Nam,
1131 2670 1159 2700 si
1187 2669 1211 2699 z'z'
1239 2669 1312 2709 δῖα]
1339 2669 1403 2700 Hic
1431 2672 1524 2699 totus
1550 2669 1598 2700 lo-

890 2722 962 2750 cus,
978 2722 1080 2752 usque
1102 2712 1142 2742 ad
1157 2711 1352 2753 conflarent,
1375 2718 1424 2742 est
1449 2712 1598 2748 vitiosus,

891 2765 952 2786 nec
968 2757 1038 2786 sine
1056 2755 1246 2786 melioribus
1269 2755 1361 2786 libris
1379 2755 1501 2796 corrigi
1525 2761 1599 2795 pot-

891 2804 953 2829 est.
1477 2818 1481 2823 ·

935 2843 975 2872 33
998 2840 1078 2880 quid
1100 2839 1281 2871 turbulenti
1303 2840 1378 2882 δια]
1403 2839 1599 2872 Addendum

892 2893 945 2921 ne,
961 2888 1000 2914 ut
1015 2888 1050 2914 et
1059 2883 1234 2916 Turnebus
1251 2883 1342 2914 vidit.

817 2933 926 2968 ssQ.
