1907 3231
266 128 344 173 332
793 123 862 164 ΙΝ
891 122 1165 169 VERREM

265 226 318 268 de
342 226 549 282 phaleris:
580 242 680 270 cum
716 228 791 269 abs
823 237 865 268 te
898 226 1135 282 appellatus
1167 231 1292 275 esset,
1321 237 1502 280 negasse
1533 221 1692 264 habere

265 297 380 335 sese:
412 285 526 340 apud
542 284 672 326 alium
691 299 863 340 quoque
881 299 949 324 eas
970 283 1167 323 habuisse
1189 282 1418 337 depositas,
1438 295 1492 323 ne
1512 295 1596 336 qua
1627 280 1694 320 in-

267 341 537 393 venirentur:
570 353 688 394 tuam
721 350 883 387 tantam
917 340 1047 380 fuisse
1081 339 1373 394 sagacitatem,
1416 349 1465 378 ut
1506 352 1576 378 eas
1621 350 1694 393 per

265 396 385 450 illum
406 399 547 455 ipsum
569 399 813 454 inspicerc3‚
847 397 920 438 ubi
952 405 1073 437 erant
1102 397 1333 451 depositae:
1366 408 1458 437 tum
1480 409 1524 435 se
1544 394 1694 450 (lepre-

264 454 445 506 hensum
468 470 623 511 negare
644 469 729 495 nou
753 454 963 510 potuisse:
998 453 1058 493 ita
1078 454 1132 494 ab
1156 467 1198 493 se
1229 453 1366 500 invito
1396 452 1559 494 ablatas
1588 451 1694 507 pha-

268 512 370 553 leras
393 513 539 569 gratis.

187 549 253 597 13
322 569 436 621 Jam,
466 579 514 610 ut
549 568 643 608 haec
679 567 826 607 omnia
857 566 1040 622 reperire
1072 581 1121 607 ac
1153 566 1408 621 perscrutari
1441 565 1589 606 solitus
1623 562 1694 613 sit,

200 622 443 680 30judicos,
485 635 550 666 est
585 638 727 680 operae
762 624 961 680 pretium,
995 636 1271 679 cognoscere.
1343 622 1562 678 Cibyratae
1597 630 1697 662 sunt

264 684 413 724 tratres
436 683 624 737 quidam,
646 680 915 736 Tlepolemus
938 690 982 720 et
1004 680 1165 722 Hiero:
1198 694 1377 735 quorum
1409 680 1588 720 alterum
1613 677 1694 718 fin-

262 754 363 796 gere
393 741 547 795 opinor
578 753 602 779 e
643 752 740 779 cera
778 737 947 779 solitum
992 752 1096 788 esse,
1129 736 1309 778 alterum
1340 750 1430 777 esse
1470 737 1696 792 pictorem.

265 797 392 840 hosce
412 797 567 852 opinor
590 795 780 850 Cibyrae,
801 810 900 836 cum
923 795 966 835 in
989 794 1277 850 suspicionem
1299 793 1515 837 venissent
1535 793 1621 836 suis
1633 792 1696 833 ci-

261 853 386 893 vibus
411 853 557 894 fanum
588 853 799 907 expilasse
820 851 1047 908 Apollinis,
1070 852 1227 892 veritos
1258 865 1434 907 poenam
1458 849 1615 905 judicii
1645 863 1696 890 ac

262 909 385 966 legis,
407 911 536 952 domo
560 910 816 966 profugisse.
877 910 1006 956 Quod
1026 909 1200 949 Verrem
1217 907 1388 949 artificii
1403 908 1468 948 sui
1491 905 1698 962 cupidum

215 976 252 1008 b.
265 977 557 1023 cognoverant
579 975 684 1017 tum,
707 981 805 1008 cum
839 966 932 1016 iste,
955 966 998 1007 id
1029 966 1143 1021 quod
1171 980 1227 1006 ex
1258 965 1438 1006 testibus
1470 963 1696 1015 didicistis,

268 1024 473 1080 Cibyram
497 1027 535 1058 27
549 1038 647 1064 cum
670 1024 867 1064 inanibus
899 1023 1154 1079 syngraphis
1185 1031 1372 1073 venerat,
1393 1022 1523 1063 domo
1554 1019 1698 1076 perfue

268 1082 434 1137 gientes
457 1082 506 1122 ad
532 1095 631 1121 eum
661 1095 703 1121 se
726 1080 910 1131 exsules,
931 1095 1028 1120 cum
1058 1081 1138 1120 iste
1168 1089 1278 1120 esset
1300 1079 1344 1120 in
1365 1078 1482 1129 Asia,
1504 1076 1698 1119 contule-

269 1148 382 1179 runt.
444 1138 614 1179 Habuit
646 1152 789 1179 secum
822 1152 894 1178 eos
928 1139 981 1178 ab
1006 1136 1075 1177 illo
1109 1146 1316 1192 tempore,
1339 1137 1445 1176 etin
1469 1135 1697 1191 legationis
1723 1185 1726 1188 y

268 1195 424 1251 praedis
452 1206 580 1250 atque
602 1195 726 1236 furtis
748 1195 931 1236 multum
965 1194 1131 1235 illorum
1153 1208 1284 1249 opera
1311 1193 1576 1247 consilioque
1597 1206 1697 1235 usus.

204 1263 252 1296 31
269 1263 347 1294 est.
409 1252 471 1294 Hi
496 1262 595 1293 sunt
615 1253 690 1303 illi,
712 1252 867 1308 quibus
883 1254 921 1282 ‘28
937 1251 979 1292 in
1003 1251 1157 1292 tabulis
1180 1250 1325 1291 retulit
1347 1264 1436 1291 sese
1461 1249 1519 1296 Q.
1537 1248 1696 1294 Tadius

266 1310 432 1351 dedisse
449 1309 572 1365 jussu
596 1310 718 1350 istius
751 1309 916 1350 Graecis
949 1309 1200 1365 pictoribus.
1264 1307 1348 1349 Eos
1362 1308 1455 1364 jam
1488 1307 1596 1348 bene
1625 1320 1698 1346 co-

265 1368 410 1424 gnitos
432 1377 475 1408 et
497 1382 540 1407 re
564 1368 764 1422 probatos
783 1381 926 1407 secum
947 1367 990 1406 in
1013 1365 1202 1406 Siciliam
1223 1365 1365 1406 duxit.
1408 1364 1509 1410 Quo
1531 1371 1701 1419 postea-

264 1439 395 1479 quam
425 1428 465 1459 ‘29
481 1437 701 1475 venerunt,
729 1423 972 1464 mirandum
1003 1423 1046 1463 in
1079 1423 1270 1472 modum,
1304 1425 1448 1475 (canes
1479 1420 1701 1462 venaticos

265 1482 461 1532 diceres,)
485 1481 545 1521 ita
574 1481 864 1522 odorabantur
897 1480 1042 1520 omnia
1071 1488 1114 1520 et
1146 1479 1509 1534 pervestigabant,
1539 1486 1602 1528 ut,
1623 1476 1699 1518 ubi

264 1539 453 1594 quidque
484 1548 608 1587 esset,
639 1538 780 1593 aliqua
811 1537 976 1578 ratione
1014 1537 1268 1577 invenirent.
1299 1535 1414 1577 aliud
1444 1534 1700 1583 minitando,

267 1596 381 1636 aliud
414 1595 670 1651 pollicendo,
704 1595 816 1635 aliud
855 1609 928 1650 per
964 1609 1120 1644 servos,
1157 1593 1270 1634 aliud
1306 1607 1381 1648 per
1415 1592 1586 1642 liberos,
1625 1605 1701 1648 per

269 1653 455 1694 amicum
489 1652 618 1702 aliud,
647 1652 761 1692 aliud
796 1666 870 1707 per
906 1651 1129 1693 inimicum
1168 1650 1457 1691 inveniebant.
1489 1647 1699 1704 quidquid

270 1710 351 1750 illis
382 1709 614 1766 placuerat,
638 1709 901 1764 perdendum
923 1718 1027 1749 erat.
1061 1707 1166 1748 nihil
1203 1707 1317 1749 aliud
1352 1707 1564 1762 optabant
1592 1721 1697 1760 quo-

268 1781 367 1807 rum
398 1767 654 1822 poscebatur
684 1774 925 1821 argeutum,
963 1765 1044 1806 nisi
1077 1774 1125 1805 ut
1161 1764 1344 1806 Hieroni
1380 1772 1423 1804 et
1451 1762 1700 1819 Tlepolemo

190 1824 527 1880 14displieeret.
588 1823 697 1863 Vere
733 1822 993 1863 mehercules
1028 1823 1126 1872 hoc,
1164 1822 1349 1876 judices,
1387 1821 1542 1862 dicam.
1602 1820 1722 1867 Mes

202 1881 388 1931 gginini,
423 1880 697 1936 Pamphilum
732 1880 1063 1935 Lilybaetauum,
1086 1880 1301 1935 hospitem
1331 1892 1490 1928 meum,
1522 1885 1565 1918 et
1594 1877 1700 1918 ami-

266 1953 378 1987 cum,
404 1938 590 1978 nobilem
614 1937 847 1987 hominem,
868 1937 972 1977 mihi
997 1951 1185 1987 narrare3
1218 1951 1314 1978 cum
1338 1936 1418 1976 iste
1439 1936 1493 1975 ab
1514 1948 1604 1975 sese
1621 1933 1701 1990 hy-

264 1996 398 2035 driam
424 1995 581 2036 Boethi
608 2010 733 2036 manu
767 1995 941 2044 factam,
966 1994 1171 2050 praeclaro
1193 2007 1322 2049 opere
1354 2002 1398 2034 et
1419 1992 1570 2048 grandi
1592 2006 1700 2047 pon-

264 2053 375 2103 dere,
400 2067 473 2108 per
496 2061 753 2107 potestatem
785 2052 1045 2102 abstulisset,
1070 2067 1112 2092 se
1145 2066 1246 2091 sane
1278 2051 1442 2091 tristem
1463 2058 1508 2090 et
1528 2056 1703 2090 contur-

265 2110 412 2150 batum
441 2111 617 2150 domum
650 2109 888 2159 revertisse,
921 2109 1035 2163 quod
1062 2124 1135 2149 vas
1171 2107 1399 2163 ejusmodi,
1422 2105 1537 2162 quod
1568 2105 1650 2146 sibi
1678 2120 1703 2147 a

263 2177 385 2221 patre
404 2177 444 2207 et
468 2182 492 2206 a
515 2166 748 2220 majoribus
768 2175 879 2206 esset
902 2165 1111 2216 relictum,
1135 2180 1220 2220 quo
1243 2165 1391 2206 solitus
1423 2172 1533 2204 esset
1555 2162 1618 2203 uti
1648 2163 1702 2205 ad

266 2223 396 2264 festos
438 2224 541 2274 dies,
585 2223 637 2264 ad
669 2223 890 2279 hospitum
926 2223 1173 2273 adventum,
1215 2238 1240 2263 a
1272 2237 1316 2263 se
1349 2230 1460 2263 esset
1495 2219 1701 2262 ablatum.

264 2391 326 2420 ‘viri
348 2390 445 2421 docti.
504 2391 617 2430 ltaque
641 2391 732 2421 uncis
756 2389 884 2421 inclusi.
929 2389 969 2420 In
1016 2390 1117 2419 leoli?

265 2433 329 2462 ΜΒ.
346 2434 409 2464 (ἓν.
438 2444 503 2464 nou
519 2442 568 2464 est
584 2444 689 2472 neque
703 2434 847 2464 stadium
865 2442 969 2472 neque
1058 2435 1096 2463 >26
1121 2434 1152 2461 in
1167 2431 1299 2472 sabulis]
1325 2432 1499 2472 Conjecere
1520 2429 1580 2460 viri
1602 2429 1703 2466 docti,

265 2476 414 2505 studiose.
1013 2478 1046 2503 et
1072 2475 1219 2505 Groevius
1239 2475 1275 2504 in
1297 2476 1433 2505 tabulas.
1457 2482 1525 2503 non
1545 2477 1595 2503 est
1610 2481 1703 2511 opus,

308 2520 346 2550 237·
370 2527 443 2548 cum
472 2519 623 2548 inanibus
647 2517 858 2557 syngraphis]
891 2517 970 2547 Ina-
1013 2520 1191 2555 utrumque
1208 2525 1332 2547 rectum
1355 2521 1413 2546 est.
1458 2515 1498 2545 In
1519 2514 1640 2545 tabulis
1653 2523 1703 2545 re·

266 2569 321 2589 mes
348 2569 460 2598 φης-ν.
494 2560 647 2599 explicari
682 2563 831 2600 possunt,
858 2569 901 2589 sc.
928 2569 967 2589 ex
1010 2560 1117 2588 fertur
1133 2559 1254 2598 aliquid
1269 2559 1301 2588 in
1315 2563 1448 2598 accepta
1460 2562 1495 2588 et
1509 2565 1660 2596 expensa.

265 2601 382 2640 quibus
412 2602 494 2632 nihil
523 2603 674 2638 debetur,
715 2601 965 2639 commentitiae,
1051 2603 1092 2634 ‘29
1105 2606 1273 2637 ves-mum,
1288 2611 1330 2631 m.
1344 2601 1365 2631 i.
1379 2610 1434 2637 πμ,
1450 2610 1476 2632 c.
1490 2609 1520 2632 v.
1534 2600 1566 2630 d.
1580 2600 1628 2629 ita
1636 2597 1702 2637 στὶ]

268 2651 306 2673 ut
323 2644 362 2680 V,
383 2647 431 2678 19.
457 2648 535 2674 sunt
561 2645 731 2674 locutiones
741 2644 848 2683 salsa>
868 2647 966 2682 atque
1010 2642 1296 2682 Interpunximus‚
1311 2649 1349 2672 ut
1363 2648 1413 2672 est
1429 2643 1463 2672 in
1479 2641 1550 2672 edd.
1573 2650 1622 2681 pr.
1636 2639 1706 2680 pla-

265 2687 389 2716 immes.
434 2686 497 2716 Sed
512 2695 561 2716 res
584 2691 696 2716 tamen
721 2691 795 2716 tota
821 2685 962 2723 intelligi
1009 2686 1140 2724 cuitque
1155 2684 1308 2715 Manutio
1329 2688 1363 2714 et
1386 2684 1526 2715 Graevio.
1569 2682 1634 2713 Sed
1652 2692 1704 2712 ve-

263 2738 330 2757 nou
342 2733 461 2768 potest.
477 2729 552 2766 quia
567 2727 704 2758 historia
719 2735 800 2758 nota
815 2737 882 2757 uon
898 2731 960 2757 est.
1007 2737 1080 2758 reor
1108 2737 1148 2757 ne
1174 2729 1222 2757 ita
1248 2727 1423 2756 insititium
1449 2727 1503 2756 sit.
1541 2725 1624 2756 Edd.
1650 2734 1701 2764 pr·

262 2771 326 2800 Res
347 2770 475 2800 videtur
489 2771 653 2810 pertinere
665 2770 705 2800 ad
719 2769 871 2800 Malleoli
884 2780 960 2810 syu-
1002 2779 1098 2809 porro
1122 2768 1246 2806 habent
1260 2769 1425 2810 quidquid,
1448 2768 1535 2809 quod
1559 2765 1703 2800 defendit

261 2811 413 2853 graphas,
429 2821 501 2851 quae
515 2812 548 2842 in
561 2812 632 2850 ejus
654 2821 770 2842 manus
787 2817 956 2843 venerant.
1001 2812 1188 2845 Manutius.

260 2854 353 2886 Vei-r.
366 2855 391 2894 1,
406 2855 458 2886 36.
476 2864 518 2886 au
532 2854 762 2894 corrigendum
776 2864 853 2886 cum
865 2854 956 2886 Mae·
