1907 3231
328 154 409 191 650

893 147 1139 186 ORATIO
1177 145 1210 183 1.

332 266 502 298 turum:
533 252 682 295 dixisti
707 251 938 308 paullulum
961 251 1040 292 tibi
1059 264 1151 291 esse
1172 251 1213 281 22
1224 250 1353 291 etiam
1372 259 1461 291 tum
1475 264 1622 301 morae,
1640 250 1756 306 quod

332 328 416 369 ego
438 313 638 353 viverem.
683 309 858 365 Reperti
881 318 979 349 suut
1000 307 1085 348 duo
1104 307 1270 363 equites
1295 307 1495 358 Romani,
1516 309 1589 363 qui
1613 318 1655 349 te
1676 308 1758 349 ista

334 385 437 412 cura
466 369 708 417 liberarent,
736 376 780 407 et
812 380 900 406 sese
933 365 1004 405 illa
1035 364 1127 419 ipsa
1156 375 1283 406 nocte
1315 365 1455 421 paullo
1490 376 1589 405 ante
1620 365 1758 406 lucem

275 432 325 464 10
336 430 375 459 93
389 442 457 468 me
477 441 574 468 meo
594 426 636 466 in
660 423 815 464 lectulo
847 421 1148 462 interfecturos
1170 422 1484 476 pollicerentur.

1544 421 1655 462 Haec
1676 436 1758 477 ego

334 485 494 535 omnia,
516 484 589 524 vix
612 483 712 523 dum
745 479 876 519 etiam
908 487 1028 519 coetu
1053 489 1193 518 vestro
1225 479 1415 529 dimisso,
1436 479 1650 534 comperi:
1682 480 1759 520 clo-‘-

332 557 451 583 mum
473 555 608 582 meam
633 536 867 590 majoribus
891 534 1100 590 praesidiis
1124 536 1287 576 munivi
1311 545 1438 591 atquc
1461 535 1623 576 firmavi
1643 552 1651 576 :
1683 549 1758 576 ex-

331 600 437 641 clusi
456 613 544 645 ρος,
566 609 672 649 quos
700 603 743 632 tu
769 606 893 632 mane
925 592 975 632 ad
1010 605 1078 631 me
1110 591 1340 633 salutatum
1369 594 1555 643 miseras,
1577 606 1676 634 cum
1698 591 1758 632 illi

332 657 414 712 ipsi
439 654 678 700 venissen13
709 664 816 704 quos
837 663 920 705 ego
936 648 1029 702 jam
1055 648 1200 688 multis
1222 664 1272 691 ac
1295 650 1470 691 summis
1492 650 1592 691 viris
1615 650 1668 690 ad
1690 663 1759 690 me

333 717 375 746 <24
389 713 428 754 id
453 709 657 765 temporis
680 717 880 747 venturos
901 720 992 746 esse
1015 704 1315 761 praedixeram.

290 775 324 824 5
393 770 505 814 Quae
527 780 626 807 cum
648 765 708 805 ita
728 764 828 813 sint,
851 763 1052 813 Catilina,
1076 776 1205 818 perge
1225 778 1311 819 quo
1331 763 1527 818 coepisti:
1557 765 1759 820 egredere

335 824 564 880 aliquando
606 837 660 863 ex
694 821 820 862 urbe:
864 829 1012 875 patent
1049 830 1210 875 portae:
1257 820 1541 875 proficiscere.
1578 822 1759 863 nimium

329 884 403 924 diu
428 892 469 923 te
489 883 788 937 imperatorem
805 876 876 918 illa
891 887 963 917 tua
986 876 1207 918 Manliana
1221 886 1358 918 castra
1375 878 1632 919 desiderant.
1653 879 1760 920 educ

331 951 475 982 tecum
493 938 623 980 etiam
638 949 785 976 omnes
800 944 894 975 tuos
912 951 920 975 :
945 935 977 974 si
993 934 1147 985 minus,
1162 949 1288 989 quain
1306 934 1524 989 plurimos.
1541 949 1678 990 purga
1692 950 1762 976 ur-

333 998 447 1038 bem.
470 1009 629 1051 magno
645 1007 714 1034 me
726 1000 842 1032 metu
864 991 1078 1041 liberabis,
1100 991 1335 1032 dummodo
1358 992 1468 1032 inter
1488 1006 1557 1033 me
1574 1001 1762 1046 atque-te

336 1068 482 1095 murus
501 1051 683 1094 intersit.
698 1050 922 1090 nobiscum
937 1048 1093 1088 versari
1110 1048 1202 1102 jam
1216 1048 1376 1089 diutius
1398 1063 1484 1089 non
1505 1058 1651 1104 potes:
1674 1064 1760 1093 non

279 1121 322 1154 11
340 1112 487 1161 feram,
504 1124 589 1151 non
611 1108 764 1163 patiar,
777 1120 863 1146 non
885 1106 1036 1145 sinam.

1070 1105 1236 1161 Magna
1251 1106 1332 1146 diis
1351 1106 1663 1148 immortalibus
1685 1107 1762 1148 ha·-

338 1169 477 1210 benda
497 1176 561 1208 est
583 1168 622 1197 25
635 1164 788 1220 gratia,
808 1172 937 1218 atque
959 1162 1058 1202 huic
1081 1163 1161 1218 ipsi
1191 1163 1295 1203 Jovi
1318 1163 1493 1212 Statori,
1515 1164 1762 1219 antiquissi-

331 1241 403 1267 mo
421 1224 590 1267 custodi
613 1222 685 1276 huj
695 1236 740 1261 us
753 1220 885 1270 urbis,
907 1219 1021 1274 quod
1045 1219 1155 1260 hanc
1174 1228 1260 1259 tam
1277 1228 1459 1270 taetram,
1473 1229 1560 1261 tam
1578 1220 1764 1262 horribi-

333 1284 430 1333 lem,
446 1292 618 1337 tamque
631 1279 828 1320 infestam
842 1276 1090 1332 reipublicae
1104 1286 1265 1331 pestem
1278 1277 1503 1331 toties-jam
1517 1276 1765 1333 effugimus.

334 1342 434 1382 Non
458 1348 523 1380 est
552 1338 709 1393 saepius
741 1335 784 1375 in
806 1350 892 1375 uno
915 1334 1088 1373 homine
1106 1335 1146 1365 26
1158 1334 1268 1374 salus
1291 1348 1458 1374 summa
1484 1334 1765 1389 periclitanda

332 1397 597 1453 reipublicae.

657 1392 876 1440 Quamdiu
899 1390 1199 1441 mihi‚consuli
1213 1391 1453 1446 designato,
1474 1390 1676 1442 Catilina,
1698 1392 1764 1433 in..

330 1456 511 1496 sidiatus
532 1468 591 1503 es,
613 1466 698 1492 non
722 1449 897 1505 publico
919 1463 987 1488 me
1018 1448 1234 1503 praesidio,
1257 1449 1328 1489 sed
1352 1448 1520 1503 privata
1538 1448 1766 1504 diligentia

296 1560 300 1565 ⁵
329 1511 519 1553 defendi.
549 1523 648 1551 curn
671 1505 880 1564 proximis
902 1505 1089 1546 comitiis
1120 1505 1414 1545 consularibus
1445 1519 1514 1545 me
1542 1506 1763 1548 consulem

332 1572 376 1611 in
407 1582 576 1624 campo,
610 1575 654 1606 et
683 1563 987 1619 competitores
1019 1570 1114 1602 tuos
1157 1561 1397 1602 interficere
1426 1561 1615 1614 voluisti,
1645 1577 1764 1604 com-

331 1627 465 1684 pressi
486 1628 525 1658 27
541 1633 637 1664 tuos
658 1620 843 1662 nefarios
865 1628 1044 1660 conatus
1066 1619 1300 1659 amicorum
1324 1618 1525 1674 praesidio
1546 1628 1589 1660 et
1610 1620 1763 1676 copiis,

333 1685 450 1725 nullo
483 1680 670 1723 tumultu
705 1676 878 1734 publice
905 1675 1149 1716 concitato:
1181 1675 1379 1729 denique,
1408 1676 1764 1732 quotiescumque

334 1756 403 1782 me
433 1738 594 1796 petisti,
625 1750 700 1792 per
729 1749 798 1775 me
820 1733 899 1774 tibi
931 1732 1105 1773 obstiti:
1136 1746 1397 1786 quamquam
1429 1732 1641 1783 videbam,
1670 1747 1766 1789 per-

335 1799 492 1840 niciem
513 1809 652 1837 meam
683 1806 783 1833 cum
815 1804 974 1845 magna
1005 1789 1248 1830 calamitate
1281 1788 1529 1844 reipublicae
1550 1804 1642 1830 esse
1662 1805 1766 1831 con-

336 1857 543 1907 iunctam.
580 1865 696 1892 nunc
718 1849 811 1904 jam
843 1856 989 1902 aperte
1020 1846 1330 1901 rempublicam
1364 1845 1606 1888 universam
1638 1848 1763 1902 petis.

274 1903 513 1969 12⁸Templa
543 1910 720 1950 deorum
754 1903 1075 1953 immortalium,
1105 1912 1220 1944 tecta
1252 1902 1384 1953 urbis,
1407 1902 1540 1945 vitam
1570 1904 1765 1945 omnium

331 1971 509 2020 civium,
545 1966 716 2008 Italiam
749 1962 934 2017 denique
967 1969 1117 2011 totam,
1150 1960 1203 2001 ad
1231 1960 1416 2001 exitium
1445 1969 1489 2001 et
1518 1961 1765 2002 vastitatem

328 2042 471 2069 VOCaS.

383 2085 544 2133 Quare,
585 2078 788 2136 quoniam
821 2075 880 2126 id,
919 2074 1088 2129 28quod
1127 2075 1314 2130 primum
1355 2082 1484 2130 atque
1523 2072 1652 2130 hujus
1683 2075 1767 2116 im-

369 2227 409 2257 ⁶22
423 2225 525 2254 etiam
538 2226 607 2252 tum
622 2217 732 2257 mnroe]
749 2215 896 2247 Graevius
911 2225 928 2245 e
944 2214 1024 2244 Mss.

326 2269 394 2300 suis
407 2265 508 2297 edidit
529 2265 629 2294 etiam
650 2270 748 2291 nunc,
771 2257 867 2306 male.
910 2258 1024 2287 Sermo

328 2317 380 2341 est
388 2309 476 2340 enim
489 2307 527 2337 ‹le
541 2316 574 2336 re
586 2303 766 2346 praeterita,
780 2310 812 2330 in
828 2309 892 2338 qua
900 2307 1028 2338 semper

329 2344 380 2383 est
394 2351 495 2381 etiam
511 2354 592 2379 tum.
606 2358 636 2376 v.
651 2357 678 2376 c.
701 2344 740 2374 de
755 2343 812 2373 Or.
837 2341 882 2378 11,
906 2343 935 2371 3.
953 2350 1028 2370 cum

329 2395 431 2424 etiam.
449 2397 519 2422 tum
534 2391 569 2420 in
584 2391 661 2420 lecto
676 2390 764 2417 esset.
806 2384 900 2414 Verr.
916 2383 962 2420 11,
975 2385 1027 2416 39.

329 2446 406 2466 cum
421 2435 520 2465 etiam
543 2437 614 2463 tum
638 2431 677 2460 de
699 2427 831 2459 Sthenio
853 2426 1029 2463 integra-

331 2488 383 2508 τες
410 2480 501 2512 esset,
516 2478 556 2504 ut
579 2475 647 2514 ipse
671 2470 817 2501 Graevius
842 2468 886 2498 ibi
915 2467 1024 2497 habet.

334 2519 433 2550 Catil.
450 2518 496 2554 11,
512 2519 541 2548 9.
558 2526 594 2545 re
615 2515 713 2545 etiam
730 2511 936 2550 tumprobcrt.
981 2509 1026 2539 At

331 2562 367 2591 in
383 2572 416 2591 re
439 2558 592 2600 praesenti
617 2561 666 2587 est
696 2555 798 2585 etiam
821 2561 919 2582 nune.
961 2550 1025 2581 Res

332 2608 382 2633 est
396 2612 463 2633 non
484 2602 622 2631 obscura
643 2602 702 2629 aut
725 2606 808 2626 rara.
831 2594 911 2624 adeo
933 2593 1028 2624 facile

333 2645 420 2676 fallit
435 2653 528 2674 amor
541 2642 701 2672 librorum
717 2643 916 2669 nostrorum.

376 2690 415 2719 ⁶23
438 2696 489 2716 me
515 2694 582 2714 meo
607 2684 644 2713 in
673 2680 801 2719 lectulo]
828 2679 880 2707 Sic
911 2676 1028 2707 melius

332 2729 481 2759 Graevius
494 2726 596 2756 tacite
610 2724 724 2759 edidit,
736 2731 797 2762 pro
814 2720 911 2750 mein
924 2729 992 2749 meo
1006 2720 1027 2747 l.

332 2769 409 2801 nam
422 2774 536 2800 amant
550 2767 645 2797 latini
659 2766 744 2795 hanc
759 2765 911 2794 formam.
946 2760 1026 2791 Infr.

331 2824 359 2843 c.
374 2817 403 2846 Τ.
428 2812 466 2842 Si
481 2820 532 2840 me
553 2810 631 2839 meis
645 2808 766 2838 civibus
781 2806 838 2836 ἃς.

373 2857 415 2885 94
436 2855 472 2884 id
486 2852 638 2890 temporis
657 2847 822 2886 venturos]
855 2845 918 2875 Pro
938 2843 1026 2882 vulg.

329 2902 482 2928 venturos
496 2895 532 2925 z'd
544 2899 567 2925 t.
582 2903 610 2924 e.
634 2901 707 2922 cum
722 2890 851 2920 Graerio
866 2885 961 2918 edidi.
977 2891 1027 2916 est

1066 2213 1154 2244 enim
1183 2214 1386 2245 numerosius
1412 2217 1446 2244 et
1480 2214 1645 2245 Ciceronis
1679 2216 1766 2246 mori

1067 2257 1328 2293 convenientius,
1341 2266 1440 2296 quam
1450 2256 1635 2296 vulgatum,
1651 2256 1685 2286 in
1700 2267 1764 2296 quo

1069 2303 1119 2328 est
1135 2308 1234 2339 prope
1248 2298 1449 2329 hexameter.

1111 2342 1151 2371 ‘25
1171 2341 1301 2380 gratia]
1329 2340 1403 2371 Hoc
1424 2340 1558 2371 verbum
1582 2340 1616 2370 in
1637 2339 1765 2371 duobus

1070 2382 1149 2412 Mss.
1163 2383 1282 2412 Graevii
1298 2387 1368 2413 erat
1381 2388 1457 2423 post
1477 2382 1582 2413 urbis.-
1605 2386 1704 2422 atque
1717 2382 1766 2413 ita

1070 2425 1125 2455 ille
1137 2424 1248 2454 edidit.
1264 2434 1330 2454 non
1348 2424 1443 2455 male.

1111 2467 1152 2497 ‘26
1174 2468 1264 2496 salus
1277 2476 1408 2497 summa
1425 2465 1520 2505 reip]
1547 2465 1693 2496 Graevius
1714 2465 1766 2496 in-

1069 2508 1168 2539 vertit
1198 2518 1215 2538 e
1236 2508 1318 2538 libro
1345 2508 1409 2538 Ms.
1430 2517 1562 2538 summa
1585 2509 1687 2545 salus,
1709 2507 1765 2547 qui

1069 2550 1147 2580 ordo
1162 2554 1212 2580 est
1233 2550 1386 2580 solennis.
1430 2551 1567 2580 Sensum
1589 2549 1686 2588 hujus
1700 2550 1766 2580 for-

1071 2592 1171 2622 mulae
1195 2592 1327 2622 videant
1349 2591 1496 2626 studiosi,
1511 2592 1536 2621 si
1557 2591 1703 2622 nondum
1718 2596 1766 2622 te-

1071 2640 1165 2671 nent,
1182 2636 1215 2663 in
1232 2634 1343 2670 Clave,
1358 2635 1392 2664 in
1407 2642 1564 2663 summus.

1113 2679 1151 2710 27
1176 2680 1246 2705 tuos
1273 2675 1416 2716 nefarios
1442 2674 1589 2715 conatus]
1618 2676 1765 2706 Graevius

1070 2722 1206 2748 conatus
1219 2722 1288 2747 tuos
1302 2716 1366 2757 mgf.
1381 2716 1492 2747 malim
1507 2717 1573 2757 mgf.
1588 2721 1659 2747 tuos
1671 2727 1767 2748 cona-

1072 2765 1134 2789 tus.
1158 2760 1326 2798 Adjectiva
1344 2760 1499 2798 augentia
1512 2764 1764 2800 praeponuntur:

1071 2808 1162 2832 ante:
1189 2806 1259 2831 tam
1284 2800 1440 2840 infestam
1466 2811 1496 2830 r.
1526 2805 1661 2842 pestem.
1689 2811 1763 2832 mox

1070 2854 1147 2873 cum
1161 2852 1287 2881 magna
1301 2844 1502 2873 calamitate.
1517 2843 1558 2874 cf.
1573 2854 1600 2873 c.
1617 2847 1646 2876 9.
1661 2847 1744 2873 extr.

1113 2887 1152 2917 98
1168 2885 1251 2926 quod
1256 2886 1421 2925 primum,
1435 2889 1532 2925 atque
1547 2885 1619 2925 &c.]
1635 2885 1768 2916 Leviter
