1907 3231
336 140 412 176 216
865 137 934 176 ΙΝ
961 138 1236 179 VERREM

339 238 466 290 facio,
497 254 582 282 non
615 240 833 282 existimet
866 257 934 283 me
973 244 1125 284 summi
1159 243 1290 286 officii
1329 243 1492 284 ratione
1530 242 1760 300 impulsum

252 297 322 346 48
339 307 621 352 coactumque
654 298 902 353 suscepisse.
961 299 1118 355 Atque,
1149 312 1196 342 ut
1225 300 1453 355 aliquando
1487 300 1540 340 de
1562 301 1686 341 rebus
1706 301 1763 341 ab

339 354 420 394 isto
456 354 658 408 cognitiS,
687 354 993 410 judicatisque,
1026 366 1069 397 et
1098 357 1341 413 dejudiciis
1364 357 1472 397 datis
1493 356 1635 398 dicere
1654 356 1766 398 desi-

338 421 498 452 stamus
512 408 530 462 ς’
554 422 610 462 et,
641 412 841 465 quoniam
876 411 988 453 facta
1020 414 1140 454 istius
1175 415 1216 454 in
1241 414 1304 454 his
1336 413 1562 469 generibus
1594 412 1765 454 infinita

339 477 452 516 sunt,
485 483 560 508 nos
584 469 757 508 modum
780 468 982 522 aliquem,
1003 479 1046 510 et
1069 469 1196 511 finem
1218 471 1402 511 orationi
1423 480 1597 521 nostrae,
1619 470 1764 511 crimi-

340 524 552 578 nibusque
574 524 802 565 faciamus:
836 539 970 580 pauca
988 539 1040 566 ex
1063 526 1156 567 aliis
1177 527 1403 582 generibus
1423 540 1652 568 sumemus.

259 583 332 618 119
400 580 593 621 Audistis
622 582 678 621 ob
704 580 777 634 jus
809 581 1057 631 dicundum,
1089 583 1146 629 Q.
1173 583 1345 624 Varium
1377 584 1532 634 dicere,
1564 596 1766 640 procura-

342 646 455 679 tores
478 652 574 677 suos
598 637 665 677 isti
689 647 859 678 eentum
890 647 933 678 et
962 638 1140 694 triginta
1169 639 1301 680 millia
1327 641 1551 682 nummum
1580 640 1766 681 dedisse:

342 693 597 734 meministis
632 694 688 739 Q..
712 692 829 734 Varii
864 695 1172 747 testimonium,
1204 709 1376 751 remque
1410 697 1518 738 lianc
1550 706 1684 737 totam
1715 693 1768 736 C.

344 750 601 799 sacerdotis,
622 750 805 790 hominis
820 753 1094 801 ornatissimi,
1113 753 1357 794 testimonio
1374 753 1664 809 comprobari:
1688 751 1770 793 sci-

344 808 412 855 tis,
443 805 581 846 ⁴1Cn.
617 807 818 858 bertium,
852 808 918 849 M.
955 809 1171 861 Modiam,
1201 810 1365 864 equites
1401 809 1634 860 Romanos,
1673 823 1771 850 sex-

343 873 490 905 centos
514 874 719 919 praeterea
740 865 854 905 cives
880 865 1113 917 Romanos,
1134 866 1373 921 multosque
1396 866 1577 918 Siculos,
1595 866 1771 916 dixisse,

344 934 388 961 se
421 919 490 960 isti
525 921 749 974 pecuniam
780 922 835 961 ob
859 923 933 977 jus
967 924 1198 965 dicundum
1239 923 1418 964 dedisse.
1479 923 1547 964 De
1575 937 1661 979 quo
1690 922 1773 964 cri-

344 976 460 1016 mine
482 977 583 1031 quid
606 991 688 1033 ego
707 977 935 1033 disputem,
958 995 1054 1020 cum
1079 980 1120 1022 id
1141 991 1278 1021 totum
1299 981 1487 1036 positum
1509 980 1564 1020 sit
1585 981 1628 1021 in
1651 978 1772 1021 testi-

346 1033 453 1075 bus?
492 1034 593 1088 quid
635 1048 760 1089 porro
799 1047 1085 1087 argumenter,
1116 1053 1201 1092 qua
1236 1038 1288 1078 de
1328 1051 1370 1078 re
1411 1037 1607 1078 dubitare
1646 1049 1776 1077 nemo·

345 1090 504 1145 possit?
537 1089 603 1130 An
630 1090 710 1131 hoc
732 1088 949 1133 dubitabit
977 1093 1200 1149 quisquam
1232 1094 1439 1144 omnium,
1470 1094 1572 1149 quin
1595 1094 1629 1134 is
1648 1106 1776 1134 vena-

348 1147 429 1187 lem
469 1146 511 1186 in
547 1146 692 1187 Sicilia
715 1148 1063 1202 jurisdictionem
1096 1151 1309 1200 habuerit,
1342 1151 1415 1206 qui
1451 1150 1602 1191 Romae
1635 1159 1776 1192 totum

347 1203 535 1244 edictum
560 1214 687 1257 atque
709 1205 855 1246 omnia
875 1206 1045 1247 decreta
1067 1207 1330 1249 vendiderit?
1361 1207 1464 1262 quin
1487 1208 1521 1248 is
1542 1207 1596 1248 ab
1618 1205 1777 1248 Siculis

350 1260 406 1301 ob
429 1259 600 1301 decreta
622 1261 931 1317 interponenda
953 1265 1178 1319 pecuniam
1201 1265 1427 1320 acceperit,
1457 1264 1529 1319 qui
1554 1263 1622 1304 Μ.
1645 1262 1779 1305 Octa-

265 1327 340 1362 120
354 1317 467 1358 vium
492 1316 694 1373 Ligurem
724 1318 868 1373 objus
899 1320 1131 1362 dicundum
1166 1321 1433 1377 poposcerit?
1462 1320 1640 1368 42Qu0d
1663 1319 1778 1361 enim

352 1375 431 1416 iste
455 1384 661 1428 praeterea
683 1389 816 1430 genus
841 1378 1032 1431 pecuniae
1053 1378 1259 1434 cogendae
1277 1377 1513 1433 praeteriit?
1543 1377 1659 1432 quod
1676 1390 1779 1427 non,

351 1431 405 1472 ab
428 1430 628 1471 omnibus
650 1432 741 1472 aliis
765 1434 1042 1487 praeteritum,
1073 1435 1367 1490 excogitavit?
1412 1433 1560 1489 Ecqua
1581 1448 1646 1475 res
1666 1433 1779 1490 apud

351 1487 550 1529 civitates
575 1487 738 1529 Siculas
760 1491 993 1546 expetitur,
1016 1491 1057 1533 in
1080 1507 1165 1547 qua
1187 1501 1260 1532 aut
1281 1491 1417 1532 honos
1439 1490 1590 1546 aliquis
1613 1491 1682 1542 sit,
1704 1498 1780 1532 aut

353 1554 557 1600 potestas,
587 1554 661 1584 aut
682 1548 940 1601 procuratio,
971 1550 1073 1603 quin
1107 1563 1200 1589 eam
1234 1563 1322 1589 rem
1355 1557 1399 1588 tu
1432 1548 1485 1588 ad
1519 1557 1640 1588 tuum
1662 1561 1781 1602 quae-

273 1605 344 1661 49
355 1610 482 1651 stum,
513 1601 952 1658 nundinationemque
974 1605 1196 1647 hominum
1219 1605 1485 1646 traduxeris?
1533 1604 1663 1646 Dicta
1683 1611 1783 1644 sunt

356 1658 496 1713 priore
535 1659 704 1699 actione
743 1671 785 1700 et
821 1662 1021 1716 privatim
1059 1675 1101 1703 et
1144 1662 1314 1718 publice
1350 1662 1619 1702 testimonia:
1651 1660 1782 1716 legati

357 1713 644 1769 Centuripini,
686 1715 895 1769 Halesini‚
935 1718 1201 1769 Cannenses,
1246 1718 1625 1773 Panormitanique
1661 1717 1784 1758 dixe—

356 1782 469 1820 runt,
512 1771 742 1813 multarum
783 1787 989 1829 praeterea
1029 1777 1276 1818 civitatum:
1315 1774 1409 1830 jam
1446 1789 1547 1816 vero
1581 1773 1783 1831 privatim

357 1827 551 1883 plurimi:
583 1843 763 1882 quorum
786 1845 839 1872 ex
871 1833 1126 1874 testimoniis
1155 1846 1414 1889 cognoscere
1446 1831 1662 1888 potuistis,
1693 1839 1786 1875 tota

361 1884 506 1925 Sicilia
529 1898 601 1939 per
626 1887 855 1928 triennium
875 1891 1086 1931 neminem
1110 1889 1194 1931 ulla
1212 1891 1254 1931 in
1274 1889 1449 1930 civitate
1469 1898 1705 1930 senatorem
1722 1886 1785 1929 fa-

225 1952 478 1993 p.1.33.ctum
511 1955 600 1981 esse
633 1944 790 1998 gratis:
824 1947 1051 1997 neminem,
1083 1957 1129 1987 ut
1163 1946 1275 2003 leges
1309 1960 1455 1987 eorum
1487 1956 1601 1995 sunt,
1633 1944 1785 1986 suffra-

322 2003 349 2022 a.
362 1998 465 2053 giis:
499 1999 727 2051 neminem,
759 2002 839 2042 nisi
863 2003 984 2044 istius
1007 2003 1201 2059 imperio,
1233 2012 1307 2044 aut
1328 2003 1504 2044 litteris:
1536 2005 1719 2057 43atque
1740 2001 1785 2042 in

362 2055 427 2095 his
462 2055 662 2097 omnibus
698 2060 964 2101 senatoribus
1001 2060 1270 2116 cooptandiS‚
1301 2075 1388 2101 non
1420 2059 1548 2101 modo
1583 2058 1788 2115 suffragia

320 2132 322 2134 ·
361 2111 477 2152 nulla
498 2111 641 2162 fuisse,
673 2114 744 2154 sed
768 2130 818 2156 ne
840 2131 995 2172 genera
1016 2117 1187 2172 quidem
1210 2128 1401 2172 spectata
1421 2131 1525 2167 esse,
1553 2129 1607 2157 ex
1630 2116 1788 2170 quibus

363 2169 405 2208 in
429 2183 525 2209 eum
548 2170 740 2210 ordinem
762 2173 955 2229 cooptari
983 2174 1142 2225 liceret,
1173 2188 1310 2228 neque
1330 2187 1495 2223 censuS‚
1526 2186 1663 2227 neque
1684 2181 1789 2213 aeta-

280 2233 347 2267 121
366 2225 432 2275 tis,
463 2240 600 2279 neque
621 2237 761 2268 cetera
783 2229 1025 2271 Siculorum
1051 2231 1153 2285 jura
1172 2230 1366 2271 valuisse.
1427 2229 1702 2284 Quicumque
1723 2242 1789 2270 se-

363 2292 487 2323 nator
512 2282 691 2324 voluerit
714 2285 818 2337 fieri,
836 2287 1030 2342 quamvis
1051 2302 1167 2343 puer,
1186 2287 1379 2342 quamvis
1401 2287 1617 2342 indignus,
1638 2299 1787 2342 quam·-

365 2338 428 2378 vis
450 2353 503 2379 ex
530 2353 580 2379 eo
603 2339 712 2391 loco,
743 2357 796 2383 ex
820 2358 905 2402 quo
928 2359 1013 2384 non
1036 2345 1204 2395 lice1·e‚t;
1236 2343 1269 2384 si
1294 2343 1327 2385 is
1356 2343 1493 2399 pretio
1522 2342 1635 2398 apud
1657 2343 1789 2383 istum

363 2394 537 2439 4⁴fieret
577 2396 770 2450 idoneus,
802 2409 849 2443 ut
886 2400 1090 2451 vinceret,
1131 2400 1292 2444 factum
1334 2413 1426 2443 esse
1456 2407 1656 2455 semper:
1701 2410 1788 2444 non

403 2536 442 2564 41
458 2533 529 2581 'Cn.
544 2535 719 2577 'SertiumJ
748 2538 909 2580 Nuspiam
936 2541 1057 2572 Sertios
1142 2544 1182 2573 43
1204 2543 1342 2582 atquein
1355 2542 1404 2572 his
1417 2540 1492 2580 δια]
1516 2538 1733 2571 Restituimus
1741 2538 1790 2575 in,

363 2585 467 2615 reperi
483 2583 625 2608 notatos.
659 2580 780 2611 Vereor
794 2591 835 2612 ne
850 2583 1004 2613 vitiosum
1019 2585 1058 2614 fit
1101 2584 1186 2622 quod
1200 2584 1317 2615 excidit
1332 2584 1366 2614 in
1379 2583 1428 2613 ed.
1445 2581 1588 2614 Gruteri.
1612 2581 1690 2612 Post
1703 2587 1792 2621 coop-

364 2626 501 2648 nomen.
1100 2626 1209 2656 tondis
1221 2626 1314 2656 nobis
1327 2625 1450 2664 aliquid
1463 2623 1655 2665 suspicionis
1669 2628 1791 2653 movet.

407 2661 450 2689 42
478 2660 578 2700 ,Quod
599 2663 684 2693 enim
708 2664 766 2693 iste
784 2665 894 2705 prm]
927 2666 1058 2696 Addidi-
1101 2668 1213 2699 Potest
1225 2669 1313 2698 enim
1329 2667 1499 2698 commode
1513 2667 1639 2696 abesse:
1664 2674 1723 2695 nee
1736 2663 1792 2694 hie

367 2710 440 2749 rnus
455 2702 514 2749 iste
528 2712 547 2750 e
558 2702 681 2734 duobus
696 2705 775 2736 Mss.
789 2709 987 2738 veterrimis:
1004 2719 1058 2739 cu·
1101 2711 1267 2750 cooptatio
1279 2710 1389 2741 locum
1404 2708 1541 2747 habuit3
1564 2716 1624 2737 nee
1637 2705 1792 2746 suffragia

362 2752 420 2782 Jus
436 2750 607 2782 vestigium
623 2751 670 2775 est
686 2747 786 2777 etiam
803 2749 836 2779 in
850 2749 934 2786 aliis,
951 2760 1012 2780 scr.
1027 2756 1060 2780 et
1103 2751 1248 2781 suerunt.

367 2783 438 2832 edd.
467 2786 521 2824 qui
547 2786 599 2816 hie
623 2787 744 2818 habent
772 2795 827 2820 est.
864 2791 1056 2822 Accuratius
1138 2796 1180 2824 44
1190 2793 1292 2834 fieret
1307 2793 1449 2828 idoneus,
1479 2797 1518 2823 ut
1551 2788 1708 2829 vinceret]
1738 2788 1791 2837 Sje

360 2835 434 2872 J'am
460 2828 607 2874 membra
626 2830 685 2860 sibi
712 2832 908 2872 respondent
933 2834 968 2866 in
993 2834 1055 2876 his,
1097 2834 1168 2864 edd.
1183 2840 1263 2865 vett.
1300 2835 1362 2865 Sed
1375 2835 1449 2865 libri
1464 2844 1525 2866 scr.
1538 2833 1680 2869 variant,
1692 2834 1794 2862 omit-

369 2870 538 2900 vste—alu.
1097 2876 1197 2909 tendo
1222 2875 1318 2908 modo
1332 2877 1446 2921 fieret,
1486 2875 1583 2907 modo
1610 2877 1661 2912 Μ,
1694 2871 1795 2905 modo
