1907 3231
575 74 641 111 IN
671 73 718 112 L.
747 73 1098 112 CATILINAM.
1470 79 1543 115 681

107 179 318 237 intelligo,
340 193 469 236 quam
491 193 614 235 spero
638 188 844 221 aeternam
865 178 971 230 fore,
994 187 1038 219 et
1069 178 1122 220 ad
1148 178 1326 222 salutem
1349 180 1482 232 urbis,
1503 189 1548 222 et

107 238 161 278 ad
182 240 435 279 memoriam
452 237 700 278 consulatus
720 237 804 280 mei
827 248 1134 293 propagatam:
1159 252 1331 293 unoque
1352 248 1547 294 tempore
1559 247 1589 277 p.
1610 239 1680 271 1¹7·

107 295 151 335 in
183 295 263 336 hac
293 294 514 351 republica
541 294 651 335 duos
682 294 798 335 cives
826 294 1059 345 exstitisse,
1089 308 1273 349 quorum
1303 295 1410 337 alter
1440 291 1589 337 finesa·

107 353 237 393 vestri
269 351 454 408 imperii,
484 365 572 391 non
598 362 738 405 terrae,
770 352 844 393 sed
861 351 965 395 caelfa.
991 350 1242 407 regionibus
1274 353 1545 405 terminaret;

106 408 214 450 alter
234 410 427 464 ejusdem
450 409 617 463 imperii
640 408 908 451 domicilium
931 409 1162 465 sedemque
1186 420 1387 452 servaret.
1447 411 1546 462 Sed,
1564 409 1627 455 12

105 467 311 522 quoniam
333 480 479 507 earum
509 480 666 517 rerum,
688 481 792 522 quas
814 481 896 523 ego
928 466 1057 523 gessi,
1087 481 1174 509 non
1205 476 1270 508 est
1290 467 1439 509 eadem
1461 468 1548 509 for-
1559 481 1612 519 ⁶27

108 533 213 564 tuna
246 533 375 579 atque
405 523 615 575 conditio,
646 539 744 579 quae
774 524 970 575 illorum,
993 523 1068 579 qui
1100 533 1282 566 externa
1312 525 1424 567 bella
1454 540 1550 581 ges-

108 589 276 622 serunt:
309 581 426 636 quod
459 580 565 622 mihi
595 585 745 622 47cum
778 582 843 622 his
874 582 1107 623 vivendum
1140 582 1209 633 sit,
1240 597 1348 638 quos
1381 585 1551 625 vicissac

108 639 287 694 subegi3
320 640 392 679 isti
425 638 570 679 hostes
602 648 678 678 aut
710 638 961 686 interfectos
999 648 1074 680 aut
1106 647 1334 695 oppressos
1370 641 1553 697 relique-

108 708 232 737 runt:
268 705 455 736 vestrum
477 705 555 747 est,
581 695 790 747 Quirites,
810 697 897 739 48si
919 697 1073 737 ceteris
1104 711 1181 738 sua
1201 697 1327 739 faeta
1358 711 1552 755 prosunt,

108 752 215 793 mihi
240 768 335 794 mea
355 767 408 793 ne
430 754 602 809 quando
624 753 786 803 obsint,
809 754 1049 809 providere.
1080 763 1245 796 mentes
1266 756 1383 797 enim
1414 757 1554 798 homi-

107 825 213 852 num
235 811 619 852 audacissimorum
642 810 858 851 seeleratae
890 825 940 851 ac
972 811 1148 852 nefariae
1180 826 1233 852 ne
1255 814 1379 855 vobis
1399 829 1555 856 nocere

110 878 301 925 possent,
323 883 405 924 ego
427 868 623 924 providi:
656 882 709 908 ne
739 867 847 908 mihi
880 878 1078 919 noceant,
1102 878 1290 910 vestrum
1314 881 1379 912 est
1411 873 1555 928 provi·

111 927 225 967 dere.
287 924 807 980 Quamquam,QuiriteS,
828 924 936 966 mihi
959 926 1134 981 quidem
1156 926 1238 982 ipsi
1261 927 1479 984 nihiljam
1500 931 1555 972 ab

111 983 204 1024 istis
235 983 380 1024 noceri
413 991 570 1038 potest.
601 997 810 1038 magnum
832 983 948 1024 enim
969 984 1103 1024 estin
1137 985 1259 1026 bonis
1292 988 1556 1041 praesidium,

109 1041 225 1096 quod
248 1041 353 1081 mihi
377 1039 420 1080 in
445 1050 702 1096 perpetuum
724 1050 1023 1096 comparatum
1045 1052 1134 1083 est:
1166 1056 1326 1099 magna
1356 1045 1400 1085 in
1431 1060 1558 1101 repu-

112 1098 226 1139 blica
246 1098 451 1154 dignitas,
474 1113 570 1153 quae
606 1111 673 1138 me
704 1112 870 1154 semper
894 1099 1026 1140 tacita
1054 1098 1279 1142 defendet:
1312 1117 1471 1158 magna
1493 1104 1557 1145 vis

110 1164 177 1196 est
206 1155 502 1206 conscientiae,
529 1170 658 1211 quam
689 1156 764 1211 qui
795 1155 1035 1212 negligent,
1058 1171 1158 1198 cum
1188 1172 1257 1198 me
1290 1160 1450 1201 violare
1484 1176 1558 1202 vo-

109 1213 215 1264 lent,
238 1227 282 1253 se
304 1213 387 1269 ipsi
405 1213 675 1254 indicabunt.
718 1212 796 1254 Est
817 1217 948 1254 etiam
972 1215 1014 1254 in
1037 1215 1162 1255 nobis
1186 1215 1220 1256 is
1241 1217 1425 1269 animus,
1448 1218 1620 1265 Qui-28

111 1271 230 1321 rites‚
250 1281 298 1311 ut
320 1285 406 1311 non
430 1271 559 1311 modo
581 1270 738 1312 nullius
761 1271 953 1312 audacia:
976 1272 1193 1323 cedamus,
1217 1274 1289 1315 sed
1313 1276 1443 1317 etiam
1466 1291 1560 1318 om-

110 1343 185 1369 nes
217 1328 439 1384 improbos
477 1328 589 1369 ultro
630 1342 797 1384 semper
834 1328 1106 1370 lacessamus.
1165 1334 1207 1364 49
1220 1331 1389 1378 Quodsi
1418 1335 1560 1375 omnis

113 1387 300 1441 impetus
322 1386 660 1427 domesticorum
685 1386 876 1426 hostium
899 1386 1101 1442 depulsus
1133 1403 1158 1428 a
1180 1390 1318 1441 vobis,
1342 1405 1386 1431 se
1417 1391 1461 1432 in
1492 1406 1561 1433 me

113 1458 248 1485 unum
281 1443 520 1485 convertit:
567 1444 688 1484 vobis
731 1445 812 1484 erit
853 1445 1184 1499 providendum,
1227 1447 1436 1500 Quirites,
1477 1464 1563 1505 qua

112 1501 364 1543 conditione
386 1502 569 1556 posthac
590 1514 663 1541 eos
687 1515 778 1541 esse
800 1501 957 1551 velitis,
979 1501 1054 1556 qui
1087 1517 1130 1543 se
1161 1518 1239 1558 pro
1263 1505 1400 1547 salute
1421 1518 1563 1548 vestra

112 1558 350 1600 obtulerint
370 1558 547 1599 invidiae
569 1558 856 1614 periculisque
878 1560 1095 1600 omnibus.
1141 1560 1257 1602 Mihi
1281 1564 1456 1617 quidem
1478 1565 1562 1620 ipsi

111 1616 218 1673 quid
240 1625 319 1667 est,
341 1616 457 1671 quod
481 1615 576 1671 jam
599 1616 653 1656 ad
676 1616 777 1657 vitae
802 1615 991 1657 fructum
1015 1616 1151 1672 possit
1181 1620 1360 1674 acquiri,
1384 1636 1563 1677 praeser-

114 1675 194 1716 tim
215 1688 315 1715 cum
347 1687 486 1729 neque
518 1674 562 1713 in
593 1672 757 1714 honore
790 1682 945 1724 vestro,
968 1688 1107 1729 neque
1137 1675 1182 1716 in
1214 1677 1352 1732 gloria
1374 1680 1560 1731 virtutis,

111 1731 350 1787 quidquam
384 1731 550 1772 videam
583 1730 725 1782 altius,
756 1746 843 1786 quo
877 1731 1052 1786 quidem
1084 1733 1190 1774 mihi
1224 1735 1357 1776 libeat
1383 1737 1562 1778 adscen-

113 1791 242 1830 dere?
274 1787 640 1844 Illud-perficiam
673 1788 885 1844 profecto,
910 1788 1120 1841 Quirites,
1151 1800 1199 1832 ut
1223 1806 1287 1843 ea,
1318 1808 1417 1848 quae
1448 1795 1624 1851 gessi29

114 1847 156 1887 in
182 1846 423 1896 consulatu,
446 1846 637 1902 privatus
661 1855 781 1886 tuear
801 1855 932 1902 atque
954 1861 1128 1888 ornem:
1162 1858 1224 1900 ut,
1247 1851 1282 1890 si
1304 1865 1389 1904 qua
1410 1863 1475 1893 est
1497 1853 1563 1894 in-

113 1904 232 1946 vidia
254 1905 298 1945 in
317 1903 611 1945 conservanda
628 1903 850 1960 republica
868 1915 1082 1961 suscepta,
1101 1904 1232 1947 laedat
1250 1907 1434 1960 invidos,
1454 1910 1562 1951 mihi

113 1961 256 2004 valeat
277 1961 330 2002 ad
352 1961 549 2017 gloriam.
571 1960 756 2016 denique
778 1960 839 2001 ita
861 1976 929 2002 me
960 1961 1005 2002 in
1035 1963 1257 2019 republica
1279 1968 1492 2019 tractabo,
1514 1977 1563 2009 ut

113 2019 384 2062 meminerim
415 2033 501 2059 sem
508 2032 583 2074 per
604 2033 701 2074 quae
733 2018 954 2074 gesserim,
976 2034 1224 2076 curemque,
1245 2031 1294 2064 ut
1315 2038 1366 2064 ea
1389 2025 1561 2077 virtute,
1574 2039 1607 2070 b.

110 2093 201 2119 non
234 2092 350 2127 casu,
384 2085 508 2133 gesta
539 2090 630 2116 esse
667 2076 909 2117 videantur.
973 2077 1074 2129 Vos,
1112 2078 1321 2132 QuiriteS,
1357 2083 1564 2136 quoniam

106 2135 204 2192 jam
226 2149 315 2176 nox
344 2145 423 2188 est,
447 2133 710 2175 veneramini
740 2133 862 2175 illum
882 2133 909 2177 J
915 2149 1057 2187 ovem,
1078 2137 1305 2179 custodem
1335 2138 1466 2196 hujus
1496 2156 1567 2183 ur-

111 2282 200 2313 unde
215 2281 392 2322 pendeant.
428 2281 491 2312 Sed
505 2281 575 2311 sine
588 2280 680 2311 libris
694 2280 820 2311 frustra

112 2327 313 2366 conjectura:
327 2324 380 2354 hic
399 2328 624 2354 exerceantur.
663 2323 818 2361 [melligo

115 2373 166 2398 est
174 2367 302 2407 judicm
319 2367 472 2403 arbitror,
487 2373 526 2396 ut
549 2365 608 2403 IV,
622 2369 653 2396 4.
667 2368 755 2396 alter
767 2366 819 2395 in-

113 2410 236 2449 telligit
264 2410 324 2440 &e.
367 2409 430 2439 Sed
465 2408 570 2445 deest,
596 2408 684 2448 qnod
712 2408 753 2438 ab
779 2418 819 2438 eo

114 2453 264 2493 proxime
278 2451 421 2492 pendeat
436 2457 515 2481 aute
529 2461 654 2491 unoque
667 2455 818 2490 tempore.

117 2495 263 2525 Omnino
282 2495 374 2524 locus
396 2492 482 2524 male
504 2493 637 2523 habitus
651 2498 714 2529 est,
728 2497 764 2523 et
785 2493 820 2523 in

114 2548 154 2568 eo
168 2537 299 2568 variant
315 2536 401 2567 libri.
445 2535 529 2566 Edd.
544 2537 584 2567 R.
600 2537 655 2566 ssr.
671 2536 821 2576 omnique

113 2579 380 2620 tempore—daos
393 2579 469 2609 dies.

159 2625 200 2655 47
223 2632 299 2652 eum
316 2622 367 2652 his
387 2619 576 2659 vivendum]
602 2619 656 2650 lta
675 2629 734 2660 pro
753 2621 822 2651 illis

115 2675 136 2696 e
151 2664 232 2695 Mss.
247 2664 313 2694 suis
327 2663 430 2694 edidit
443 2662 604 2699 Graevius,
621 2662 715 2693 bene.

160 2710 201 2737 48
222 2707 250 2736 si
264 2716 291 2736 c.
306 2705 475 2745 suasae-ta-
492 2705 646 2745 prosunt]
674 2705 755 2735 Haec
771 2711 822 2736 est

114 2749 217 2780 {ectio
238 2748 289 2778 ed.
310 2749 364 2778 W.
388 2758 463 2788 quae
488 2754 523 2779 et
548 2748 582 2778 in
612 2747 676 2778 Ms.
706 2747 821 2779 Franc.

114 2798 203 2828 erat,
230 2800 332 2830 eaque
360 2801 447 2821 vera.
475 2800 545 2821 non
572 2790 661 2820 enim
691 2799 822 2821 necesse

113 2840 189 2865 erat
221 2833 308 2872 addi,
346 2833 456 2873 qualia
490 2838 618 2864 essent:
657 2832 821 2874 intellige-

860 2280 960 2311 batur
981 2291 1040 2321 per
1060 2291 1105 2312 se.
1149 2282 1354 2315 Glossatores
1369 2285 1567 2327 adscripsere

861 2328 965 2360 recca,
994 2324 1027 2354 id
1050 2325 1085 2354 in
1110 2330 1241 2356 textum
1270 2327 1356 2357 male
1385 2336 1566 2369 receptum.

863 2366 977 2395 Potest
991 2366 1188 2406 rectafacta
1202 2379 1220 2398 e
1233 2369 1402 2401 latinitate
1415 2371 1544 2402 defendi
1557 2386 1565 2402 ι

863 2417 940 2437 nam
957 2413 997 2438 >et
1019 2411 1148 2440 malum
1161 2411 1286 2442 dictum
1305 2413 1487 2453 reperitur:
1511 2415 1568 2446 sed

863 2460 1031 2482 correxere
1054 2451 1177 2482 librarii
1196 2459 1294 2490 recte,
1313 2459 1354 2485 ut
1371 2461 1445 2487 erat
1468 2457 1503 2487 in
1526 2457 1568 2488 li-

864 2492 929 2522 bris
946 2493 1079 2532 Graevii,
1096 2495 1151 2534 qui
1166 2500 1201 2525 et
1222 2497 1268 2527 sic
1289 2496 1392 2528 edidit
1405 2503 1492 2530 recte
1500 2495 1567 2540 fiz-

862 2539 917 2565 cta
931 2545 1004 2565 ma.

905 2580 948 2612 49
969 2578 1095 2619 ‚Quodsi
1107 2581 1212 2610 omnis
1231 2580 1568 2625 impetus—depulsus

863 2621 1078 2660 ——convertifl
1104 2622 1156 2651 Sic
1181 2622 1253 2653 edd.
1275 2632 1325 2663 pr.
1350 2624 1451 2656 Aldus
1473 2627 1565 2664 seeitss

864 2671 973 2693 omues
987 2665 1252 2705 impetus—depae
1256 2666 1555 2701 lsi—converterint
1560 2694 1568 2702 .

862 2705 967 2735 Vetus
985 2707 1132 2737 restituit
1144 2707 1247 2740 Aldus
1262 2710 1337 2748 jun.
1353 2715 1387 2741 et
1406 2711 1568 2751 Graevius,

864 2748 939 2784 nisi,
955 2748 1042 2787 quod
1060 2759 1120 2790 pro
1134 2752 1292 2782 convertit
1306 2752 1423 2784 dedere
1438 2764 1568 2784 conver-

864 2791 954 2826 terit,
971 2797 1139 2831 repertum
1153 2804 1174 2824 a
1189 2794 1321 2825 Graevio
1335 2795 1369 2825 in
1385 2795 1484 2828 libris.
1507 2797 1573 2829 Sed

864 2839 899 2864 et
913 2832 996 2864 illud
1010 2835 1153 2867 arbitror
1165 2836 1243 2868 ferri
1257 2837 1362 2878 posse.
1562 2840 1563 2845 ’
