<?xml version="1.0" encoding="UTF-8"?>
<!DOCTYPE html PUBLIC "-//W3C//DTD XHTML 1.0 Transitional//EN"
    "http://www.w3.org/TR/xhtml1/DTD/xhtml1-transitional.dtd">
<html xmlns="http://www.w3.org/1999/xhtml" xml:lang="en" lang="en">
 <head>
  <title>
</title>
<meta http-equiv="Content-Type" content="text/html;charset=utf-8" />
  <meta name='ocr-system' content='tesseract 3.04.00' />
  <meta name='ocr-capabilities' content='ocr_page ocr_carea ocr_par ocr_line ocrx_word'/>
</head>
<body>
  <div class='ocr_page' id='page_1' title='image "./p1operaomnia02ciceuoft_0462.png"; bbox 0 0 1907 3231; ppageno 0'>
   <div class='ocr_carea' id='block_1_1' title="bbox 341 136 1258 186">
    <p class='ocr_par' dir='ltr' id='par_1_1' title="bbox 341 136 1258 186">
     <span class='ocr_line' id='line_1_1' title="bbox 341 136 1258 186; baseline 0.004 -8"><span class='ocrx_word' id='word_1_1' title='bbox 341 136 418 178; x_wconf 72' lang='grc'><strong>438</strong></span> <span class='ocrx_word' id='word_1_2' title='bbox 870 147 941 185; x_wconf 87' lang='grc' dir='ltr'><strong>ΙΝ</strong></span> <span class='ocrx_word' id='word_1_3' title='bbox 976 145 1258 186; x_wconf 83' lang='lat' dir='ltr'><strong>VERREM</strong></span> 
     </span>
    </p>
   </div>
   <div class='ocr_carea' id='block_1_2' title="bbox 195 245 1781 2600">
    <p class='ocr_par' dir='ltr' id='par_1_2' title="bbox 259 245 1781 591">
     <span class='ocr_line' id='line_1_2' title="bbox 341 245 1778 309; baseline 0.002 -22"><span class='ocrx_word' id='word_1_4' title='bbox 341 245 444 287; x_wconf 88' lang='lat' dir='ltr'><strong>nolo</strong></span> <span class='ocrx_word' id='word_1_5' title='bbox 465 260 537 289; x_wconf 87' lang='lat' dir='ltr'><strong>eos</strong></span> <span class='ocrx_word' id='word_1_6' title='bbox 551 248 736 304; x_wconf 88' lang='lat' dir='ltr'><strong>judices,</strong></span> <span class='ocrx_word' id='word_1_7' title='bbox 763 267 869 308; x_wconf 89' lang='lat' dir='ltr'><strong>quos</strong></span> <span class='ocrx_word' id='word_1_8' title='bbox 891 267 972 309; x_wconf 84' lang='lat' dir='ltr'><strong>ego</strong></span> <span class='ocrx_word' id='word_1_9' title='bbox 994 250 1213 308; x_wconf 88' lang='lat' dir='ltr'>probarim</span> <span class='ocrx_word' id='word_1_10' title='bbox 1233 256 1363 306; x_wconf 89' lang='lat' dir='ltr'><strong>atque</strong></span> <span class='ocrx_word' id='word_1_11' title='bbox 1380 247 1627 305; x_wconf 85' lang='lat' dir='ltr'><strong>delegerim,</strong></span> <span class='ocrx_word' id='word_1_12' title='bbox 1649 247 1710 289; x_wconf 89' lang='lat' dir='ltr'><strong>sic</strong></span> <span class='ocrx_word' id='word_1_13' title='bbox 1731 247 1778 290; x_wconf 84' lang='lat' dir='ltr'><strong>in</strong></span> 
     </span>
     <span class='ocr_line' id='line_1_3' title="bbox 342 301 1778 360; baseline 0.001 -16"><span class='ocrx_word' id='word_1_14' title='bbox 342 301 425 344; x_wconf 87' lang='lat' dir='ltr'><strong>hac</strong></span> <span class='ocrx_word' id='word_1_15' title='bbox 446 306 550 346; x_wconf 88' lang='lat' dir='ltr'><strong>urbe</strong></span> <span class='ocrx_word' id='word_1_16' title='bbox 580 317 765 360; x_wconf 88' lang='lat' dir='ltr'><strong>notatos,</strong></span> <span class='ocrx_word' id='word_1_17' title='bbox 787 311 870 350; x_wconf 87' lang='lat' dir='ltr'><strong>isto</strong></span> <span class='ocrx_word' id='word_1_18' title='bbox 891 309 1103 357; x_wconf 85' lang='lat' dir='ltr'><strong>absoluto,</strong></span> <span class='ocrx_word' id='word_1_19' title='bbox 1125 307 1357 359; x_wconf 86' lang='lat' dir='ltr'><strong>ambulare,</strong></span> <span class='ocrx_word' id='word_1_20' title='bbox 1378 316 1440 358; x_wconf 89' lang='lat' dir='ltr'><strong>ut,</strong></span> <span class='ocrx_word' id='word_1_21' title='bbox 1462 321 1549 347; x_wconf 91' lang='lat' dir='ltr'><strong>non</strong></span> <span class='ocrx_word' id='word_1_22' title='bbox 1571 319 1681 355; x_wconf 87' lang='lat' dir='ltr'><strong>cera,</strong></span> <span class='ocrx_word' id='word_1_23' title='bbox 1703 304 1778 346; x_wconf 86' lang='lat' dir='ltr'><strong>sed</strong></span> 
     </span>
     <span class='ocr_line' id='line_1_4' title="bbox 259 361 1777 426; baseline -0.002 -21"><span class='ocrx_word' id='word_1_24' title='bbox 259 372 328 410; x_wconf 72' lang='grc'><strong>174</strong></span> <span class='ocrx_word' id='word_1_25' title='bbox 344 375 473 403; x_wconf 85' lang='lat' dir='ltr'><strong>coeno</strong></span> <span class='ocrx_word' id='word_1_26' title='bbox 494 363 618 405; x_wconf 90' lang='lat' dir='ltr'><strong>obliti</strong></span> <span class='ocrx_word' id='word_1_27' title='bbox 640 380 730 406; x_wconf 85' lang='lat' dir='ltr'><strong>esse</strong></span> <span class='ocrx_word' id='word_1_28' title='bbox 762 367 999 407; x_wconf 87' lang='lat' dir='ltr'><strong>videantur.</strong></span> <span class='ocrx_word' id='word_1_29' title='bbox 1061 365 1357 411; x_wconf 86' lang='lat' dir='ltr'><strong>Quamobrem</strong></span> <span class='ocrx_word' id='word_1_30' title='bbox 1379 375 1421 405; x_wconf 91' lang='lat' dir='ltr'><strong>te</strong></span> <span class='ocrx_word' id='word_1_31' title='bbox 1451 377 1636 420; x_wconf 88' lang='lat' dir='ltr'><strong>quoque,</strong></span> <span class='ocrx_word' id='word_1_32' title='bbox 1659 361 1777 426; x_wconf 68' lang='lat' dir='ltr'><strong>Hor-</strong></span> 
     </span>
     <span class='ocr_line' id='line_1_5' title="bbox 341 420 1776 477; baseline 0.001 -19"><span class='ocrx_word' id='word_1_33' title='bbox 341 420 466 470; x_wconf 90' lang='lat' dir='ltr'><strong>tensi,</strong></span> <span class='ocrx_word' id='word_1_34' title='bbox 490 422 617 477; x_wconf 83' lang='lat' dir='ltr'><strong>siqui</strong></span> <span class='ocrx_word' id='word_1_35' title='bbox 647 424 849 464; x_wconf 90' lang='lat' dir='ltr'><strong>monendi</strong></span> <span class='ocrx_word' id='word_1_36' title='bbox 879 422 997 463; x_wconf 86' lang='lat' dir='ltr'><strong>locus</strong></span> <span class='ocrx_word' id='word_1_37' title='bbox 1021 432 1100 472; x_wconf 82' lang='lat' dir='ltr'><strong>est,</strong></span> <span class='ocrx_word' id='word_1_38' title='bbox 1122 425 1161 453; x_wconf 84' lang='lat'><strong>85</strong></span> <span class='ocrx_word' id='word_1_39' title='bbox 1174 436 1228 463; x_wconf 86' lang='lat' dir='ltr'><strong>ex</strong></span> <span class='ocrx_word' id='word_1_40' title='bbox 1258 421 1343 462; x_wconf 91' lang='lat' dir='ltr'><strong>hoc</strong></span> <span class='ocrx_word' id='word_1_41' title='bbox 1373 422 1470 463; x_wconf 89' lang='lat' dir='ltr'><strong>loco</strong></span> <span class='ocrx_word' id='word_1_42' title='bbox 1502 434 1682 461; x_wconf 82' lang='lat' dir='ltr'><strong>moneo:</strong></span> <span class='ocrx_word' id='word_1_43' title='bbox 1712 433 1776 459; x_wconf 78' lang='lat' dir='ltr'><strong>vi-</strong></span> 
     </span>
     <span class='ocr_line' id='line_1_6' title="bbox 338 475 1775 534; baseline 0 -18"><span class='ocrx_word' id='word_1_44' title='bbox 338 475 438 517; x_wconf 86' lang='lat' dir='ltr'><strong>deas</strong></span> <span class='ocrx_word' id='word_1_45' title='bbox 459 479 588 519; x_wconf 82' lang='lat' dir='ltr'><strong>etiam</strong></span> <span class='ocrx_word' id='word_1_46' title='bbox 622 490 749 534; x_wconf 83' lang='lat' dir='ltr'><strong>atque</strong></span> <span class='ocrx_word' id='word_1_47' title='bbox 780 481 910 519; x_wconf 91' lang='lat' dir='ltr'><strong>etiam</strong></span> <span class='ocrx_word' id='word_1_48' title='bbox 941 488 985 519; x_wconf 91' lang='lat' dir='ltr'><strong>et</strong></span> <span class='ocrx_word' id='word_1_49' title='bbox 1012 479 1269 530; x_wconf 86' lang='lat' dir='ltr'><strong>consideres,</strong></span> <span class='ocrx_word' id='word_1_50' title='bbox 1296 479 1399 533; x_wconf 90' lang='lat' dir='ltr'><strong>quid</strong></span> <span class='ocrx_word' id='word_1_51' title='bbox 1429 492 1547 534; x_wconf 85' lang='lat' dir='ltr'><strong>agas,</strong></span> <span class='ocrx_word' id='word_1_52' title='bbox 1568 491 1653 533; x_wconf 93' lang='lat' dir='ltr'><strong>quo</strong></span> <span class='ocrx_word' id='word_1_53' title='bbox 1677 490 1775 532; x_wconf 89' lang='lat' dir='ltr'><strong>pro-</strong></span> 
     </span>
     <span class='ocr_line' id='line_1_7' title="bbox 336 534 1781 591; baseline 0.001 -18"><span class='ocrx_word' id='word_1_54' title='bbox 336 534 554 589; x_wconf 83' lang='lat' dir='ltr'><strong>grediare:</strong></span> <span class='ocrx_word' id='word_1_55' title='bbox 587 551 713 590; x_wconf 89' lang='lat' dir='ltr'><strong>quem</strong></span> <span class='ocrx_word' id='word_1_56' title='bbox 737 536 954 576; x_wconf 87' lang='lat' dir='ltr'><strong>hominem</strong></span> <span class='ocrx_word' id='word_1_57' title='bbox 976 547 1019 576; x_wconf 89' lang='lat' dir='ltr'><strong>et</strong></span> <span class='ocrx_word' id='word_1_58' title='bbox 1049 551 1134 591; x_wconf 90' lang='lat' dir='ltr'><strong>qua</strong></span> <span class='ocrx_word' id='word_1_59' title='bbox 1154 537 1320 577; x_wconf 89' lang='lat' dir='ltr'><strong>ratione</strong></span> <span class='ocrx_word' id='word_1_60' title='bbox 1341 535 1561 578; x_wconf 84' lang='lat' dir='ltr'><strong>defendas.</strong></span> <span class='ocrx_word' id='word_1_61' title='bbox 1620 534 1781 588; x_wconf 78' lang='lat' dir='ltr'><strong>Neque</strong></span> 
     </span>
    </p>

    <p class='ocr_par' dir='ltr' id='par_1_3' title="bbox 335 591 1776 820">
     <span class='ocr_line' id='line_1_8' title="bbox 336 591 1775 649; baseline 0 -17"><span class='ocrx_word' id='word_1_62' title='bbox 336 591 389 632; x_wconf 87' lang='lat' dir='ltr'><strong>de</strong></span> <span class='ocrx_word' id='word_1_63' title='bbox 412 591 482 632; x_wconf 90' lang='lat' dir='ltr'><strong>illo</strong></span> <span class='ocrx_word' id='word_1_64' title='bbox 505 594 736 647; x_wconf 80' lang='lat' dir='ltr'>quidquam</span> <span class='ocrx_word' id='word_1_65' title='bbox 767 593 845 634; x_wconf 90' lang='lat' dir='ltr'><strong>tibi</strong></span> <span class='ocrx_word' id='word_1_66' title='bbox 877 593 1090 648; x_wconf 81' lang='lat' dir='ltr'><strong>praefinio,</strong></span> <span class='ocrx_word' id='word_1_67' title='bbox 1113 608 1198 649; x_wconf 92' lang='lat' dir='ltr'><strong>quo</strong></span> <span class='ocrx_word' id='word_1_68' title='bbox 1220 593 1362 634; x_wconf 90' lang='lat' dir='ltr'><strong>minus</strong></span> <span class='ocrx_word' id='word_1_69' title='bbox 1392 592 1567 648; x_wconf 87' lang='lat' dir='ltr'><strong>ingenio</strong></span> <span class='ocrx_word' id='word_1_70' title='bbox 1589 606 1775 643; x_wconf 89' lang='lat' dir='ltr'><strong>mecum,</strong></span> 
     </span>
     <span class='ocr_line' id='line_1_9' title="bbox 335 649 1776 705; baseline 0 -17"><span class='ocrx_word' id='word_1_71' title='bbox 335 657 464 703; x_wconf 89' lang='lat' dir='ltr'><strong>atque</strong></span> <span class='ocrx_word' id='word_1_72' title='bbox 495 650 611 690; x_wconf 80' lang='lat' dir='ltr'><strong>omni</strong></span> <span class='ocrx_word' id='word_1_73' title='bbox 644 649 814 690; x_wconf 89' lang='lat' dir='ltr'><strong>dicendi</strong></span> <span class='ocrx_word' id='word_1_74' title='bbox 847 649 1052 691; x_wconf 79' lang='lat' dir='ltr'><strong>facultate</strong></span> <span class='ocrx_word' id='word_1_75' title='bbox 1076 651 1326 692; x_wconf 87' lang='lat' dir='ltr'><strong>contendas.</strong></span> <span class='ocrx_word' id='word_1_76' title='bbox 1348 658 1503 700; x_wconf 87' lang='lat' dir='ltr'><strong>cetera,</strong></span> <span class='ocrx_word' id='word_1_77' title='bbox 1525 649 1560 690; x_wconf 86' lang='lat' dir='ltr'><strong>si</strong></span> <span class='ocrx_word' id='word_1_78' title='bbox 1582 664 1667 705; x_wconf 87' lang='lat' dir='ltr'><strong>qua</strong></span> <span class='ocrx_word' id='word_1_79' title='bbox 1696 663 1776 705; x_wconf 92' lang='lat' dir='ltr'><strong>pu-</strong></span> 
     </span>
     <span class='ocr_line' id='line_1_10' title="bbox 337 706 1774 763; baseline 0.001 -19"><span class='ocrx_word' id='word_1_80' title='bbox 337 714 400 745; x_wconf 87' lang='lat' dir='ltr'><strong>tas</strong></span> <span class='ocrx_word' id='word_1_81' title='bbox 425 716 466 746; x_wconf 90' lang='lat' dir='ltr'><strong>te</strong></span> <span class='ocrx_word' id='word_1_82' title='bbox 493 706 702 746; x_wconf 83' lang='lat' dir='ltr'><strong>occultius</strong></span> <span class='ocrx_word' id='word_1_83' title='bbox 733 716 856 747; x_wconf 81' lang='lat' dir='ltr'><strong>extra</strong></span> <span class='ocrx_word' id='word_1_84' title='bbox 879 707 1111 762; x_wconf 90' lang='lat' dir='ltr'><strong>judicium,</strong></span> <span class='ocrx_word' id='word_1_85' title='bbox 1133 708 1283 763; x_wconf 77' lang='lat' dir='ltr'><strong>86quae</strong></span> <span class='ocrx_word' id='word_1_86' title='bbox 1314 707 1367 748; x_wconf 88' lang='lat' dir='ltr'><strong>ad</strong></span> <span class='ocrx_word' id='word_1_87' title='bbox 1394 706 1609 762; x_wconf 86' lang='lat' dir='ltr'><strong>judicium</strong></span> <span class='ocrx_word' id='word_1_88' title='bbox 1642 706 1774 762; x_wconf 88' lang='lat' dir='ltr'><strong>perti-</strong></span> 
     </span>
     <span class='ocr_line' id='line_1_11' title="bbox 336 763 1774 820; baseline 0.002 -19"><span class='ocrx_word' id='word_1_89' title='bbox 336 771 479 812; x_wconf 80' lang='lat' dir='ltr'><strong>neant,</strong></span> <span class='ocrx_word' id='word_1_90' title='bbox 513 764 652 803; x_wconf 81' lang='lat' dir='ltr'><strong>facere</strong></span> <span class='ocrx_word' id='word_1_91' title='bbox 692 779 838 819; x_wconf 85' lang='lat' dir='ltr'><strong>posse:</strong></span> <span class='ocrx_word' id='word_1_92' title='bbox 872 765 904 805; x_wconf 90' lang='lat' dir='ltr'><strong>si</strong></span> <span class='ocrx_word' id='word_1_93' title='bbox 948 765 1052 820; x_wconf 89' lang='lat' dir='ltr'><strong>quid</strong></span> <span class='ocrx_word' id='word_1_94' title='bbox 1089 765 1289 817; x_wconf 85' lang='lat' dir='ltr'><strong>artificio,</strong></span> <span class='ocrx_word' id='word_1_95' title='bbox 1327 763 1523 814; x_wconf 89' lang='lat' dir='ltr'><strong>consilio,</strong></span> <span class='ocrx_word' id='word_1_96' title='bbox 1563 763 1774 820; x_wconf 89' lang='lat' dir='ltr'><strong>potentia,</strong></span> 
     </span>
    </p>

    <p class='ocr_par' dir='ltr' id='par_1_4' title="bbox 195 820 1776 2082">
     <span class='ocr_line' id='line_1_12' title="bbox 195 820 1773 879; baseline 0.004 -24"><span class='ocrx_word' id='word_1_97' title='bbox 195 836 230 866; x_wconf 81' lang='lat' dir='ltr'><strong>p.</strong></span> <span class='ocrx_word' id='word_1_98' title='bbox 251 826 322 859; x_wconf 74' lang='lat'><strong>272.</strong></span> <span class='ocrx_word' id='word_1_99' title='bbox 337 820 489 873; x_wconf 81' lang='lat' dir='ltr'><strong>gratia,</strong></span> <span class='ocrx_word' id='word_1_100' title='bbox 511 820 648 876; x_wconf 89' lang='lat' dir='ltr'><strong>copiis</strong></span> <span class='ocrx_word' id='word_1_101' title='bbox 671 821 793 862; x_wconf 79' lang='lat' dir='ltr'><strong>istius</strong></span> <span class='ocrx_word' id='word_1_102' title='bbox 816 822 955 863; x_wconf 88' lang='lat' dir='ltr'><strong>moliri</strong></span> <span class='ocrx_word' id='word_1_103' title='bbox 979 823 1171 879; x_wconf 85' lang='lat' dir='ltr'><strong>cogitas:</strong></span> <span class='ocrx_word' id='word_1_104' title='bbox 1203 836 1465 878; x_wconf 82' lang='lat' dir='ltr'><strong>magnopere</strong></span> <span class='ocrx_word' id='word_1_105' title='bbox 1487 834 1640 862; x_wconf 90' lang='lat' dir='ltr'><strong>censeo</strong></span> <span class='ocrx_word' id='word_1_106' title='bbox 1661 821 1773 862; x_wconf 88' lang='lat' dir='ltr'><strong>desi-</strong></span> 
     </span>
     <span class='ocr_line' id='line_1_13' title="bbox 291 878 1776 936; baseline 0.003 -22"><span class='ocrx_word' id='word_1_107' title='bbox 291 878 445 927; x_wconf 77' lang='lat' dir='ltr'><strong>²¹·stas3</strong></span> <span class='ocrx_word' id='word_1_108' title='bbox 477 887 519 918; x_wconf 90' lang='lat' dir='ltr'><strong>et</strong></span> <span class='ocrx_word' id='word_1_109' title='bbox 555 878 640 928; x_wconf 87' lang='lat' dir='ltr'><strong>illa,</strong></span> <span class='ocrx_word' id='word_1_110' title='bbox 677 894 773 934; x_wconf 84' lang='lat' dir='ltr'><strong>qnae</strong></span> <span class='ocrx_word' id='word_1_111' title='bbox 808 888 973 922; x_wconf 86' lang='lat' dir='ltr'><strong>tentata</strong></span> <span class='ocrx_word' id='word_1_112' title='bbox 1003 880 1097 936; x_wconf 87' lang='lat' dir='ltr'><strong>jam</strong></span> <span class='ocrx_word' id='word_1_113' title='bbox 1133 890 1176 921; x_wconf 88' lang='lat' dir='ltr'><strong>et</strong></span> <span class='ocrx_word' id='word_1_114' title='bbox 1211 890 1360 936; x_wconf 85' lang='lat' dir='ltr'><strong>coepta</strong></span> <span class='ocrx_word' id='word_1_115' title='bbox 1391 880 1445 920; x_wconf 89' lang='lat' dir='ltr'><strong>ab</strong></span> <span class='ocrx_word' id='word_1_116' title='bbox 1483 879 1566 919; x_wconf 91' lang='lat' dir='ltr'><strong>isto</strong></span> <span class='ocrx_word' id='word_1_117' title='bbox 1603 886 1716 929; x_wconf 92' lang='lat' dir='ltr'><strong>sunt,</strong></span> <span class='ocrx_word' id='word_1_118' title='bbox 1749 894 1776 919; x_wconf 83' lang='lat' dir='ltr'><strong>a</strong></span> 
     </span>
     <span class='ocr_line' id='line_1_14' title="bbox 332 935 1775 994; baseline 0.003 -21"><span class='ocrx_word' id='word_1_119' title='bbox 332 947 402 973; x_wconf 90' lang='lat' dir='ltr'><strong>me</strong></span> <span class='ocrx_word' id='word_1_120' title='bbox 434 943 575 975; x_wconf 86' lang='lat' dir='ltr'><strong>autem</strong></span> <span class='ocrx_word' id='word_1_121' title='bbox 609 937 898 992; x_wconf 76' lang='lat' dir='ltr'><strong>pervestigata</strong></span> <span class='ocrx_word' id='word_1_122' title='bbox 919 946 962 978; x_wconf 87' lang='lat' dir='ltr'><strong>et</strong></span> <span class='ocrx_word' id='word_1_123' title='bbox 983 938 1175 994; x_wconf 87' lang='lat' dir='ltr'><strong>cognita,</strong></span> <span class='ocrx_word' id='word_1_124' title='bbox 1195 952 1351 978; x_wconf 91' lang='lat' dir='ltr'><strong>moneo</strong></span> <span class='ocrx_word' id='word_1_125' title='bbox 1375 946 1421 977; x_wconf 88' lang='lat' dir='ltr'><strong>ut</strong></span> <span class='ocrx_word' id='word_1_126' title='bbox 1441 935 1708 991; x_wconf 82' lang='lat' dir='ltr'><strong>exstinguas,</strong></span> <span class='ocrx_word' id='word_1_127' title='bbox 1729 946 1775 978; x_wconf 77' lang='lat' dir='ltr'><strong>et</strong></span> 
     </span>
     <span class='ocr_line' id='line_1_15' title="bbox 332 988 1773 1051; baseline 0.003 -22"><span class='ocrx_word' id='word_1_128' title='bbox 332 988 503 1045; x_wconf 83' lang='lat' dir='ltr'><strong>longius</strong></span> <span class='ocrx_word' id='word_1_129' title='bbox 537 994 736 1048; x_wconf 82' lang='lat' dir='ltr'><strong>progredi</strong></span> <span class='ocrx_word' id='word_1_130' title='bbox 767 1009 818 1034; x_wconf 92' lang='lat' dir='ltr'><strong>ne</strong></span> <span class='ocrx_word' id='word_1_131' title='bbox 850 995 976 1035; x_wconf 79' lang='lat' dir='ltr'><strong>sinas.</strong></span> <span class='ocrx_word' id='word_1_132' title='bbox 1008 1010 1166 1051; x_wconf 87' lang='lat' dir='ltr'><strong>magno</strong></span> <span class='ocrx_word' id='word_1_133' title='bbox 1198 1004 1272 1036; x_wconf 92' lang='lat' dir='ltr'><strong>tuo</strong></span> <span class='ocrx_word' id='word_1_134' title='bbox 1302 993 1492 1051; x_wconf 81' lang='lat' dir='ltr'><strong>periculo</strong></span> <span class='ocrx_word' id='word_1_135' title='bbox 1523 992 1773 1049; x_wconf 86' lang='lat' dir='ltr'><strong>peccabitur</strong></span> 
     </span>
     <span class='ocr_line' id='line_1_16' title="bbox 247 1046 1771 1108; baseline 0.003 -22"><span class='ocrx_word' id='word_1_136' title='bbox 247 1046 375 1087; x_wconf 78' lang='lat' dir='ltr'><strong>175in</strong></span> <span class='ocrx_word' id='word_1_137' title='bbox 404 1048 485 1089; x_wconf 86' lang='lat' dir='ltr'><strong>hoc</strong></span> <span class='ocrx_word' id='word_1_138' title='bbox 508 1049 703 1104; x_wconf 81' lang='lat' dir='ltr'><strong>judici03</strong></span> <span class='ocrx_word' id='word_1_139' title='bbox 735 1052 912 1106; x_wconf 83' lang='lat' dir='ltr'><strong>majore,</strong></span> <span class='ocrx_word' id='word_1_140' title='bbox 936 1067 1065 1106; x_wconf 88' lang='lat' dir='ltr'><strong>quam</strong></span> <span class='ocrx_word' id='word_1_141' title='bbox 1100 1062 1237 1108; x_wconf 88' lang='lat' dir='ltr'><strong>putas.</strong></span> <span class='ocrx_word' id='word_1_142' title='bbox 1298 1056 1336 1086; x_wconf 81' lang='grc'><strong>87</strong></span> <span class='ocrx_word' id='word_1_143' title='bbox 1353 1051 1483 1098; x_wconf 84' lang='lat' dir='ltr'><strong>Quod</strong></span> <span class='ocrx_word' id='word_1_144' title='bbox 1507 1050 1623 1092; x_wconf 89' lang='lat' dir='ltr'><strong>enim</strong></span> <span class='ocrx_word' id='word_1_145' title='bbox 1649 1059 1691 1090; x_wconf 91' lang='lat' dir='ltr'><strong>te</strong></span> <span class='ocrx_word' id='word_1_146' title='bbox 1719 1050 1771 1091; x_wconf 89' lang='lat' dir='ltr'><strong>li-</strong></span> 
     </span>
     <span class='ocr_line' id='line_1_17' title="bbox 333 1105 1771 1162; baseline 0.003 -18"><span class='ocrx_word' id='word_1_147' title='bbox 333 1105 525 1146; x_wconf 83' lang='lat' dir='ltr'><strong>beratum</strong></span> <span class='ocrx_word' id='word_1_148' title='bbox 562 1107 656 1162; x_wconf 82' lang='lat' dir='ltr'><strong>jam</strong></span> <span class='ocrx_word' id='word_1_149' title='bbox 690 1108 1023 1150; x_wconf 83' lang='lat' dir='ltr'><strong>existimationis</strong></span> <span class='ocrx_word' id='word_1_150' title='bbox 1055 1119 1189 1160; x_wconf 88' lang='lat' dir='ltr'><strong>metu,</strong></span> <span class='ocrx_word' id='word_1_151' title='bbox 1227 1108 1480 1150; x_wconf 87' lang='lat' dir='ltr'><strong>defunctum</strong></span> <span class='ocrx_word' id='word_1_152' title='bbox 1516 1108 1771 1159; x_wconf 90' lang='lat' dir='ltr'><strong>honoribus,</strong></span> 
     </span>
     <span class='ocr_line' id='line_1_18' title="bbox 329 1161 1773 1222; baseline 0.003 -21"><span class='ocrx_word' id='word_1_153' title='bbox 329 1161 603 1217; x_wconf 87' lang='lat' dir='ltr'><strong>designatum</strong></span> <span class='ocrx_word' id='word_1_154' title='bbox 634 1166 853 1206; x_wconf 87' lang='lat' dir='ltr'><strong>consulem</strong></span> <span class='ocrx_word' id='word_1_155' title='bbox 885 1167 1075 1222; x_wconf 83' lang='lat' dir='ltr'><strong>cogites:</strong></span> <span class='ocrx_word' id='word_1_156' title='bbox 1109 1167 1215 1208; x_wconf 85' lang='lat' dir='ltr'><strong>mihi</strong></span> <span class='ocrx_word' id='word_1_157' title='bbox 1246 1167 1385 1217; x_wconf 89' lang='lat' dir='ltr'><strong>crede,</strong></span> <span class='ocrx_word' id='word_1_158' title='bbox 1408 1175 1660 1207; x_wconf 88' lang='lat' dir='ltr'><strong>ornamenta</strong></span> <span class='ocrx_word' id='word_1_159' title='bbox 1689 1165 1773 1206; x_wconf 78' lang='lat' dir='ltr'><strong>ista</strong></span> 
     </span>
     <span class='ocr_line' id='line_1_19' title="bbox 328 1220 1770 1279; baseline 0.004 -21"><span class='ocrx_word' id='word_1_160' title='bbox 328 1227 372 1258; x_wconf 91' lang='lat' dir='ltr'><strong>et</strong></span> <span class='ocrx_word' id='word_1_161' title='bbox 396 1220 605 1262; x_wconf 87' lang='lat' dir='ltr'><strong>beneficia</strong></span> <span class='ocrx_word' id='word_1_162' title='bbox 626 1223 772 1278; x_wconf 87' lang='lat' dir='ltr'><strong>populi</strong></span> <span class='ocrx_word' id='word_1_163' title='bbox 799 1223 984 1265; x_wconf 82' lang='lat' dir='ltr'><strong>Romani</strong></span> <span class='ocrx_word' id='word_1_164' title='bbox 1007 1239 1093 1266; x_wconf 92' lang='lat' dir='ltr'><strong>non</strong></span> <span class='ocrx_word' id='word_1_165' title='bbox 1123 1224 1288 1265; x_wconf 89' lang='lat' dir='ltr'><strong>minore</strong></span> <span class='ocrx_word' id='word_1_166' title='bbox 1318 1224 1495 1279; x_wconf 82' lang='lat' dir='ltr'><strong>negotio</strong></span> <span class='ocrx_word' id='word_1_167' title='bbox 1517 1224 1770 1274; x_wconf 78' lang='lat' dir='ltr'><strong>retinentur,</strong></span> 
     </span>
     <span class='ocr_line' id='line_1_20' title="bbox 329 1280 1770 1336; baseline 0.005 -20"><span class='ocrx_word' id='word_1_168' title='bbox 329 1290 457 1330; x_wconf 87' lang='lat' dir='ltr'><strong>quam</strong></span> <span class='ocrx_word' id='word_1_169' title='bbox 480 1290 800 1334; x_wconf 78' lang='lat' dir='ltr'><strong>comparantur,</strong></span> <span class='ocrx_word' id='word_1_170' title='bbox 840 1280 958 1322; x_wconf 86' lang='lat' dir='ltr'><strong>Tulit</strong></span> <span class='ocrx_word' id='word_1_171' title='bbox 978 1282 1072 1323; x_wconf 86' lang='lat' dir='ltr'><strong>haec</strong></span> <span class='ocrx_word' id='word_1_172' title='bbox 1094 1282 1262 1331; x_wconf 82' lang='lat' dir='ltr'><strong>civitas,</strong></span> <span class='ocrx_word' id='word_1_173' title='bbox 1284 1281 1424 1336; x_wconf 90' lang='lat' dir='ltr'><strong>quoad</strong></span> <span class='ocrx_word' id='word_1_174' title='bbox 1449 1281 1606 1336; x_wconf 88' lang='lat' dir='ltr'><strong>potuit,</strong></span> <span class='ocrx_word' id='word_1_175' title='bbox 1627 1281 1770 1335; x_wconf 84' lang='lat' dir='ltr'><strong>quoad</strong></span> 
     </span>
     <span class='ocr_line' id='line_1_21' title="bbox 326 1335 1772 1393; baseline 0.003 -20"><span class='ocrx_word' id='word_1_176' title='bbox 326 1347 500 1375; x_wconf 85' lang='lat' dir='ltr'><strong>necesse</strong></span> <span class='ocrx_word' id='word_1_177' title='bbox 532 1335 628 1386; x_wconf 87' lang='lat' dir='ltr'><strong>fuit,</strong></span> <span class='ocrx_word' id='word_1_178' title='bbox 659 1338 822 1393; x_wconf 81' lang='lat' dir='ltr'><strong>regiam</strong></span> <span class='ocrx_word' id='word_1_179' title='bbox 854 1339 979 1379; x_wconf 87' lang='lat' dir='ltr'><strong>istam</strong></span> <span class='ocrx_word' id='word_1_180' title='bbox 1002 1348 1187 1380; x_wconf 78' lang='lat' dir='ltr'><strong>vestram</strong></span> <span class='ocrx_word' id='word_1_181' title='bbox 1212 1338 1552 1380; x_wconf 86' lang='lat' dir='ltr'><strong>dominationem</strong></span> <span class='ocrx_word' id='word_1_182' title='bbox 1584 1337 1627 1378; x_wconf 93' lang='lat' dir='ltr'><strong>in</strong></span> <span class='ocrx_word' id='word_1_183' title='bbox 1650 1337 1772 1393; x_wconf 88' lang='lat' dir='ltr'><strong>judi-</strong></span> 
     </span>
     <span class='ocr_line' id='line_1_22' title="bbox 327 1390 1770 1452; baseline 0.004 -22"><span class='ocrx_word' id='word_1_184' title='bbox 327 1390 405 1431; x_wconf 89' lang='lat' dir='ltr'><strong>ciis</strong></span> <span class='ocrx_word' id='word_1_185' title='bbox 425 1401 468 1432; x_wconf 86' lang='lat' dir='ltr'><strong>et</strong></span> <span class='ocrx_word' id='word_1_186' title='bbox 489 1393 531 1432; x_wconf 92' lang='lat' dir='ltr'><strong>in</strong></span> <span class='ocrx_word' id='word_1_187' title='bbox 556 1395 673 1434; x_wconf 90' lang='lat' dir='ltr'><strong>omni</strong></span> <span class='ocrx_word' id='word_1_188' title='bbox 697 1395 940 1451; x_wconf 83' lang='lat' dir='ltr'><strong>republica3</strong></span> <span class='ocrx_word' id='word_1_189' title='bbox 965 1396 1077 1437; x_wconf 89' lang='lat' dir='ltr'><strong>tulit.</strong></span> <span class='ocrx_word' id='word_1_190' title='bbox 1097 1397 1168 1437; x_wconf 90' lang='lat' dir='ltr'><strong>sed</strong></span> <span class='ocrx_word' id='word_1_191' title='bbox 1191 1410 1277 1452; x_wconf 87' lang='lat' dir='ltr'><strong>quo</strong></span> <span class='ocrx_word' id='word_1_192' title='bbox 1296 1396 1364 1437; x_wconf 88' lang='lat' dir='ltr'><strong>die</strong></span> <span class='ocrx_word' id='word_1_193' title='bbox 1388 1395 1548 1451; x_wconf 90' lang='lat' dir='ltr'><strong>populo</strong></span> <span class='ocrx_word' id='word_1_194' title='bbox 1568 1394 1770 1436; x_wconf 79' lang='lat' dir='ltr'><strong>Romano</strong></span> 
     </span>
     <span class='ocr_line' id='line_1_23' title="bbox 327 1447 1770 1505; baseline 0.005 -19"><span class='ocrx_word' id='word_1_195' title='bbox 327 1447 487 1490; x_wconf 87' lang='lat' dir='ltr'><strong>tribuni</strong></span> <span class='ocrx_word' id='word_1_196' title='bbox 513 1450 648 1505; x_wconf 90' lang='lat' dir='ltr'><strong>plebis</strong></span> <span class='ocrx_word' id='word_1_197' title='bbox 676 1453 859 1493; x_wconf 71' lang='lat' dir='ltr'><strong>restituti</strong></span> <span class='ocrx_word' id='word_1_198' title='bbox 892 1463 1005 1504; x_wconf 85' lang='lat' dir='ltr'><strong>sunt,</strong></span> <span class='ocrx_word' id='word_1_199' title='bbox 1027 1454 1172 1494; x_wconf 87' lang='lat' dir='ltr'><strong>omnia</strong></span> <span class='ocrx_word' id='word_1_200' title='bbox 1194 1454 1276 1494; x_wconf 86' lang='lat' dir='ltr'><strong>ista</strong></span> <span class='ocrx_word' id='word_1_201' title='bbox 1297 1454 1419 1493; x_wconf 89' lang='lat' dir='ltr'><strong>vobis</strong></span> <span class='ocrx_word' id='word_1_202' title='bbox 1442 1453 1495 1504; x_wconf 89' lang='lat' dir='ltr'><strong>(si</strong></span> <span class='ocrx_word' id='word_1_203' title='bbox 1518 1451 1630 1493; x_wconf 82' lang='lat' dir='ltr'><strong>forte</strong></span> <span class='ocrx_word' id='word_1_204' title='bbox 1660 1467 1770 1495; x_wconf 89' lang='lat' dir='ltr'><strong>non-</strong></span> 
     </span>
     <span class='ocr_line' id='line_1_24' title="bbox 325 1504 1769 1567; baseline 0.005 -23"><span class='ocrx_word' id='word_1_205' title='bbox 325 1504 428 1545; x_wconf 87' lang='lat' dir='ltr'><strong>dum</strong></span> <span class='ocrx_word' id='word_1_206' title='bbox 452 1506 712 1563; x_wconf 87' lang='lat' dir='ltr'><strong>intelligitis)</strong></span> <span class='ocrx_word' id='word_1_207' title='bbox 734 1510 904 1551; x_wconf 85' lang='lat' dir='ltr'><strong>ademta</strong></span> <span class='ocrx_word' id='word_1_208' title='bbox 925 1522 1053 1566; x_wconf 87' lang='lat' dir='ltr'><strong>atque</strong></span> <span class='ocrx_word' id='word_1_209' title='bbox 1075 1522 1221 1567; x_wconf 87' lang='lat' dir='ltr'><strong>erepta</strong></span> <span class='ocrx_word' id='word_1_210' title='bbox 1245 1520 1358 1551; x_wconf 91' lang='lat' dir='ltr'><strong>sunt.</strong></span> <span class='ocrx_word' id='word_1_211' title='bbox 1421 1509 1628 1550; x_wconf 86' lang='lat' dir='ltr'><strong>Omnium</strong></span> <span class='ocrx_word' id='word_1_212' title='bbox 1652 1524 1769 1551; x_wconf 89' lang='lat' dir='ltr'><strong>nunc</strong></span> 
     </span>
     <span class='ocr_line' id='line_1_25' title="bbox 327 1562 1768 1625; baseline 0.005 -24"><span class='ocrx_word' id='word_1_213' title='bbox 327 1562 440 1603; x_wconf 89' lang='lat' dir='ltr'><strong>oculi</strong></span> <span class='ocrx_word' id='word_1_214' title='bbox 464 1564 651 1619; x_wconf 69' lang='lat' dir='ltr'><strong>conjecti</strong></span> <span class='ocrx_word' id='word_1_215' title='bbox 675 1577 773 1607; x_wconf 87' lang='lat' dir='ltr'><strong>sunt</strong></span> <span class='ocrx_word' id='word_1_216' title='bbox 795 1567 877 1608; x_wconf 92' lang='lat' dir='ltr'><strong>hoc</strong></span> <span class='ocrx_word' id='word_1_217' title='bbox 901 1568 993 1623; x_wconf 89' lang='lat' dir='ltr'><strong>ipso</strong></span> <span class='ocrx_word' id='word_1_218' title='bbox 1018 1579 1209 1625; x_wconf 87' lang='lat' dir='ltr'><strong>tempore</strong></span> <span class='ocrx_word' id='word_1_219' title='bbox 1240 1568 1284 1608; x_wconf 92' lang='lat' dir='ltr'><strong>in</strong></span> <span class='ocrx_word' id='word_1_220' title='bbox 1311 1581 1660 1622; x_wconf 87' lang='lat' dir='ltr'><strong>unumquemque</strong></span> <span class='ocrx_word' id='word_1_221' title='bbox 1691 1581 1768 1608; x_wconf 91' lang='lat' dir='ltr'><strong>no-</strong></span> 
     </span>
     <span class='ocr_line' id='line_1_26' title="bbox 329 1619 1768 1681; baseline 0.006 -23"><span class='ocrx_word' id='word_1_222' title='bbox 329 1619 481 1670; x_wconf 69' lang='lat' dir='ltr'><strong>strum,</strong></span> <span class='ocrx_word' id='word_1_223' title='bbox 503 1636 587 1676; x_wconf 81' lang='lat' dir='ltr'><strong>qua</strong></span> <span class='ocrx_word' id='word_1_224' title='bbox 611 1623 693 1663; x_wconf 78' lang='lat' dir='ltr'><strong>tide</strong></span> <span class='ocrx_word' id='word_1_225' title='bbox 714 1639 796 1680; x_wconf 79' lang='lat' dir='ltr'><strong>ego</strong></span> <span class='ocrx_word' id='word_1_226' title='bbox 819 1640 1031 1676; x_wconf 89' lang='lat' dir='ltr'><strong>accusem,</strong></span> <span class='ocrx_word' id='word_1_227' title='bbox 1050 1641 1133 1681; x_wconf 83' lang='lat' dir='ltr'><strong>qua</strong></span> <span class='ocrx_word' id='word_1_228' title='bbox 1156 1625 1362 1681; x_wconf 81' lang='lat' dir='ltr'><strong>religione</strong></span> <span class='ocrx_word' id='word_1_229' title='bbox 1383 1625 1428 1666; x_wconf 89' lang='lat' dir='ltr'><strong>hi</strong></span> <span class='ocrx_word' id='word_1_230' title='bbox 1444 1625 1660 1680; x_wconf 83' lang='lat' dir='ltr'><strong>judicent,</strong></span> <span class='ocrx_word' id='word_1_231' title='bbox 1681 1639 1768 1679; x_wconf 84' lang='lat' dir='ltr'><strong>qua</strong></span> 
     </span>
     <span class='ocr_line' id='line_1_27' title="bbox 243 1678 1766 1736; baseline 0.005 -21"><span class='ocrx_word' id='word_1_232' title='bbox 243 1681 318 1720; x_wconf 77' lang='lat'><strong>176</strong></span> <span class='ocrx_word' id='word_1_233' title='bbox 332 1684 376 1716; x_wconf 91' lang='lat' dir='ltr'><strong>tu</strong></span> <span class='ocrx_word' id='word_1_234' title='bbox 399 1678 564 1719; x_wconf 87' lang='lat' dir='ltr'><strong>ratione</strong></span> <span class='ocrx_word' id='word_1_235' title='bbox 586 1679 803 1722; x_wconf 58' lang='lat' dir='ltr'><strong>defendas</strong></span> <span class='ocrx_word' id='word_1_236' title='bbox 867 1681 934 1723; x_wconf 92' lang='lat' dir='ltr'><strong>De</strong></span> <span class='ocrx_word' id='word_1_237' title='bbox 956 1684 1155 1724; x_wconf 87' lang='lat' dir='ltr'><strong>omnibus</strong></span> <span class='ocrx_word' id='word_1_238' title='bbox 1187 1683 1326 1733; x_wconf 81' lang='lat' dir='ltr'><strong>nobis,</strong></span> <span class='ocrx_word' id='word_1_239' title='bbox 1358 1683 1392 1723; x_wconf 92' lang='lat' dir='ltr'><strong>si</strong></span> <span class='ocrx_word' id='word_1_240' title='bbox 1423 1682 1518 1736; x_wconf 90' lang='lat' dir='ltr'><strong>quis</strong></span> <span class='ocrx_word' id='word_1_241' title='bbox 1552 1681 1766 1723; x_wconf 85' lang='lat' dir='ltr'><strong>tantulum</strong></span> 
     </span>
     <span class='ocr_line' id='line_1_28' title="bbox 328 1733 1766 1794; baseline 0.004 -21"><span class='ocrx_word' id='word_1_242' title='bbox 328 1733 381 1773; x_wconf 91' lang='lat' dir='ltr'><strong>de</strong></span> <span class='ocrx_word' id='word_1_243' title='bbox 403 1745 519 1776; x_wconf 86' lang='lat' dir='ltr'><strong>recta</strong></span> <span class='ocrx_word' id='word_1_244' title='bbox 541 1737 714 1792; x_wconf 81' lang='lat' dir='ltr'><strong>regione</strong></span> <span class='ocrx_word' id='word_1_245' title='bbox 736 1739 974 1790; x_wconf 84' lang='lat' dir='ltr'><strong>deflexerit,</strong></span> <span class='ocrx_word' id='word_1_246' title='bbox 996 1756 1080 1781; x_wconf 76' lang='lat' dir='ltr'><strong>non</strong></span> <span class='ocrx_word' id='word_1_247' title='bbox 1103 1741 1173 1781; x_wconf 90' lang='lat' dir='ltr'><strong>illa</strong></span> <span class='ocrx_word' id='word_1_248' title='bbox 1194 1741 1324 1782; x_wconf 84' lang='lat' dir='ltr'><strong>tacita</strong></span> <span class='ocrx_word' id='word_1_249' title='bbox 1335 1739 1617 1789; x_wconf 78' lang='lat' dir='ltr'><strong>existimatio,</strong></span> <span class='ocrx_word' id='word_1_250' title='bbox 1636 1754 1766 1794; x_wconf 83' lang='lat' dir='ltr'><strong>quam</strong></span> 
     </span>
     <span class='ocr_line' id='line_1_29' title="bbox 325 1796 1766 1852; baseline 0.005 -22"><span class='ocrx_word' id='word_1_251' title='bbox 325 1801 453 1832; x_wconf 83' lang='lat' dir='ltr'><strong>antea</strong></span> <span class='ocrx_word' id='word_1_252' title='bbox 470 1803 745 1835; x_wconf 84' lang='lat' dir='ltr'><strong>contemnere</strong></span> <span class='ocrx_word' id='word_1_253' title='bbox 764 1796 979 1848; x_wconf 86' lang='lat' dir='ltr'><strong>solebatis,</strong></span> <span class='ocrx_word' id='word_1_254' title='bbox 1003 1798 1072 1839; x_wconf 84' lang='lat' dir='ltr'><strong>sed</strong></span> <span class='ocrx_word' id='word_1_255' title='bbox 1099 1798 1325 1838; x_wconf 87' lang='lat' dir='ltr'><strong>vehemens</strong></span> <span class='ocrx_word' id='word_1_256' title='bbox 1344 1812 1393 1837; x_wconf 86' lang='lat' dir='ltr'><strong>ac</strong></span> <span class='ocrx_word' id='word_1_257' title='bbox 1415 1796 1596 1837; x_wconf 88' lang='lat' dir='ltr'><strong>liberum</strong></span> <span class='ocrx_word' id='word_1_258' title='bbox 1617 1796 1766 1852; x_wconf 88' lang='lat' dir='ltr'><strong>populi</strong></span> 
     </span>
     <span class='ocr_line' id='line_1_30' title="bbox 327 1846 1767 1909; baseline 0.006 -22"><span class='ocrx_word' id='word_1_259' title='bbox 327 1846 514 1889; x_wconf 87' lang='lat' dir='ltr'><strong>Romani</strong></span> <span class='ocrx_word' id='word_1_260' title='bbox 531 1851 746 1905; x_wconf 83' lang='lat' dir='ltr'><strong>judicium</strong></span> <span class='ocrx_word' id='word_1_261' title='bbox 770 1865 1069 1909; x_wconf 85' lang='lat' dir='ltr'><strong>consequetur.</strong></span> <span class='ocrx_word' id='word_1_262' title='bbox 1094 1855 1209 1895; x_wconf 88' lang='lat' dir='ltr'><strong>nulla</strong></span> <span class='ocrx_word' id='word_1_263' title='bbox 1231 1855 1326 1905; x_wconf 89' lang='lat' dir='ltr'><strong>tibi,</strong></span> <span class='ocrx_word' id='word_1_264' title='bbox 1350 1854 1529 1904; x_wconf 83' lang='lat' dir='ltr'><strong>Quinte,</strong></span> <span class='ocrx_word' id='word_1_265' title='bbox 1551 1868 1651 1895; x_wconf 83' lang='lat' dir='ltr'><strong>curn</strong></span> <span class='ocrx_word' id='word_1_266' title='bbox 1681 1855 1767 1895; x_wconf 89' lang='lat' dir='ltr'><strong>isto</strong></span> 
     </span>
     <span class='ocr_line' id='line_1_31' title="bbox 325 1907 1768 1967; baseline 0.005 -22"><span class='ocrx_word' id='word_1_267' title='bbox 325 1907 532 1961; x_wconf 83' lang='lat' dir='ltr'><strong>cognatio</strong></span> <span class='ocrx_word' id='word_1_268' title='bbox 553 1917 632 1958; x_wconf 89' lang='lat' dir='ltr'><strong>est,</strong></span> <span class='ocrx_word' id='word_1_269' title='bbox 655 1909 771 1950; x_wconf 88' lang='lat' dir='ltr'><strong>nulla</strong></span> <span class='ocrx_word' id='word_1_270' title='bbox 801 1913 1093 1954; x_wconf 87' lang='lat' dir='ltr'><strong>necessitudo:</strong></span> <span class='ocrx_word' id='word_1_271' title='bbox 1127 1913 1282 1967; x_wconf 86' lang='lat' dir='ltr'><strong>quibus</strong></span> <span class='ocrx_word' id='word_1_272' title='bbox 1308 1911 1661 1953; x_wconf 80' lang='lat' dir='ltr'><strong>excusationibus</strong></span> <span class='ocrx_word' id='word_1_273' title='bbox 1691 1926 1768 1952; x_wconf 90' lang='lat' dir='ltr'><strong>an-</strong></span> 
     </span>
     <span class='ocr_line' id='line_1_32' title="bbox 325 1964 1768 2023; baseline 0.006 -22"><span class='ocrx_word' id='word_1_274' title='bbox 325 1970 395 2002; x_wconf 88' lang='lat' dir='ltr'><strong>tea</strong></span> <span class='ocrx_word' id='word_1_275' title='bbox 416 1964 598 2005; x_wconf 86' lang='lat' dir='ltr'><strong>nimium</strong></span> <span class='ocrx_word' id='word_1_276' title='bbox 622 1966 665 2006; x_wconf 90' lang='lat' dir='ltr'><strong>in</strong></span> <span class='ocrx_word' id='word_1_277' title='bbox 688 1967 830 2022; x_wconf 87' lang='lat' dir='ltr'><strong>aliquo</strong></span> <span class='ocrx_word' id='word_1_278' title='bbox 847 1969 1016 2023; x_wconf 82' lang='lat' dir='ltr'><strong>judicio</strong></span> <span class='ocrx_word' id='word_1_279' title='bbox 1039 1970 1227 2010; x_wconf 89' lang='lat' dir='ltr'><strong>studium</strong></span> <span class='ocrx_word' id='word_1_280' title='bbox 1248 1979 1370 2010; x_wconf 86' lang='lat' dir='ltr'><strong>tuum</strong></span> <span class='ocrx_word' id='word_1_281' title='bbox 1399 1968 1628 2010; x_wconf 88' lang='lat' dir='ltr'><strong>defendere</strong></span> <span class='ocrx_word' id='word_1_282' title='bbox 1658 1969 1768 2010; x_wconf 86' lang='lat' dir='ltr'><strong>sole-</strong></span> 
     </span>
     <span class='ocr_line' id='line_1_33' title="bbox 326 2019 1767 2082; baseline 0.007 -23"><span class='ocrx_word' id='word_1_283' title='bbox 326 2019 417 2070; x_wconf 86' lang='lat' dir='ltr'><strong>bas,</strong></span> <span class='ocrx_word' id='word_1_284' title='bbox 440 2034 582 2062; x_wconf 84' lang='lat' dir='ltr'><strong>earum</strong></span> <span class='ocrx_word' id='word_1_285' title='bbox 607 2022 765 2064; x_wconf 87' lang='lat' dir='ltr'><strong>habere</strong></span> <span class='ocrx_word' id='word_1_286' title='bbox 786 2025 829 2065; x_wconf 91' lang='lat' dir='ltr'><strong>in</strong></span> <span class='ocrx_word' id='word_1_287' title='bbox 854 2027 936 2067; x_wconf 89' lang='lat' dir='ltr'><strong>hoc</strong></span> <span class='ocrx_word' id='word_1_288' title='bbox 959 2027 1133 2068; x_wconf 88' lang='lat' dir='ltr'><strong>homine</strong></span> <span class='ocrx_word' id='word_1_289' title='bbox 1161 2027 1320 2068; x_wconf 76' lang='lat' dir='ltr'><strong>nullam</strong></span> <span class='ocrx_word' id='word_1_290' title='bbox 1344 2035 1480 2082; x_wconf 88' lang='lat' dir='ltr'><strong>potes.</strong></span> <span class='ocrx_word' id='word_1_291' title='bbox 1541 2026 1653 2072; x_wconf 86' lang='lat' dir='ltr'><strong>Quae.</strong></span> <span class='ocrx_word' id='word_1_292' title='bbox 1684 2026 1767 2069; x_wconf 87' lang='lat' dir='ltr'><strong>iste</strong></span> 
     </span>
    </p>

    <p class='ocr_par' dir='ltr' id='par_1_5' title="bbox 242 2075 1767 2600">
     <span class='ocr_line' id='line_1_34' title="bbox 326 2075 1764 2140; baseline 0.007 -25"><span class='ocrx_word' id='word_1_293' title='bbox 326 2075 369 2116; x_wconf 88' lang='lat' dir='ltr'><strong>in</strong></span> <span class='ocrx_word' id='word_1_294' title='bbox 394 2079 619 2133; x_wconf 86' lang='lat' dir='ltr'><strong>provincia</strong></span> <span class='ocrx_word' id='word_1_295' title='bbox 640 2081 775 2136; x_wconf 84' lang='lat' dir='ltr'><strong>palam</strong></span> <span class='ocrx_word' id='word_1_296' title='bbox 799 2083 1042 2135; x_wconf 87' lang='lat' dir='ltr'><strong>dictitabat,</strong></span> <span class='ocrx_word' id='word_1_297' title='bbox 1064 2099 1163 2125; x_wconf 90' lang='lat' dir='ltr'><strong>cum</strong></span> <span class='ocrx_word' id='word_1_298' title='bbox 1186 2099 1249 2135; x_wconf 85' lang='lat' dir='ltr'><strong>ea,</strong></span> <span class='ocrx_word' id='word_1_299' title='bbox 1276 2099 1373 2140; x_wconf 83' lang='lat' dir='ltr'><strong>quae</strong></span> <span class='ocrx_word' id='word_1_300' title='bbox 1400 2084 1601 2135; x_wconf 86' lang='lat' dir='ltr'><strong>faciebat,</strong></span> <span class='ocrx_word' id='word_1_301' title='bbox 1624 2094 1698 2125; x_wconf 88' lang='lat' dir='ltr'><strong>tua</strong></span> <span class='ocrx_word' id='word_1_302' title='bbox 1720 2099 1764 2126; x_wconf 88' lang='lat' dir='ltr'><strong>se</strong></span> 
     </span>
     <span class='ocr_line' id='line_1_35' title="bbox 329 2132 1767 2198; baseline 0.008 -25"><span class='ocrx_word' id='word_1_303' title='bbox 329 2132 487 2175; x_wconf 84' lang='lat' dir='ltr'><strong>fiducia</strong></span> <span class='ocrx_word' id='word_1_304' title='bbox 508 2135 648 2177; x_wconf 84' lang='lat' dir='ltr'><strong>facere</strong></span> <span class='ocrx_word' id='word_1_305' title='bbox 669 2138 854 2191; x_wconf 87' lang='lat' dir='ltr'><strong>dicebat,</strong></span> <span class='ocrx_word' id='word_1_306' title='bbox 875 2155 926 2181; x_wconf 88' lang='lat' dir='ltr'><strong>ea</strong></span> <span class='ocrx_word' id='word_1_307' title='bbox 949 2156 1001 2182; x_wconf 89' lang='lat' dir='ltr'><strong>ne</strong></span> <span class='ocrx_word' id='word_1_308' title='bbox 1028 2157 1127 2182; x_wconf 82' lang='lat' dir='ltr'><strong>vera</strong></span> <span class='ocrx_word' id='word_1_309' title='bbox 1150 2152 1368 2198; x_wconf 89' lang='lat' dir='ltr'><strong>putentur,</strong></span> <span class='ocrx_word' id='word_1_310' title='bbox 1390 2142 1469 2182; x_wconf 90' lang='lat' dir='ltr'><strong>tibi</strong></span> <span class='ocrx_word' id='word_1_311' title='bbox 1492 2141 1680 2183; x_wconf 83' lang='lat' dir='ltr'><strong>maxime</strong></span> <span class='ocrx_word' id='word_1_312' title='bbox 1701 2152 1767 2184; x_wconf 80' lang='lat' dir='ltr'><strong>est</strong></span> 
     </span>
     <span class='ocr_line' id='line_1_36' title="bbox 282 2183 1765 2253; baseline 0.007 -23"><span class='ocrx_word' id='word_1_313' title='bbox 282 2183 655 2245; x_wconf 77' lang='lat' dir='ltr'><strong>9providendum.</strong></span> <span class='ocrx_word' id='word_1_314' title='bbox 717 2194 813 2251; x_wconf 89' lang='lat' dir='ltr'><strong>Ego</strong></span> <span class='ocrx_word' id='word_1_315' title='bbox 836 2198 919 2238; x_wconf 88' lang='lat' dir='ltr'><strong>mei</strong></span> <span class='ocrx_word' id='word_1_316' title='bbox 945 2198 1037 2253; x_wconf 88' lang='lat' dir='ltr'><strong>jam</strong></span> <span class='ocrx_word' id='word_1_317' title='bbox 1069 2200 1278 2240; x_wconf 89' lang='lat' dir='ltr'><strong>rationem</strong></span> <span class='ocrx_word' id='word_1_318' title='bbox 1309 2199 1442 2240; x_wconf 83' lang='lat' dir='ltr'><strong>officii</strong></span> <span class='ocrx_word' id='word_1_319' title='bbox 1472 2198 1644 2241; x_wconf 88' lang='lat' dir='ltr'><strong>confido</strong></span> <span class='ocrx_word' id='word_1_320' title='bbox 1673 2214 1765 2247; x_wconf 87' lang='lat' dir='ltr'><strong>esse</strong></span> 
     </span>
     <span class='ocr_line' id='line_1_37' title="bbox 242 2248 1762 2314; baseline 0.007 -26"><span class='ocrx_word' id='word_1_321' title='bbox 242 2248 529 2292; x_wconf 74' lang='lat' dir='ltr'><strong>17&#39;70mnibus</strong></span> <span class='ocrx_word' id='word_1_322' title='bbox 563 2250 841 2306; x_wconf 87' lang='lat' dir='ltr'><strong>iniquissimis</strong></span> <span class='ocrx_word' id='word_1_323' title='bbox 874 2256 979 2296; x_wconf 90' lang='lat' dir='ltr'><strong>meis</strong></span> <span class='ocrx_word' id='word_1_324' title='bbox 1010 2256 1283 2311; x_wconf 87' lang='lat' dir='ltr'><strong>persolutam.</strong></span> <span class='ocrx_word' id='word_1_325' title='bbox 1316 2271 1417 2297; x_wconf 91' lang='lat' dir='ltr'><strong>nam</strong></span> <span class='ocrx_word' id='word_1_326' title='bbox 1452 2256 1579 2297; x_wconf 86' lang='lat' dir='ltr'><strong>istum</strong></span> <span class='ocrx_word' id='word_1_327' title='bbox 1613 2259 1762 2314; x_wconf 81' lang='lat' dir='ltr'><strong>paucis</strong></span> 
     </span>
     <span class='ocr_line' id='line_1_38' title="bbox 327 2303 1762 2365; baseline 0.009 -21"><span class='ocrx_word' id='word_1_328' title='bbox 327 2303 443 2346; x_wconf 89' lang='lat' dir='ltr'><strong>horis</strong></span> <span class='ocrx_word' id='word_1_329' title='bbox 481 2307 629 2362; x_wconf 83' lang='lat' dir='ltr'><strong>primae</strong></span> <span class='ocrx_word' id='word_1_330' title='bbox 665 2308 864 2363; x_wconf 75' lang='lat' dir='ltr'><strong>aetionis,</strong></span> <span class='ocrx_word' id='word_1_331' title='bbox 892 2314 1086 2354; x_wconf 89' lang='lat' dir='ltr'><strong>omnium</strong></span> <span class='ocrx_word' id='word_1_332' title='bbox 1117 2314 1359 2356; x_wconf 77' lang='lat' dir='ltr'><strong>mortalium</strong></span> <span class='ocrx_word' id='word_1_333' title='bbox 1392 2313 1628 2365; x_wconf 89' lang='lat' dir='ltr'><strong>sententiis,</strong></span> <span class='ocrx_word' id='word_1_334' title='bbox 1659 2329 1762 2356; x_wconf 87' lang='lat' dir='ltr'><strong>con·</strong></span> 
     </span>
     <span class='ocr_line' id='line_1_39' title="bbox 325 2361 1762 2428; baseline 0.008 -26"><span class='ocrx_word' id='word_1_335' title='bbox 325 2361 541 2404; x_wconf 84' lang='lat' dir='ltr'><strong>demnavi.</strong></span> <span class='ocrx_word' id='word_1_336' title='bbox 603 2364 833 2421; x_wconf 88' lang='lat' dir='ltr'><strong>Reliquum</strong></span> <span class='ocrx_word' id='word_1_337' title='bbox 860 2368 1076 2424; x_wconf 86' lang='lat' dir='ltr'><strong>judicium</strong></span> <span class='ocrx_word' id='word_1_338' title='bbox 1108 2386 1193 2412; x_wconf 89' lang='lat' dir='ltr'><strong>non</strong></span> <span class='ocrx_word' id='word_1_339' title='bbox 1217 2372 1311 2427; x_wconf 83' lang='lat' dir='ltr'><strong>jam</strong></span> <span class='ocrx_word' id='word_1_340' title='bbox 1344 2371 1395 2412; x_wconf 92' lang='lat' dir='ltr'><strong>de</strong></span> <span class='ocrx_word' id='word_1_341' title='bbox 1425 2384 1520 2412; x_wconf 87' lang='lat' dir='ltr'><strong>mea</strong></span> <span class='ocrx_word' id='word_1_342' title='bbox 1542 2370 1639 2423; x_wconf 84' lang='lat' dir='ltr'><strong>fide,</strong></span> <span class='ocrx_word' id='word_1_343' title='bbox 1664 2386 1762 2428; x_wconf 84' lang='lat' dir='ltr'><strong>quae</strong></span> 
     </span>
     <span class='ocr_line' id='line_1_40' title="bbox 325 2426 1761 2484; baseline 0.008 -25"><span class='ocrx_word' id='word_1_344' title='bbox 325 2431 551 2480; x_wconf 84' lang='lat' dir='ltr'><strong>perspecta</strong></span> <span class='ocrx_word' id='word_1_345' title='bbox 579 2432 657 2473; x_wconf 87' lang='lat' dir='ltr'><strong>est,</strong></span> <span class='ocrx_word' id='word_1_346' title='bbox 688 2438 826 2480; x_wconf 88' lang='lat' dir='ltr'><strong>neque</strong></span> <span class='ocrx_word' id='word_1_347' title='bbox 856 2426 978 2468; x_wconf 83' lang='lat' dir='ltr'><strong>istius</strong></span> <span class='ocrx_word' id='word_1_348' title='bbox 1009 2429 1112 2479; x_wconf 83' lang='lat' dir='ltr'><strong>vita,</strong></span> <span class='ocrx_word' id='word_1_349' title='bbox 1135 2443 1231 2484; x_wconf 83' lang='lat' dir='ltr'><strong>quae</strong></span> <span class='ocrx_word' id='word_1_350' title='bbox 1263 2429 1465 2470; x_wconf 87' lang='lat' dir='ltr'><strong>damnata</strong></span> <span class='ocrx_word' id='word_1_351' title='bbox 1484 2436 1576 2481; x_wconf 83' lang='lat' dir='ltr'><strong>est3</strong></span> <span class='ocrx_word' id='word_1_352' title='bbox 1608 2429 1680 2470; x_wconf 87' lang='lat' dir='ltr'><strong>scd</strong></span> <span class='ocrx_word' id='word_1_353' title='bbox 1707 2430 1761 2471; x_wconf 89' lang='lat' dir='ltr'><strong>de</strong></span> 
     </span>
     <span class='ocr_line' id='line_1_41' title="bbox 282 2476 1759 2543; baseline 0.008 -27"><span class='ocrx_word' id='word_1_354' title='bbox 282 2476 558 2529; x_wconf 76' lang='lat' dir='ltr'><strong>b.Judicibus,</strong></span> <span class='ocrx_word' id='word_1_355' title='bbox 589 2489 647 2530; x_wconf 89' lang='lat' dir='ltr'><strong>et,</strong></span> <span class='ocrx_word' id='word_1_356' title='bbox 671 2495 767 2522; x_wconf 87' lang='lat' dir='ltr'><strong>vere</strong></span> <span class='ocrx_word' id='word_1_357' title='bbox 801 2492 848 2523; x_wconf 88' lang='lat' dir='ltr'><strong>ut</strong></span> <span class='ocrx_word' id='word_1_358' title='bbox 881 2483 1036 2536; x_wconf 82' lang='lat' dir='ltr'><strong>dicam,</strong></span> <span class='ocrx_word' id='word_1_359' title='bbox 1067 2486 1118 2526; x_wconf 90' lang='lat' dir='ltr'><strong>de</strong></span> <span class='ocrx_word' id='word_1_360' title='bbox 1149 2496 1190 2527; x_wconf 86' lang='lat' dir='ltr'><strong>te</strong></span> <span class='ocrx_word' id='word_1_361' title='bbox 1220 2485 1410 2527; x_wconf 89' lang='lat' dir='ltr'><strong>futurum</strong></span> <span class='ocrx_word' id='word_1_362' title='bbox 1440 2493 1518 2527; x_wconf 87' lang='lat' dir='ltr'><strong>est.</strong></span> <span class='ocrx_word' id='word_1_363' title='bbox 1577 2484 1637 2528; x_wconf 90' lang='lat' dir='ltr'><strong>At</strong></span> <span class='ocrx_word' id='word_1_364' title='bbox 1672 2501 1759 2543; x_wconf 91' lang='lat' dir='ltr'><strong>quo</strong></span> 
     </span>
     <span class='ocr_line' id='line_1_42' title="bbox 328 2536 1759 2600; baseline 0.01 -28"><span class='ocrx_word' id='word_1_365' title='bbox 328 2542 522 2591; x_wconf 86' lang='lat' dir='ltr'><strong>tempore</strong></span> <span class='ocrx_word' id='word_1_366' title='bbox 552 2536 743 2580; x_wconf 81' lang='lat' dir='ltr'><strong>futurum</strong></span> <span class='ocrx_word' id='word_1_367' title='bbox 774 2542 865 2583; x_wconf 78' lang='lat' dir='ltr'><strong>est?</strong></span> <span class='ocrx_word' id='word_1_368' title='bbox 896 2545 1012 2593; x_wconf 88' lang='lat' dir='ltr'><strong>(nam</strong></span> <span class='ocrx_word' id='word_1_369' title='bbox 1046 2543 1087 2584; x_wconf 91' lang='lat' dir='ltr'><strong>id</strong></span> <span class='ocrx_word' id='word_1_370' title='bbox 1120 2544 1309 2585; x_wconf 81' lang='lat' dir='ltr'><strong>maxime</strong></span> <span class='ocrx_word' id='word_1_371' title='bbox 1338 2543 1649 2600; x_wconf 88' lang='lat' dir='ltr'><strong>providendum</strong></span> <span class='ocrx_word' id='word_1_372' title='bbox 1671 2553 1759 2587; x_wconf 86' lang='lat' dir='ltr'><strong>est:</strong></span> 
     </span>
    </p>
   </div>
   <div class='ocr_carea' id='block_1_3' title="bbox 323 2674 1759 2810">
    <p class='ocr_par' dir='ltr' id='par_1_6' title="bbox 323 2674 1759 2810">
     <span class='ocr_line' id='line_1_43' title="bbox 367 2674 1759 2726; baseline 0.012 -25"><span class='ocrx_word' id='word_1_373' title='bbox 367 2674 407 2703; x_wconf 73' lang='lat'><strong>85</strong></span> <span class='ocrx_word' id='word_1_374' title='bbox 422 2684 461 2703; x_wconf 60' lang='grc' dir='ltr'><strong>αν</strong></span> <span class='ocrx_word' id='word_1_375' title='bbox 482 2677 538 2706; x_wconf 75' lang='lat' dir='ltr'><strong>hoc</strong></span> <span class='ocrx_word' id='word_1_376' title='bbox 562 2679 625 2708; x_wconf 83' lang='lat' dir='ltr'><strong>Ioco</strong></span> <span class='ocrx_word' id='word_1_377' title='bbox 649 2680 773 2719; x_wconf 82' lang='lat' dir='ltr'><strong>monen]</strong></span> <span class='ocrx_word' id='word_1_378' title='bbox 798 2681 927 2722; x_wconf 85' lang='lat' dir='ltr'><strong>Nempe</strong></span> <span class='ocrx_word' id='word_1_379' title='bbox 946 2693 1021 2713; x_wconf 77' lang='lat' dir='ltr'><strong>cum</strong></span> <span class='ocrx_word' id='word_1_380' title='bbox 1108 2686 1147 2716; x_wconf 87' lang='grc'><strong>86</strong></span> <span class='ocrx_word' id='word_1_381' title='bbox 1174 2695 1244 2724; x_wconf 77' lang='lat' dir='ltr'><strong>quoe</strong></span> <span class='ocrx_word' id='word_1_382' title='bbox 1256 2684 1472 2725; x_wconf 73' lang='lat' dir='ltr'><strong>adjudicium</strong></span> <span class='ocrx_word' id='word_1_383' title='bbox 1483 2685 1665 2726; x_wconf 75' lang='lat' dir='ltr'><strong>pertinent]</strong></span> <span class='ocrx_word' id='word_1_384' title='bbox 1695 2686 1759 2718; x_wconf 83' lang='lat' dir='ltr'><strong>Re-</strong></span> 
     </span>
     <span class='ocr_line' id='line_1_44' title="bbox 325 2715 1758 2770; baseline 0.01 -26"><span class='ocrx_word' id='word_1_385' title='bbox 325 2715 472 2762; x_wconf 62' lang='lat' dir='ltr'><strong>nondum</strong></span> <span class='ocrx_word' id='word_1_386' title='bbox 503 2718 541 2764; x_wconf 58' lang='lat' dir='ltr'><strong>‘le&#39;</strong></span> <span class='ocrx_word' id='word_1_387' title='bbox 564 2719 635 2750; x_wconf 82' lang='lat' dir='ltr'><strong>loco</strong></span> <span class='ocrx_word' id='word_1_388' title='bbox 651 2724 808 2761; x_wconf 78' lang='lat' dir='ltr'><strong>superiori</strong></span> <span class='ocrx_word' id='word_1_389' title='bbox 829 2734 887 2764; x_wconf 87' lang='lat' dir='ltr'><strong>pro</strong></span> <span class='ocrx_word' id='word_1_390' title='bbox 908 2726 1020 2756; x_wconf 86' lang='lat' dir='ltr'><strong>rostris</strong></span> <span class='ocrx_word' id='word_1_391' title='bbox 1064 2729 1148 2756; x_wconf 81' lang='lat' dir='ltr'><strong>etius</strong></span> <span class='ocrx_word' id='word_1_392' title='bbox 1156 2729 1353 2766; x_wconf 76' lang='lat' dir='ltr'><strong>pertineant.</strong></span> <span class='ocrx_word' id='word_1_393' title='bbox 1390 2728 1442 2757; x_wconf 86' lang='lat' dir='ltr'><strong>Sic</strong></span> <span class='ocrx_word' id='word_1_394' title='bbox 1456 2728 1519 2759; x_wconf 88' lang='lat' dir='ltr'><strong>Ms.</strong></span> <span class='ocrx_word' id='word_1_395' title='bbox 1537 2729 1600 2760; x_wconf 90' lang='lat' dir='ltr'><strong>Gu.</strong></span> <span class='ocrx_word' id='word_1_396' title='bbox 1627 2729 1758 2770; x_wconf 79' lang='lat' dir='ltr'><strong>Recepi.</strong></span> 
     </span>
     <span class='ocr_line' id='line_1_45' title="bbox 323 2757 1757 2810; baseline 0.012 -25"><span class='ocrx_word' id='word_1_397' title='bbox 323 2757 483 2797; x_wconf 82' lang='lat' dir='ltr'><strong>d1c0,quo</strong></span> <span class='ocrx_word' id='word_1_398' title='bbox 496 2759 642 2792; x_wconf 73' lang='lat' dir='ltr'><strong>dicturus</strong></span> <span class='ocrx_word' id='word_1_399' title='bbox 652 2773 725 2794; x_wconf 86' lang='lat' dir='ltr'><strong>sum</strong></span> <span class='ocrx_word' id='word_1_400' title='bbox 739 2765 779 2795; x_wconf 90' lang='lat' dir='ltr'><strong>ad</strong></span> <span class='ocrx_word' id='word_1_401' title='bbox 789 2768 961 2806; x_wconf 86' lang='lat' dir='ltr'><strong>populum:</strong></span> <span class='ocrx_word' id='word_1_402' title='bbox 980 2779 1019 2798; x_wconf 88' lang='lat' dir='ltr'><strong>ne</strong></span> <span class='ocrx_word' id='word_1_403' title='bbox 1105 2772 1141 2803; x_wconf 76' lang='grc'><strong>87</strong></span> <span class='ocrx_word' id='word_1_404' title='bbox 1172 2770 1271 2810; x_wconf 51' lang='lat' dir='ltr'><strong>‚Quod</strong></span> <span class='ocrx_word' id='word_1_405' title='bbox 1290 2771 1376 2800; x_wconf 79' lang='lat' dir='ltr'><strong>enim</strong></span> <span class='ocrx_word' id='word_1_406' title='bbox 1399 2771 1605 2810; x_wconf 70' lang='lat' dir='ltr'><strong>»te—cogites]</strong></span> <span class='ocrx_word' id='word_1_407' title='bbox 1652 2771 1757 2802; x_wconf 82' lang='lat' dir='ltr'><strong>Accu-</strong></span> 
     </span>
    </p>
   </div>
   <div class='ocr_carea' id='block_1_4' title="bbox 321 2797 1768 2929">
    <p class='ocr_par' dir='ltr' id='par_1_7' title="bbox 321 2797 1768 2929">
     <span class='ocr_line' id='line_1_46' title="bbox 323 2797 1768 2853; baseline 0.01 -25"><span class='ocrx_word' id='word_1_408' title='bbox 323 2797 404 2829; x_wconf 82' lang='lat' dir='ltr'><strong>mihi</strong></span> <span class='ocrx_word' id='word_1_409' title='bbox 425 2809 552 2848; x_wconf 67' lang='lat' dir='ltr'><strong>necesse</strong></span> <span class='ocrx_word' id='word_1_410' title='bbox 563 2807 619 2840; x_wconf 84' lang='lat' dir='ltr'><strong>sit,</strong></span> <span class='ocrx_word' id='word_1_411' title='bbox 643 2806 681 2836; x_wconf 89' lang='lat' dir='ltr'><strong>de</strong></span> <span class='ocrx_word' id='word_1_412' title='bbox 695 2817 734 2836; x_wconf 84' lang='lat' dir='ltr'><strong>ea</strong></span> <span class='ocrx_word' id='word_1_413' title='bbox 747 2817 780 2838; x_wconf 87' lang='lat' dir='ltr'><strong>re</strong></span> <span class='ocrx_word' id='word_1_414' title='bbox 804 2809 889 2848; x_wconf 85' lang='lat' dir='ltr'><strong>apud</strong></span> <span class='ocrx_word' id='word_1_415' title='bbox 914 2821 1016 2850; x_wconf 81' lang='lat' dir='ltr'><strong>popu·</strong></span> <span class='ocrx_word' id='word_1_416' title='bbox 1061 2816 1130 2841; x_wconf 76' lang='lat' dir='ltr'><strong>rate</strong></span> <span class='ocrx_word' id='word_1_417' title='bbox 1157 2813 1286 2851; x_wconf 67' lang='lat' dir='ltr'><strong>cogites,</strong></span> <span class='ocrx_word' id='word_1_418' title='bbox 1316 2822 1382 2842; x_wconf 89' lang='lat' dir='ltr'><strong>non</strong></span> <span class='ocrx_word' id='word_1_419' title='bbox 1405 2814 1537 2851; x_wconf 76' lang='lat' dir='ltr'><strong>cogitas.</strong></span> <span class='ocrx_word' id='word_1_420' title='bbox 1581 2813 1768 2853; x_wconf 57' lang='lat' dir='ltr'><strong>Optativus,</strong></span> 
     </span>
     <span class='ocr_line' id='line_1_47' title="bbox 323 2840 1758 2896; baseline 0.011 -26"><span class='ocrx_word' id='word_1_421' title='bbox 323 2840 393 2870; x_wconf 76' lang='lat' dir='ltr'><strong>lum</strong></span> <span class='ocrx_word' id='word_1_422' title='bbox 417 2842 533 2892; x_wconf 58' lang='lat' dir='ltr'><strong>dicere.</strong></span> <span class='ocrx_word' id='word_1_423' title='bbox 577 2847 663 2878; x_wconf 81' lang='lat' dir='ltr'><strong>Ante</strong></span> <span class='ocrx_word' id='word_1_424' title='bbox 685 2858 743 2888; x_wconf 88' lang='lat' dir='ltr'><strong>pro</strong></span> <span class='ocrx_word' id='word_1_425' title='bbox 758 2851 786 2879; x_wconf 79' lang='lat' dir='ltr'><strong>si</strong></span> <span class='ocrx_word' id='word_1_426' title='bbox 802 2853 857 2890; x_wconf 74' lang='lat' dir='ltr'><strong>qui</strong></span> <span class='ocrx_word' id='word_1_427' title='bbox 879 2853 949 2883; x_wconf 85' lang='lat' dir='ltr'><strong>edd.</strong></span> <span class='ocrx_word' id='word_1_428' title='bbox 966 2863 1010 2892; x_wconf 86' lang='lat' dir='ltr'><strong>pr,</strong></span> <span class='ocrx_word' id='word_1_429' title='bbox 1058 2853 1248 2885; x_wconf 70' lang='lat' dir='ltr'><strong>Graecorum</strong></span> <span class='ocrx_word' id='word_1_430' title='bbox 1267 2855 1473 2896; x_wconf 80' lang='lat' dir='ltr'><strong>exprimitur.</strong></span> <span class='ocrx_word' id='word_1_431' title='bbox 1495 2863 1528 2885; x_wconf 83' lang='lat' dir='ltr'><strong>et</strong></span> <span class='ocrx_word' id='word_1_432' title='bbox 1548 2860 1598 2886; x_wconf 81' lang='lat' dir='ltr'><strong>est</strong></span> <span class='ocrx_word' id='word_1_433' title='bbox 1619 2857 1758 2887; x_wconf 76' lang='lat' dir='ltr'><strong>comiter</strong></span> 
     </span>
     <span class='ocr_line' id='line_1_48' title="bbox 321 2882 1191 2929; baseline 0.016 -16"><span class='ocrx_word' id='word_1_434' title='bbox 321 2882 442 2916; x_wconf 80' lang='lat' dir='ltr'><strong>habent</strong></span> <span class='ocrx_word' id='word_1_435' title='bbox 458 2895 545 2926; x_wconf 74' lang='lat' dir='ltr'><strong>qum.</strong></span> <span class='ocrx_word' id='word_1_436' title='bbox 1055 2895 1191 2929; x_wconf 81' lang='lat' dir='ltr'><strong>dictum.</strong></span> 
     </span>
    </p>
   </div>
   <div class='ocr_carea' id='block_1_5' title="bbox 1884 1791 1907 3138">
    <p class='ocr_par' dir='ltr' id='par_1_8' title="bbox 1884 1791 1907 3138">
     <span class='ocr_line' id='line_1_49' title="bbox 1884 1791 1907 3138; baseline 0 0"><span class='ocrx_word' id='word_1_437' title='bbox 1884 1791 1907 3138; x_wconf 95' lang='lat' dir='ltr'><strong> </strong></span> 
     </span>
    </p>
   </div>
  </div>
 </body>
</html>
