1907 3231
505 129 635 169 ACT.
663 129 715 168 ΙΙ.
751 128 941 167 LIBER
960 128 1251 169 QUINTUS.
1534 133 1613 172 407

162 235 277 278 misi.
334 234 449 277 Volo
478 235 597 276 enim
627 234 735 276 mihi
767 243 905 277 totum
939 249 1030 276 esse
1062 233 1227 275 crimen
1259 233 1343 275 hoc
1376 233 1610 292 integrum.

162 303 231 335 est
258 303 404 336 certus
426 293 560 343 locus,
583 304 700 335 certa
722 292 807 345 leX,
830 302 996 336 certum
1028 291 1231 342 tribunal,
1254 306 1340 346 quo
1371 291 1455 334 hoc
1478 308 1610 334 reser-

162 361 302 393 vetur.

164 430 167 431 ⁷
225 409 324 451 Hac
362 416 484 449 tanta
513 407 662 464 praeda
692 418 859 459 auctus,
889 408 1134 465 mancipiis,
1169 415 1365 464 argentO,
1398 417 1516 448 veste
1545 397 1690 448 10-31

162 467 423 523 cupletatus,
445 465 582 506 nihilo
614 465 865 521 diligentior
894 467 948 508 ad
973 467 1155 508 classem
1176 465 1429 515 ornandam,
1451 465 1609 506 milites
1622 469 1674 502 So

163 524 430 566 revocandos
454 523 716 579 alendosque
745 538 836 565 esse
867 525 1031 581 coepit<
1063 539 1162 565 cum
1196 538 1247 564 ea
1276 537 1341 563 res
1364 537 1451 563 non
1473 522 1612 563 solum

164 582 402 639 provincia»,
426 581 568 632 saluti,
591 596 739 623 verum
761 582 892 624 etiam
910 583 992 639 ipsi
1011 582 1168 638 praedae
1191 595 1283 622 esse
1304 590 1464 638 posset.
1498 579 1614 621 Nam

165 650 318 682 aestate
347 655 530 690 summa,
559 654 646 695 quo
670 649 865 696 tempore
896 640 1026 681 ceteri
1059 648 1264 696 praetores
1296 639 1417 680 obire
1440 638 1615 694 provin-

165 699 295 749 ciam,
318 709 360 740 et
379 712 636 739 concursare
657 708 990 748 consueverunt,
1025 707 1100 739 aut
1130 697 1260 738 etiam
1293 698 1337 738 in
1359 706 1482 737 tanto
1504 710 1615 753 prae-

166 755 330 797 donum
353 765 470 797 metu
504 765 548 797 et
584 755 776 811 periculo
805 756 887 812 ipsi
918 756 1146 811 navigare3
1177 769 1229 795 eo
1252 764 1446 811 tempore
1477 754 1530 795 ad
1553 753 1617 794 lu-

166 815 352 865 xuriam,
388 813 676 869 libidinesque
714 828 825 864 suas,
862 818 904 848 99
921 814 1051 854 domo
1094 828 1171 853 sua
1200 813 1320 868 regia
1351 813 1468 868 [quae
1503 813 1616 868 regis

169 872 377 914 Hieronis
400 871 499 923 fuit,
521 886 607 927 qua
628 880 835 927 praetores
857 870 921 910 uti
941 870 1114 924 solent,]
1146 880 1376 911 contentus
1400 885 1486 911 non
1518 870 1616 911 fuit.

166 929 460 980 tabernacula,
482 927 849 984 quemadmodum
881 937 1165 969 consueverat
1197 928 1466 984 temporibus
1502 928 1619 968 aesti·

168 989 249 1040 vis,
286 987 402 1044 quod
434 996 562 1028 antea
586 986 682 1042 jam
715 986 1025 1037 demonstravi,
1061 986 1275 1027 carbaseis
1309 986 1477 1026 intenta
1497 985 1618 1036 velis,

166 1045 370 1088 collocari
395 1044 529 1100 jussit
551 1045 595 1085 in
625 1043 771 1096 litore3
803 1044 918 1100 quod
937 1054 1003 1085 est.
1024 1043 1124 1085 litus
1147 1044 1191 1085 in
1225 1043 1372 1084 Insula
1394 1043 1618 1099 Syracusis

168 1114 269 1161 post
313 1102 542 1144 Arethusae
586 1102 768 1153 fontem,
801 1112 977 1158 propter
1023 1102 1164 1159 ipsum
1204 1102 1447 1152 introitum,
1488 1111 1618 1157 atque

168 1162 326 1203 ostium
362 1170 526 1217 portus,
557 1174 734 1201 amoeno
774 1175 875 1202 sane
916 1171 959 1201 et
994 1161 1049 1201 ab
1090 1160 1262 1200 arbitris
1305 1168 1471 1201 remoto
1505 1158 1617 1200 loeo.

171 1219 261 1262 Hic
284 1220 374 1260 dies
407 1218 581 1260 aestivos
612 1218 841 1275 sexaginta
864 1227 1038 1274 praetor‚
1063 1217 1211 1274 populi
1239 1217 1424 1258 Romani
1457 1226 1678 1268 custos‚81

169 1278 457 1332 defensorque
480 1277 732 1333 provinciae,
751 1277 813 1316 sie
836 1277 962 1326 vixit,
986 1287 1034 1316 ut
1056 1275 1283 1317 muliebria
1304 1275 1499 1331 quotidie
1516 1289 1621 1318 con-

169 1336 286 1377 vivia
318 1344 475 1385 essent,
512 1334 576 1375 vir
608 1334 885 1375 accumberet
917 1347 1045 1374 nemo
1086 1344 1242 1389 praeter
1273 1334 1415 1390 ipsum
1445 1343 1490 1373 et
1511 1347 1622 1389 prae-

172 1402 389 1435 textatum
414 1392 565 1433 filium.
599 1392 769 1432 tametsi
794 1400 909 1433 recte
928 1392 1019 1432 sine
1041 1392 1301 1447 exceptione
1326 1391 1538 1441 dixeram,
1560 1391 1626 1431 vi-

170 1467 281 1502 rum,
305 1465 403 1492 eum
427 1450 498 1490 isti
519 1458 676 1500 essent,
700 1448 917 1490 neminem
937 1449 1084 1492 fuisse.
1129 1449 1470 1504 Nonnumquam
1493 1449 1626 1490 etiam

171 1510 352 1551 libertus
383 1507 680 1549 Timarchides
719 1506 1023 1548 adhibebatur.
1062 1506 1261 1547 mulieres
1298 1518 1441 1548 autem
1474 1516 1625 1563 nuptae

172 1568 354 1617 nobiles,
380 1575 535 1622 praeter
571 1580 700 1606 unam
737 1565 860 1606 mimi
899 1564 1054 1606 Isidori
1080 1564 1227 1615 filiam,
1250 1579 1379 1620 quam
1404 1566 1500 1615 iste,
1526 1578 1625 1620 pro-

172 1635 268 1682 pter
281 1638 488 1675 amorem,
502 1624 557 1665 ab
579 1623 755 1664 Rhodio
776 1623 956 1664 tibicine
975 1622 1231 1672 abduxerat,
1251 1623 1392 1679 Pippa
1408 1623 1625 1678 quaedam,

174 1697 287 1724 uxor
310 1682 582 1724 AEschrionis
615 1681 899 1737 Syracusani:
932 1682 986 1722 de
1007 1695 1093 1737 qua
1124 1680 1302 1721 muliere
1335 1680 1507 1737 plurimi
1533 1695 1626 1720 ver-

174 1756 259 1793 sus,
282 1741 354 1797 qui
382 1741 423 1781 in
444 1740 567 1781 istius
589 1739 875 1796 cupiditatem
898 1739 1001 1781 facti
1023 1749 1136 1790 sunt,
1155 1749 1247 1780 tota
1269 1738 1417 1779 Sicilia
1438 1737 1626 1794 percele-

162 1801 371 1841 brantur.
434 1797 539 1838 Erat
560 1807 604 1839 et
627 1798 753 1849 lNice,
784 1797 895 1839 facie
925 1797 1102 1848 eximia,
1125 1806 1173 1837 ut
1206 1797 1483 1853 praedicatur,
1515 1805 1688 1840 uxor8‘3

177 1856 425 1899 Cleomenis
459 1856 735 1912 Syracusani.
797 1855 926 1896 Hanc
951 1854 1205 1896 Cleomenes
1238 1855 1302 1895 vir
1323 1855 1521 1895 amabat:
1555 1868 1627 1895 ve·
1640 1855 1671 1885 b·

174 1926 417 1957 rumtamcn
441 1913 570 1969 hujus
590 1913 760 1955 libidini
783 1914 997 1954 adversari
1016 1927 1095 1954 nec
1118 1923 1302 1970 poterat,
1322 1926 1399 1953 nec
1416 1912 1627 1963 audebat3

172 1985 218 2015 et
241 1973 366 2014 simul
389 1973 444 2013 ab
466 1972 549 2013 isto
580 1971 706 2013 donis
731 1971 1038 2028 beneficiisque
1061 1971 1256 2026 plurimis
1284 1970 1630 2011 ¹00devincieba-

175 2043 260 2074 tur.
324 2030 404 2072 Illo
426 2040 571 2071 autem
593 2039 789 2086 tempore
811 2030 907 2081 iste,
928 2030 1098 2069 tametsi
1122 2043 1171 2069 ea
1192 2039 1255 2069 est
1279 2028 1467 2069 hominis
1489 2028 1630 2083 impu-

175 2090 338 2140 dentia,
362 2103 492 2145 quam
524 2089 676 2139 nostis,
708 2088 800 2145 ipse
833 2098 992 2138 tamen,
1024 2102 1123 2128 cum
1158 2087 1221 2127 vir
1252 2096 1364 2127 esset
1387 2086 1628 2142 Syracusis,

176 2162 360 2189 uxorem
384 2147 477 2202 ejus
510 2161 662 2202 parum
695 2154 866 2202 poterat
897 2145 1042 2186 animo
1075 2144 1216 2185 soluto
1248 2159 1297 2185 ac
1320 2143 1456 2184 libero
1489 2154 1555 2184 tot
1585 2144 1630 2184 in

175 2216 275 2248 acta
304 2206 395 2246 dies
427 2219 572 2245 secum
596 2204 768 2244 habere.
823 2202 976 2258 Itaque
995 2203 1223 2259 excogitat
1241 2216 1330 2242 rem
1354 2201 1632 2258 singularem.
1667 2213 1670 2216 ’

176 2278 322 2315 naves,
344 2262 502 2319 quibus
525 2263 693 2318 legatus
718 2260 965 2317 praefuerat,
985 2260 1211 2302 Cleomeni
1236 2259 1387 2301 tradit:
1412 2260 1536 2300 classi
1557 2274 1634 2316 po-

177 2322 269 2379 puli
301 2321 489 2362 Romani
525 2320 805 2361 Cleomenem
826 2319 1145 2374 Syracusanum
1168 2317 1512 2375 praeessejubet‚
1539 2321 1635 2358 lat-

160 2395 261 2437 ·que
284 2380 510 2436 imperare.
555 2377 658 2419 Hoc
679 2391 731 2418 eo
754 2376 875 2428 facit,
893 2386 941 2418 ut
961 2376 1031 2418 ille
1055 2391 1142 2426 non
1162 2376 1299 2417 solum
1323 2376 1493 2416 abesset
1512 2391 1537 2416 a
1558 2375 1634 2417 do-

219 2525 260 2556 99
284 2522 376 2552 domo
403 2531 465 2552 sva
491 2521 600 2560 regia,
628 2516 882 2560 quae—solent]
929 2518 1043 2557 utique
1060 2517 1169 2558 aptius
1185 2516 1282 2547 foret.

177 2565 343 2601 Primum,
366 2566 597 2604 qaue—solent,
620 2570 670 2593 est
694 2563 764 2592 sine
787 2561 886 2592 dubio
976 2563 988 2590 l
1004 2565 1102 2600 atque
1117 2559 1297 2600 imperare]
1312 2558 1432 2600 Recepi
1449 2569 1525 2589 eum
1542 2559 1634 2590 Grae-

176 2607 300 2638 lacinia
325 2612 437 2638 assuta
459 2618 499 2638 ex
521 2606 743 2647 adscriptione
766 2603 888 2644 glossa·
931 2604 984 2633 vio
1013 2602 1192 2634 lectionem
1219 2601 1362 2632 duorum
1388 2602 1468 2632 Mss.
1498 2608 1533 2632 et
1570 2603 1635 2633 Gu.

177 2650 294 2680 torise
310 2649 370 2687 lv,
387 2653 438 2681 53.
460 2654 500 2680 ut
523 2659 622 2689 supra
645 2659 675 2679 c.
700 2649 749 2679 19..
777 2648 889 2686 itaque
933 2647 1013 2676 olim
1030 2647 1203 2687 probatam
1220 2645 1400 2683 Lambino,
1424 2654 1498 2684 quae
1520 2650 1554 2675 ct
1566 2646 1637 2676 sine

178 2693 274 2723 uncis
287 2692 417 2723 inclusi.
461 2693 525 2723 Sed
539 2692 640 2722 etiam
656 2701 718 2722 suu
734 2700 800 2720 non
816 2690 886 2730 pla·
931 2688 1022 2718 libris
1039 2687 1226 2729 recipienda
1240 2693 1320 2718 erat.
1335 2697 1413 2717 nam
1427 2687 1563 2727 vulgata
1574 2689 1636 2718 im-

179 2739 248 2765 cet:
274 2744 342 2765 non
369 2735 540 2772 convenit,
570 2744 636 2775 qua
657 2738 814 2774 pretores
837 2733 887 2762 uti
924 2736 1025 2772 perat
1041 2732 1138 2773 plane
1152 2729 1272 2769 frigida
1283 2735 1344 2761 est.
1351 2729 1449 2770 jubet
1464 2735 1562 2770 atque
1575 2732 1636 2762 im-

179 2779 294 2808 solent.
339 2777 402 2808 Sed
425 2782 460 2809 et
485 2778 549 2808 hoc
571 2777 723 2818 spurium
746 2774 887 2806 videtur.
925 2780 1038 2814 perat.
1084 2774 1144 2804 Est
1159 2773 1193 2803 in
1209 2772 1316 2805 altera
1328 2783 1458 2812 quoque
1473 2774 1638 2814 imperare

182 2829 260 2850 nam
275 2819 337 2851 hoc
349 2830 477 2860 quoque
490 2820 617 2850 dictum
632 2825 666 2849 et
680 2823 887 2849 notumerat.
932 2816 1158 2857 pleonasmuS,
1175 2815 1232 2846 sed
1247 2816 1375 2856 numeri
1389 2825 1486 2847 causa
1507 2816 1637 2855 adsum·

227 2865 286 2893 100
309 2862 566 2902 devinciebatur]
585 2863 618 2892 Si
633 2861 708 2892 libri
717 2861 889 2901 juvarent,
933 2864 999 2890 tus.

181 2904 318 2936 mallem
351 2905 587 2936 deliniebat-ur:
621 2903 710 2944 quod
738 2903 816 2934 huie
844 2903 891 2933 rei

825 2945 967 2987 nd4
