1907 3231
575 111 694 149 PRO
720 112 767 150 A.
796 109 1119 151 CLUENTIQ
1495 112 1582 154 572·

125 215 212 258 tia?
242 229 317 272 per
341 229 480 280 'quem
513 229 643 271 porro
675 216 853 258 datum?
893 215 1006 258 unde
1039 217 1253 257 sumtum?
1284 230 1382 270 quae
1415 215 1571 257 deinde

123 273 381 329 interceptio
403 273 570 329 poculi?
602 288 678 315 cur
700 289 786 315 non
808 274 891 315 de
882 286 1052 331 integro
1075 282 1219 314 autem
1241 272 1417 315 datum?
1451 273 1572 314 Mul-

123 341 169 372 ta
199 340 313 382 sunt,
335 345 432 386 quae
462 331 548 371 dici
583 343 789 387 possunt.
822 332 895 373 sed
925 347 1012 373 non
1039 331 1332 394 committam,
1354 340 1402 371 ut
1424 330 1571 371 videar

123 403 212 429 non
234 388 417 430 dicendo
442 388 626 429 voluisse
649 389 806 430 dicere
829 404 893 430 res
923 389 1038 430 enim
1055 389 1148 443 jam
1171 403 1214 429 se
1237 388 1330 443 ipsa
1351 387 1568 428 defendat.

125 446 269 503 Nego,
293 445 411 486 illum
435 445 766 498 adolescentem,
790 462 918 502 quem
941 447 1087 488 statim
1120 455 1250 501 epoto
1274 445 1430 501 poculo
1455 447 1658 485 mor-168

125 511 248 544 tuum
270 516 360 543 esse
382 502 570 554 dixistis,
593 505 770 546 omnino
795 505 866 546 illo
889 505 958 545 die
988 519 1079 545 esse
1105 513 1339 544 mor.tuum
1362 516 1569 557 magnum

124 570 168 601 et
189 560 415 616 impudens
441 562 728 603 mendacium.
793 562 1033 618 Perspicite
1063 572 1218 602 ceter.a
1281 560 1411 610 Dico,
1434 536 1570 610 illum,

125 631 224 660 cum
246 618 298 658 ad
320 617 422 658 illud
445 619 674 674 prandium
696 620 869 661 crudior
888 620 1088 670 venisset,
1111 628 1167 669 et,
1193 628 1238 659 ut
1257 627 1361 659 aetas
1378 617 1449 658 illa
1471 616 1570 667 f,ert

124 674 262 715 ⁴351b1
285 685 430 716 tamen
451 691 538 717 non
563 678 845 732 pepercisset3
877 677 1042 732 aliquot
1063 677 1152 718 dies
1177 687 1423 732 aegrotasse,
1445 685 1489 715 et
1511 675 1572 715 ita
1588 674 1621 706 b.

127 745 219 773 esse
240 742 474 774 mortuum.
538 735 648 781 Quis
682 734 782 775 huic
814 735 873 775 rei
905 735 1024 775 testis
1052 737 1140 775 est?
1172 734 1302 784 idem,
1325 748 1398 788 qui
1421 732 1486 773 sui
1509 732 1573 773 lu-

126 799 236 843 ctus,
262 801 405 846 pater:
439 800 575 848 pater,
604 792 794 846 inquam,
824 791 934 832 illius
962 792 1270 832 adolescentis:
1303 805 1446 845 quem,
1475 805 1576 846 pro-

127 855 222 906 pter
255 848 389 889 animi
423 848 630 898 dolorem,
653 849 870 904 pertenuis
902 849 1091 904 suspicio
1126 849 1338 912 potuisset
1371 852 1411 882 74
1424 862 1478 888 ex
1502 848 1575 889 illo

127 906 223 946 loco
247 914 401 947 testem
424 906 468 947 in
490 906 544 946 A.
569 905 819 947 Cluentium
843 907 1129 947 constituere:
1163 921 1202 946 ι5
1222 905 1335 946 hunc
1356 920 1433 945 suo
1458 906 1578 946 testi-

129 966 278 1005 monio
302 963 510 1004 sublevat.
534 964 649 1018 quod
670 964 817 1004 recita.
869 964 934 1006 Tu
958 974 1119 1013 autem,
1142 963 1224 1004 nisi
1246 962 1476 1003 molestum
1498 972 1578 1013 est,

129 1021 414 1078 7⁵paullisper
435 1034 635 1077 exsurge,
658 1033 700 1062 et
723 1021 864 1077 perfer
894 1022 1008 1062 hunc
1041 1021 1233 1062 cloloxein
1267 1035 1581 1062 commemora-

132 1077 262 1119 tionis
299 1078 573 1120 necessaiiae:
608 1079 650 1119 in
679 1093 765 1134 qua
793 1093 876 1135 ego
907 1080 1068 1120 diutius
1103 1093 1189 1120 non
1223 1079 1440 1143 moiabor,
1471 1093 1580 1142 quo-.-

130 1135 262 1187 niam,
297 1136 413 1191 quod
445 1135 531 1176 fuit
563 1136 643 1177 viri
681 1138 852 1192 optimi,
886 1136 1043 1187 iecisti,
1066 1137 1129 1177 uti
1164 1151 1217 1177 ne
1251 1136 1320 1177 cui
1355 1135 1578 1176 innocenti

131 1207 295 1234 moeror
318 1204 415 1234 tuus
439 1193 728 1235 calamitatem
751 1204 795 1235 et
817 1194 972 1235 falsum
998 1195 1162 1236 crimen
1195 1193 1382 1235 afferret.
1412 1206 1580 1235 TEsT1-

133 1263 344 1292 MONIUM
372 1265 611 1293 BALBUTII
639 1265 833 1293 PATRIS.

189 1308 338 1350 Unum
359 1308 490 1349 etiam
511 1309 618 1350 mihi
641 1309 851 1365 reliquum
874 1309 1087 1365 ejusmodi
1110 1308 1272 1349 crimen
1295 1319 1373 1360 est,
1390 1299 1658 1364 judices,61

134 1380 190 1407 ex
213 1381 299 1422 quo
322 1366 425 1407 illud
453 1367 694 1423 perspicere
728 1367 916 1423 possitis,
940 1367 1057 1422 quod
1081 1381 1106 1407 a
1131 1381 1198 1407 me
1221 1367 1346 1408 initio
1369 1366 1576 1408 mationis
1593 1378 1669 1416 169

134 1438 244 1465 meae
267 1424 432 1466 dictum
455 1433 543 1466 est:
576 1425 784 1479 quidquid
809 1425 907 1465 mali
927 1439 1002 1480 per
1021 1425 1096 1466 hos
1119 1439 1254 1465 annos
1276 1423 1330 1465 A.
1353 1424 1580 1466 Cluentius

135 1481 305 1533 viderit,
327 1481 538 1537 quidquid
560 1481 645 1522 hoc
668 1490 863 1538 tempore
880 1482 1037 1523 habeat
1055 1481 1358 1522 sollicitudinis
1375 1497 1425 1523 ac
1448 1496 1583 1538 nego-

137 1539 202 1590 tii,
225 1538 269 1580 id
298 1554 426 1580 omne
451 1554 476 1579 a
502 1548 640 1580 matre
663 1554 754 1580 esse
782 1540 1036 1581 conflatum.
1100 1538 1395 1595 Oppianicum
1417 1553 1585 1580 veneno

135 1605 337 1639 necatum
359 1611 465 1647 esse,
488 1597 604 1652 quod
635 1598 674 1638 ei
704 1598 853 1638 datum
888 1598 944 1638 sit
976 1598 1021 1638 in
1052 1611 1162 1653 pane
1185 1611 1260 1653 per
1284 1596 1352 1637 M.
1375 1596 1586 1638 Asellium

135 1654 366 1710 quendam,
403 1654 659 1696 familiarem
702 1655 839 1697 illius:
873 1655 1002 1710 idque
1041 1654 1162 1695 Aviti
1199 1654 1381 1696 consilio
1421 1654 1588 1695 factum

136 1726 242 1765 esse,
266 1712 426 1754 dicitis.
477 1712 528 1753 In
551 1727 637 1768 quo
662 1713 849 1768 primum
872 1712 974 1753 illud
999 1727 1162 1768 quaero,
1184 1727 1282 1767 quae
1305 1727 1434 1754 causa
1451 1711 1588 1753 Avito

136 1769 282 1821 suerit,
304 1785 380 1811 cur
401 1770 643 1811 interficere
666 1770 964 1826 Oppianicum
985 1770 1127 1811 vellet.
1188 1770 1446 1811 Inimicitias
1469 1770 1586 1811 enim

136 1828 249 1876 inter
287 1827 404 1883 ipsos
443 1828 574 1868 fuisse
612 1830 848 1870 confiteor:
886 1828 958 1869 sed
997 1828 1210 1879 homines,
1248 1827 1449 1869 inimicos
1486 1842 1586 1869 suos

138 1894 279 1927 morte
312 1885 427 1927 affici
463 1885 626 1937 volunt,
653 1886 720 1927 vel
754 1886 870 1941 quod
905 1896 1119 1936 metuunt,
1143 1885 1209 1927 vel
1242 1886 1357 1940 quod
1387 1886 1586 1927 oderunt.

141 1943 242 1989 Quo
268 1943 440 1984 tandem
463 1944 596 1999 igitur
618 1943 774 1985 Avitus
798 1953 916 1985 metu
948 1944 1173 1995 adductus,
1199 1953 1366 1984 tantum
1391 1943 1434 1984 in
1457 1958 1501 1984 se
1523 1943 1586 1983 fa·
1601 1951 1676 1990 170

139 2001 261 2042 cinus
285 2001 500 2057 suscipere
521 2010 702 2042 conatus
735 2005 822 2044 est?
854 2002 958 2057 quid
986 2011 1089 2051 erat,
1113 2001 1229 2056 quod
1255 2001 1350 2056 jam
1374 2000 1590 2057 Oppiani-

140 2073 240 2100 cum
263 2073 398 2115 poena
419 2058 623 2100 affectum
645 2074 722 2116 pro
748 2059 984 2110 maleficiis,
1003 2060 1191 2114 ejectum
1213 2074 1236 2100 e
1259 2059 1451 2110 civitate,
1473 2059 1591 2114 quis·
1635 2079 1638 2082 ⁴

139 2131 268 2172 quam
302 2117 497 2158 timeret?
536 2117 639 2172 quid
670 2118 913 2159 metuebat?
945 2118 1053 2158 Tfine
1086 2127 1412 2173 oppugnaretur
1442 2132 1466 2158 a
1498 2131 1592 2172 per-

139 2175 261 2216 dito?
293 2189 347 2214 an
371 2189 423 2215 nc
442 2184 715 2216 accusaretur
738 2191 762 2216 a
783 2176 1102 2216 condemnato?
1134 2189 1188 2215 an
1211 2190 1264 2215 ne
1288 2174 1447 2215 exsulis
1471 2174 1592 2215 testi-

139 2231 290 2273 monio
319 2231 576 2274 laederetur?
609 2232 684 2273 Sin
714 2241 873 2283 autem,
907 2233 1023 2287 quod
1053 2232 1203 2273 oderat
1230 2232 1402 2283 Avitus,
1425 2232 1592 2272 idcirco

142 2289 263 2332 illum
286 2289 376 2331 vita
408 2290 492 2330 frui
525 2289 689 2343 noluit3
723 2290 887 2331 adeone
917 2299 1007 2331 erat
1031 2289 1201 2342 stultus,
1224 2299 1273 2331 ut
1305 2289 1437 2342 illam,
1462 2304 1593 2345 quam

183 2423 224 2455 73
247 2421 308 2452 5ἱότὶ
323 2425 435 2452 tamen
454 2431 518 2452 non
527 2421 735 2462 pepercisset]
759 2421 847 2452 Con·
890 2422 1028 2452 recitare
1043 2425 1180 2452 stantes.
1196 2421 1236 2452 cf.
1251 2432 1278 2452 c
1292 2421 1342 2456 69.
1361 2420 1446 2452 med

134 2463 282 2504 jeceram
291 2463 370 2494 olim
382 2469 493 2494 tamen
503 2475 562 2505 pro
576 2469 648 2494 tum
658 2464 847 2504 legendum.
933 2465 974 2498 76
997 2474 1037 2494 ne
1051 2475 1152 2504 oppuo
1154 2469 1300 2495 narretur
1319 2474 1340 2494 α
1356 2474 1392 2504 [ι.
1396 2464 1408 2504 ]
1426 2463 1480 2494 Sic
1494 2461 1597 2493 edidi-

144 2505 262 2546 Reperi
277 2506 418 2537 deinde‘
411 2516 445 2536 in
461 2507 511 2537 ed.
530 2510 621 2540 1471.
892 2516 965 2537 mus
981 2517 1020 2537 ex
1036 2507 1108 2538 edd.
1126 2517 1174 2548 pr.
1196 2510 1285 2538 1480.
1307 2506 1395 2537 Med.
1409 2512 1449 2536 ut
1464 2505 1596 2536 volebat

187 2551 228 2582 74
243 2558 283 2579 ex
296 2549 352 2579 illo
368 2550 445 2589 loco]
463 2550 560 2589 Quo?
580 2559 622 2580 an
634 2550 799 2586 subsellio,
814 2549 849 2580 in
893 2548 1086 2587 Lambinus,
1108 2559 1167 2590 pro
1189 2550 1325 2589 vulgato
1339 2554 1388 2580 ut.
1432 2548 1597 2579 Putabam

143 2599 208 2629 quo
235 2590 388 2622 sedebat?
420 2592 498 2622 Non
527 2593 682 2622 convenit
712 2593 848 2623 verbum
889 2596 928 2622 uc
944 2592 1087 2632 intelligi
1102 2602 1195 2633 posse
1209 2593 1371 2631 quamvis,
1386 2592 1414 2622 si
1428 2592 1575 2622 maxime
1585 2602 1596 2620 .-

133 2634 304 2672 potuisset.
336 2634 463 2674 Sylvius
476 2635 612 2675 conjicit
626 2637 734 2665 lucta.
751 2635 846 2672 bene,
891 2633 947 2664 sed
973 2636 1189 2666 manifestum
1216 2639 1280 2672 est,
1311 2635 1506 2666 Ciceronem
1529 2634 1597 2664 tria

143 2680 181 2705 ut
196 2676 325 2717 opinor.
348 2676 474 2707 Luctus
487 2683 618 2718 poterat
632 2688 652 2717 p
656 2684 761 2708 ati-em
778 2688 848 2708 mo-
890 2677 1049 2718 posuisse,
1075 2687 1149 2717 quae
1186 2687 1252 2708 non
1286 2678 1404 2708 timere
1432 2676 1596 2713 debuerit,

142 2727 230 2755 vere,
245 2723 283 2748 ut
298 2724 432 2759 propter
444 2720 550 2751 levem
563 2721 784 2761 suspicionem
799 2725 848 2751 te·
892 2720 1037 2760 primurn
1050 2729 1165 2760 genus,
1181 2721 1379 2760 oppugnari,
1394 2718 1510 2750 deinde
1522 2728 1598 2760 par·

142 2760 202 2790 stis
217 2761 321 2791 fieret.
891 2768 954 2800 tes,
971 2772 1139 2800 aec-usare,
1162 2764 1288 2794 testari.
1333 2763 1423 2794 Nam
1447 2771 1524 2792 mox
1545 2761 1598 2792 his

185 2805 227 2836 75
247 2804 432 2844 paullisper
449 2804 602 2844 exsurge]
629 2805 759 2846 Nempe
773 2814 849 2835 cum
893 2805 1093 2845 respondent
1115 2807 1193 2843 tria,
1210 2806 1375 2843 damnati,
1389 2805 1522 2841 exsulis,
1543 2803 1598 2834 de-

145 2846 378 2877 testimonium
406 2846 458 2877 vel
496 2847 643 2878 laudatio
683 2847 851 2878 recitanda
893 2849 982 2880 serti.
1029 2848 1194 2880 Ultimum
1209 2849 1384 2891 respondet
1391 2848 1533 2889 μετ-ἀίω.

143 2893 228 2925 erat,
245 2898 377 2929 surgere
400 2888 439 2920 de
464 2889 620 2921 subsellio
640 2889 802 2921 debebant
815 2895 850 2921 et
