1907 3231
442 93 564 130 ACT.
591 92 644 130 11.
681 91 867 129 LIBER
898 90 1228 129 SECUNDUS.
1482 96 1555 132 193

120 193 317 236 decessit.
378 194 433 236 Et
456 204 596 236 tamen
620 195 743 250 ajunt
774 210 872 236 eum
898 193 1017 248 queri
1052 192 1184 234 solere
1213 207 1550 251 nonnumquam,
1562 209 1614 246 49

120 265 165 292 se
186 252 402 302 miserum,
424 253 539 307 quod
559 267 643 293 non
667 253 767 303 suis,
799 251 870 292 sed
894 265 1066 292 suorum
1090 249 1276 306 peccatis
1299 259 1341 291 et
1363 253 1554 294 crimini-

121 308 199 348 bus
237 319 466 364 prematur.
527 308 777 350 Triennium
816 308 1081 364 provinciam
1122 307 1373 348 obtinuisti:
1421 323 1554 364 gener

117 364 277 406 electus
309 365 554 406 adolescens
593 381 724 407 unum
756 379 914 406 annum
949 374 1089 406 tecum
1123 363 1228 405 fuit:
1261 364 1439 415 sodales,
1472 366 1550 408 viri

117 420 263 472 fortes,
294 421 422 478 legati
457 423 517 463 tui
552 424 690 479 primo
717 438 829 464 anno
856 432 896 463 te
926 422 1209 477 reliquerunt:
1243 436 1351 461 unus
1383 421 1549 477 legatus

117 477 167 520 P.
186 477 359 533 Tadius,
391 480 463 534 qui
487 491 576 521 erat
609 481 808 536 reliquus,
841 494 925 520 non
958 479 1018 520 ita
1049 479 1233 519 multum
1263 487 1406 519 tecum
1440 478 1546 522 fuit:

113 534 187 590 qui
199 535 239 590 *si
261 550 427 592 semper
450 552 534 577 una
555 537 718 588 fnisset,
742 547 883 578 tamen
907 550 1073 577 summa
1093 551 1195 577 cura
1216 544 1307 576 tum
1329 545 1430 587 tuae,
1453 544 1546 578 tum

112 592 248 633 multo
270 594 398 634 etiam
421 594 558 650 magis
582 610 669 636 suae
692 594 818 635 famae
843 594 1116 650 pepercisset.
1177 592 1295 640 Quid
1317 601 1395 644 est,
1428 592 1544 649 quod

111 657 156 688 tu
180 649 284 690 alios
305 655 506 693 accuses?
536 652 639 707 quid
662 662 739 702 est,
771 651 1049 706 quamobrem
1072 659 1195 706 putes
1228 659 1270 691 te
1303 658 1420 691 tuam
1453 651 1544 692 cul-

108 719 209 760 pam
231 721 318 748 non
340 708 469 748 modo
495 709 686 750 derivare
712 709 753 749 in
777 708 977 763 aliquem,
1010 708 1083 748 sed
1104 707 1422 748 communicare
1443 721 1543 749 cum

109 761 242 804 altero
263 768 413 820 posse?
465 766 756 807 Numerantur
780 765 849 806 illa
881 764 978 805 H-S
1012 764 1197 805 ducenta
1228 764 1605 821 quinquaginta5o

102 818 401 874 ‘Syracusanis
421 836 470 863 ea
491 822 852 878 quemadmodum
873 822 925 863 ad
948 821 1076 862 istum
1100 832 1248 877 postea
1266 836 1341 878 per
1359 822 1541 878 pseudo—

106 875 281 932 thyrum
303 889 582 932 revertantur,
615 880 770 921 tabulis
796 880 932 931 vobis,
963 887 1007 920 et
1029 879 1224 931 testibus,
1241 879 1428 934 judices,
1449 879 1542 935 pla·

104 947 207 974 num
230 934 401 977 faciam.

163 989 233 1032 Ex
275 993 355 1035 hac
391 993 619 1049 iniquitate
647 994 769 1034 istius
811 1003 854 1035 et
891 993 1183 1050 improbitate,
1206 992 1392 1048 judices,
1422 990 1619 1049 quodssl

102 1049 249 1104 praeda
270 1064 323 1091 ex
345 1050 426 1090 illis
450 1051 573 1091 bonis
595 1052 648 1092 ad
681 1051 839 1092 multos
875 1050 1180 1106 Syracusanos,
1212 1051 1348 1092 invito
1377 1051 1536 1107 populo
1549 1069 1580 1099 p.
1600 1062 1669 1094 119-

96 1116 337 1162 ,senatuque
360 1108 643 1163 Syracusano,
675 1117 862 1162 venerat,
896 1107 966 1149 illa
999 1108 1157 1150 scelera
1186 1122 1260 1163 per
1291 1107 1537 1149 Theomna-
1550 1112 1579 1132 ἃ·

102 1171 231 1214 stum,
254 1174 296 1204 et
317 1164 634 1217 EEmhrionem,
655 1176 699 1206 et
722 1163 1089 1221 Dionysodorum,
1112 1175 1155 1205 et
1178 1165 1455 1207 Cleomenem
1473 1166 1537 1206 in-

102 1219 313 1261 vitissima
333 1222 508 1263 civitate
530 1222 645 1263 facta
666 1232 779 1274 sunt,
810 1223 998 1279 primum
1027 1232 1075 1263 ut
1097 1223 1197 1262 urbs
1222 1231 1314 1263 tota
1334 1223 1538 1279 spoliare-

103 1285 185 1328 tur,
208 1292 292 1333 qua
309 1279 360 1320 de
383 1294 426 1320 re
447 1280 553 1320 alius
574 1280 681 1321 mihi
701 1281 818 1321 locus
841 1279 893 1320 ad
916 1280 1147 1321 dicendum
1168 1289 1233 1320 est
1251 1281 1536 1322 constitutus:

99 1343 148 1374 ut
170 1335 315 1376 omnia
336 1336 459 1392 signa
481 1337 560 1378 iste
582 1352 655 1393 per
676 1352 748 1378 eos
772 1336 981 1388 homines,
1012 1351 1119 1393 quos
1145 1337 1376 1388 nominavi,
1409 1351 1536 1378 omne

97 1391 204 1432 ebur
224 1407 279 1433 ex
301 1393 466 1434 aedibus
490 1395 634 1446 sacris,
665 1409 813 1436 omnes
836 1394 1025 1450 undique
1058 1394 1224 1435 tabulas
1254 1394 1405 1449 pictas,
1433 1394 1535 1435 deo-

97 1462 191 1490 rum
213 1449 397 1506 denique
430 1451 668 1502 simulacra,
700 1467 795 1507 quae
828 1451 968 1502 vellet,
999 1451 1210 1492 auferret:
1243 1451 1397 1492 deinde
1419 1459 1466 1491 ut
1488 1451 1533 1492 in

97 1505 216 1547 curia
237 1507 473 1563 SyracusiS‚
503 1523 631 1564 quem
668 1509 810 1550 locuni
845 1508 904 1549 illi
938 1508 1224 1549 buleuterium
1249 1516 1418 1558 vocant,
1455 1506 1534 1549 ho-

90 1563 337 1607 nestissimo
368 1565 479 1617 loco,
509 1575 552 1607 et
588 1566 700 1623 apud
735 1566 829 1607 illos
861 1566 1111 1617 clarissimo,
1144 1565 1217 1606 ubi
1252 1565 1364 1606 illius
1398 1565 1532 1621 ipsius

96 1618 165 1661 M.
202 1620 413 1674 Marcelli,
443 1623 537 1678 (qui
567 1638 664 1664 eum
700 1624 979 1680 Syracusanis
1011 1623 1169 1673 locum,
1201 1637 1330 1678 quem
1367 1624 1533 1678 eripere

85 1677 195 1722 ,belli
214 1694 264 1720 ac
294 1680 487 1722 victoriae
509 1680 602 1737 lege
631 1690 789 1737 posset,
820 1681 1091 1723 conservavit
1119 1689 1163 1720 et
1191 1679 1411 1731 reddidit,)
1447 1689 1534 1720 sta-

95 1743 169 1776 tua
188 1750 243 1777 ex
266 1751 350 1778 aere
366 1736 501 1791 facta;
533 1739 593 1780 ibi
613 1739 852 1780 inauratam
869 1738 954 1789 isti,
978 1748 1022 1779 et
1041 1737 1218 1779 alteram
1237 1736 1326 1778 filio
1345 1745 1531 1778 statuam

91 1793 336 1848 posuerint:
369 1804 432 1846 ut,
461 1795 565 1836 dum
585 1796 708 1837 istius
737 1796 926 1837 hominis
948 1795 1156 1836 memoria
1177 1802 1383 1845 maneret,
1407 1808 1530 1835 sena-

92 1859 160 1891 tus
184 1850 476 1906 Syracusanus
498 1853 589 1895 sine
617 1853 816 1910 lacrymis
849 1863 893 1894 et
925 1853 1090 1909 gemitu
1121 1852 1164 1892 in
1187 1851 1307 1892 curia
1327 1865 1418 1892 esse
1440 1866 1528 1893 non

89 1918 249 1962 posset.
312 1908 589 1964 Per-eosdem
610 1910 733 1952 istius
761 1910 1030 1966 injuriarum,
1062 1909 1290 1960 furtorum,
1322 1916 1586 1950 uxorum-51

89 1979 173 2019 que
213 1966 367 2018 socios,
398 1967 520 2008 istius
558 1968 740 2025 imperio
783 1967 1006 2024 Syracusis
1047 1965 1283 2007 Marcellea
1320 1965 1531 2007 tolluntur

82 2023 282 2066 ,maximo
303 2025 469 2080 gemitu
495 2024 698 2081 luctuque
731 2025 942 2067 civitatis:
974 2039 1103 2080 quem
1132 2023 1192 2064 illi
1224 2023 1338 2064 diem
1369 2022 1529 2064 festum

87 2094 187 2121 cum
208 2082 249 2113 56
258 2082 501 2123 recentibus
522 2083 740 2124 beneficiis
764 2082 816 2124 C.
839 2081 1039 2123 Marcelli
1062 2081 1257 2122 debitum
1278 2080 1528 2131 reddebant,

88 2146 180 2178 tum
205 2139 366 2195 generi,
397 2140 577 2191 nomini,
610 2139 784 2181 fainiliae
816 2138 1124 2181 Marcellorum
1154 2137 1346 2178 maxima
1376 2136 1528 2178 volun-

87 2202 175 2236 tate
195 2196 458 2237 tribuebant.
510 2197 789 2238 Mithridates
812 2197 856 2237 in
879 2197 997 2247 Asia,
1019 2210 1118 2237 cum
1140 2209 1235 2236 eam
1258 2194 1527 2250 provinciam

87 2261 222 2294 totam
245 2263 511 2310 occupasset,
544 2254 696 2296 Mucia
717 2269 805 2295 non
828 2254 1012 2294 sustulit.
1067 2252 1235 2302 Hostis,
1257 2261 1300 2291 et
1323 2251 1458 2291 hostis
1481 2251 1526 2292 in

84 2310 236 2351 ceteris
259 2312 385 2364 rebus
407 2311 534 2352 nimis
558 2311 671 2354 ferus
705 2319 747 2352 et
781 2311 996 2361 immanis,
1027 2318 1171 2350 tamen
1204 2308 1414 2349 honorem
1444 2308 1526 2349 ho-

84 2367 227 2418 minis,
268 2368 446 2410 deorum
487 2369 694 2425 religione
736 2377 1048 2416 consecratum,
1081 2366 1240 2407 violare
1280 2365 1444 2406 noluit:
1477 2373 1524 2406 tu

85 2423 375 2479 Syracusanos
403 2441 534 2467 unum
554 2428 666 2467 diem
698 2425 855 2466 festum
886 2423 1105 2465 Marcellis
1138 2423 1360 2478 impertire
1381 2422 1522 2463 nolui-

84 2482 160 2534 sti;
192 2497 266 2537 per
286 2498 394 2538 quos
421 2482 480 2524 illi
503 2483 646 2540 adepti
672 2491 784 2534 sunt,
816 2493 863 2523 ut
886 2491 1049 2523 ceteros
1080 2480 1168 2520 dies
1204 2480 1335 2520 festos
1357 2479 1522 2535 agitare

83 2550 272 2593 possent.
331 2539 393 2580 At
425 2555 525 2582 vero
548 2541 800 2598 praeclarum
822 2543 859 2574 57
871 2540 985 2580 diem
1017 2537 1260 2593 reposuisti,
1292 2536 1451 2577 Verrea
1473 2546 1520 2577 ut
1532 2544 1581 2580 52

124 2711 164 2742 56
185 2713 364 2743 recentibus
389 2713 438 2744 M.
470 2713 625 2744 Marcelli
658 2711 773 2753 benef]
820 2711 886 2742 rexi
901 2712 958 2741 sic.

70 2753 182 2784 Recte
197 2755 326 2784 monuit
341 2756 492 2792 Ursinus,
508 2756 715 2790 scribendum
730 2765 779 2785 es·
866 2757 904 2787 57
918 2754 1003 2783 diem
1016 2750 1199 2792 reposuisti]
1216 2749 1332 2781 Delevi
1345 2759 1420 2781 curn
1432 2749 1523 2783 Gne-

79 2804 114 2825 se
140 2795 177 2825 C.
206 2795 367 2834 Marcelli,
392 2800 485 2839 eujus
506 2798 665 2828 beneficia
685 2801 782 2828 erant
823 2797 875 2826 vio
891 2797 970 2835 iuis,
985 2795 1071 2836 quod
1086 2793 1178 2826 abest
1192 2793 1282 2824 libris
1297 2792 1471 2825 veteribus.

77 2837 238 2874 recentia,
262 2848 290 2867 ν.
313 2847 412 2880 supra
435 2851 464 2872 c.
487 2842 518 2872 3.
569 2840 687 2880 ltaque
712 2849 782 2871 cor-

146 2893 255 2921 VOL.
282 2894 336 2922 11.
797 2894 826 2921 0
