<?xml version="1.0" encoding="UTF-8"?>
<!DOCTYPE html PUBLIC "-//W3C//DTD XHTML 1.0 Transitional//EN"
    "http://www.w3.org/TR/xhtml1/DTD/xhtml1-transitional.dtd">
<html xmlns="http://www.w3.org/1999/xhtml" xml:lang="en" lang="en">
 <head>
  <title>
</title>
<meta http-equiv="Content-Type" content="text/html;charset=utf-8" />
  <meta name='ocr-system' content='tesseract 3.04.00' />
  <meta name='ocr-capabilities' content='ocr_page ocr_carea ocr_par ocr_line ocrx_word'/>
</head>
<body>
  <div class='ocr_page' id='page_1' title='image "./p1operaomnia02ciceuoft_0225.png"; bbox 0 0 1907 3231; ppageno 0'>
   <div class='ocr_carea' id='block_1_1' title="bbox 434 124 1542 166">
    <p class='ocr_par' dir='ltr' id='par_1_1' title="bbox 434 124 1542 166">
     <span class='ocr_line' id='line_1_1' title="bbox 434 124 1542 166; baseline -0.002 -2"><span class='ocrx_word' id='word_1_1' title='bbox 434 127 558 166; x_wconf 82' lang='lat' dir='ltr'>ACT.</span> <span class='ocrx_word' id='word_1_2' title='bbox 586 128 637 166; x_wconf 85' lang='lat'>11.</span> <span class='ocrx_word' id='word_1_3' title='bbox 679 125 868 164; x_wconf 87' lang='lat' dir='ltr'>LIBER</span> <span class='ocrx_word' id='word_1_4' title='bbox 894 124 1222 166; x_wconf 85' lang='lat' dir='ltr'>SECUNDUS.</span> <span class='ocrx_word' id='word_1_5' title='bbox 1467 127 1542 164; x_wconf 75' lang='lat'>201</span> 
     </span>
    </p>
   </div>
   <div class='ocr_carea' id='block_1_2' title="bbox 98 227 1674 2408">
    <p class='ocr_par' dir='ltr' id='par_1_2' title="bbox 98 227 1674 2174">
     <span class='ocr_line' id='line_1_2' title="bbox 119 227 1605 286; baseline -0.002 -15"><span class='ocrx_word' id='word_1_6' title='bbox 119 230 324 281; x_wconf 80' lang='lat' dir='ltr'>adessem,</span> <span class='ocrx_word' id='word_1_7' title='bbox 351 231 535 286; x_wconf 82' lang='lat' dir='ltr'>rogavit.</span> <span class='ocrx_word' id='word_1_8' title='bbox 569 239 612 271; x_wconf 89' lang='lat' dir='ltr'>et</span> <span class='ocrx_word' id='word_1_9' title='bbox 643 230 768 272; x_wconf 87' lang='lat' dir='ltr'>simul</span> <span class='ocrx_word' id='word_1_10' title='bbox 799 245 824 271; x_wconf 84' lang='lat' dir='ltr'>a</span> <span class='ocrx_word' id='word_1_11' title='bbox 857 229 1065 271; x_wconf 76' lang='lat' dir='ltr'>subselliis</span> <span class='ocrx_word' id='word_1_12' title='bbox 1092 230 1211 270; x_wconf 89' lang='lat' dir='ltr'>abire</span> <span class='ocrx_word' id='word_1_13' title='bbox 1242 227 1395 284; x_wconf 84' lang='lat' dir='ltr'>coepit.</span> <span class='ocrx_word' id='word_1_14' title='bbox 1456 227 1605 273; x_wconf 77' lang='lat' dir='ltr'>Iste73</span> 
     </span>
     <span class='ocr_line' id='line_1_3' title="bbox 114 286 1545 343; baseline -0.002 -15"><span class='ocrx_word' id='word_1_15' title='bbox 114 287 259 338; x_wconf 82' lang='lat' dir='ltr'>iratus,</span> <span class='ocrx_word' id='word_1_16' title='bbox 285 288 500 328; x_wconf 86' lang='lat' dir='ltr'>hominem</span> <span class='ocrx_word' id='word_1_17' title='bbox 524 289 662 329; x_wconf 90' lang='lat' dir='ltr'>verbis</span> <span class='ocrx_word' id='word_1_18' title='bbox 687 288 1077 329; x_wconf 73' lang='lat' dir='ltr'>vehementioribus</span> <span class='ocrx_word' id='word_1_19' title='bbox 1108 286 1393 343; x_wconf 82' lang='lat' dir='ltr'>prosequitur,</span> <span class='ocrx_word' id='word_1_20' title='bbox 1415 296 1545 340; x_wconf 83' lang='lat' dir='ltr'>atque</span> 
     </span>
     <span class='ocr_line' id='line_1_4' title="bbox 113 342 1542 401; baseline -0.003 -16"><span class='ocrx_word' id='word_1_21' title='bbox 113 344 151 385; x_wconf 83' lang='lat' dir='ltr'>ei</span> <span class='ocrx_word' id='word_1_22' title='bbox 175 345 344 400; x_wconf 82' lang='lat' dir='ltr'>gravius</span> <span class='ocrx_word' id='word_1_23' title='bbox 367 345 496 385; x_wconf 88' lang='lat' dir='ltr'>etiam</span> <span class='ocrx_word' id='word_1_24' title='bbox 528 346 679 386; x_wconf 85' lang='lat' dir='ltr'>minari</span> <span class='ocrx_word' id='word_1_25' title='bbox 713 346 865 401; x_wconf 86' lang='lat' dir='ltr'>coepit,</span> <span class='ocrx_word' id='word_1_26' title='bbox 888 345 1002 400; x_wconf 87' lang='lat' dir='ltr'>quod</span> <span class='ocrx_word' id='word_1_27' title='bbox 1033 344 1076 385; x_wconf 87' lang='lat' dir='ltr'>in</span> <span class='ocrx_word' id='word_1_28' title='bbox 1108 358 1152 384; x_wconf 89' lang='lat' dir='ltr'>se</span> <span class='ocrx_word' id='word_1_29' title='bbox 1182 353 1345 383; x_wconf 87' lang='lat' dir='ltr'>tantum</span> <span class='ocrx_word' id='word_1_30' title='bbox 1382 342 1542 382; x_wconf 82' lang='lat' dir='ltr'>crimen</span> 
     </span>
     <span class='ocr_line' id='line_1_5' title="bbox 116 399 1628 457; baseline -0.002 -15"><span class='ocrx_word' id='word_1_31' title='bbox 116 402 406 456; x_wconf 83' lang='lat' dir='ltr'>invidiamque</span> <span class='ocrx_word' id='word_1_32' title='bbox 429 402 650 442; x_wconf 81' lang='lat' dir='ltr'>conflaret.</span> <span class='ocrx_word' id='word_1_33' title='bbox 711 402 948 451; x_wconf 80' lang='lat' dir='ltr'>Minucius,</span> <span class='ocrx_word' id='word_1_34' title='bbox 972 402 1045 457; x_wconf 91' lang='lat' dir='ltr'>qui</span> <span class='ocrx_word' id='word_1_35' title='bbox 1069 401 1289 457; x_wconf 79' lang='lat' dir='ltr'>Syracusis</span> <span class='ocrx_word' id='word_1_36' title='bbox 1322 399 1382 440; x_wconf 88' lang='lat' dir='ltr'>sic</span> <span class='ocrx_word' id='word_1_37' title='bbox 1410 412 1543 454; x_wconf 81' lang='lat' dir='ltr'>nego·</span> <span class='ocrx_word' id='word_1_38' title='bbox 1555 408 1628 454; x_wconf 80' lang='lat'>30</span> 
     </span>
     <span class='ocr_line' id='line_1_6' title="bbox 114 455 1544 515; baseline -0.002 -17"><span class='ocrx_word' id='word_1_39' title='bbox 114 459 302 508; x_wconf 86' lang='lat' dir='ltr'>tiaretur,</span> <span class='ocrx_word' id='word_1_40' title='bbox 321 468 369 498; x_wconf 91' lang='lat' dir='ltr'>ut</span> <span class='ocrx_word' id='word_1_41' title='bbox 391 459 454 498; x_wconf 92' lang='lat' dir='ltr'>sui</span> <span class='ocrx_word' id='word_1_42' title='bbox 478 459 589 513; x_wconf 83' lang='lat' dir='ltr'>juris</span> <span class='ocrx_word' id='word_1_43' title='bbox 612 459 921 515; x_wconf 81' lang='lat' dir='ltr'>dignitatisque</span> <span class='ocrx_word' id='word_1_44' title='bbox 943 459 1219 508; x_wconf 79' lang='lat' dir='ltr'>meminisset,</span> <span class='ocrx_word' id='word_1_45' title='bbox 1243 465 1286 497; x_wconf 89' lang='lat' dir='ltr'>ct</span> <span class='ocrx_word' id='word_1_46' title='bbox 1306 455 1378 512; x_wconf 88' lang='lat' dir='ltr'>qui</span> <span class='ocrx_word' id='word_1_47' title='bbox 1403 456 1544 506; x_wconf 84' lang='lat' dir='ltr'>sciret,</span> 
     </span>
     <span class='ocr_line' id='line_1_7' title="bbox 113 512 1547 572; baseline -0.002 -17"><span class='ocrx_word' id='word_1_48' title='bbox 113 515 174 555; x_wconf 84' lang='lat' dir='ltr'>ita</span> <span class='ocrx_word' id='word_1_49' title='bbox 195 529 238 555; x_wconf 87' lang='lat' dir='ltr'>se</span> <span class='ocrx_word' id='word_1_50' title='bbox 260 515 302 555; x_wconf 88' lang='lat' dir='ltr'>in</span> <span class='ocrx_word' id='word_1_51' title='bbox 326 516 549 571; x_wconf 80' lang='lat' dir='ltr'>provincia</span> <span class='ocrx_word' id='word_1_52' title='bbox 570 520 609 551; x_wconf 82' lang='lat'>79</span> <span class='ocrx_word' id='word_1_53' title='bbox 624 531 711 556; x_wconf 88' lang='lat' dir='ltr'>rem</span> <span class='ocrx_word' id='word_1_54' title='bbox 733 531 889 572; x_wconf 81' lang='lat' dir='ltr'>augere</span> <span class='ocrx_word' id='word_1_55' title='bbox 911 527 1122 572; x_wconf 78' lang='lat' dir='ltr'>oportere,</span> <span class='ocrx_word' id='word_1_56' title='bbox 1145 525 1192 557; x_wconf 90' lang='lat' dir='ltr'>ut</span> <span class='ocrx_word' id='word_1_57' title='bbox 1223 528 1275 554; x_wconf 83' lang='lat' dir='ltr'>ne</span> <span class='ocrx_word' id='word_1_58' title='bbox 1297 512 1399 569; x_wconf 87' lang='lat' dir='ltr'>quid</span> <span class='ocrx_word' id='word_1_59' title='bbox 1421 513 1475 553; x_wconf 85' lang='lat' dir='ltr'>de</span> <span class='ocrx_word' id='word_1_60' title='bbox 1496 513 1547 552; x_wconf 85' lang='lat' dir='ltr'>li-</span> 
     </span>
     <span class='ocr_line' id='line_1_8' title="bbox 113 572 1547 628; baseline -0.001 -17"><span class='ocrx_word' id='word_1_61' title='bbox 113 572 276 612; x_wconf 84' lang='lat' dir='ltr'>bertate</span> <span class='ocrx_word' id='word_1_62' title='bbox 298 572 570 628; x_wconf 76' lang='lat' dir='ltr'>deperderct3</span> <span class='ocrx_word' id='word_1_63' title='bbox 601 573 765 614; x_wconf 87' lang='lat' dir='ltr'>homini</span> <span class='ocrx_word' id='word_1_64' title='bbox 789 589 884 628; x_wconf 80' lang='lat' dir='ltr'>quae</span> <span class='ocrx_word' id='word_1_65' title='bbox 917 575 1007 614; x_wconf 85' lang='lat' dir='ltr'>visa</span> <span class='ocrx_word' id='word_1_66' title='bbox 1037 582 1150 624; x_wconf 82' lang='lat' dir='ltr'>sunt,</span> <span class='ocrx_word' id='word_1_67' title='bbox 1172 581 1215 613; x_wconf 89' lang='lat' dir='ltr'>et</span> <span class='ocrx_word' id='word_1_68' title='bbox 1249 585 1344 627; x_wconf 90' lang='lat' dir='ltr'>quae</span> <span class='ocrx_word' id='word_1_69' title='bbox 1378 578 1547 625; x_wconf 83' lang='lat' dir='ltr'>tempus</span> 
     </span>
     <span class='ocr_line' id='line_1_9' title="bbox 112 628 1548 686; baseline -0.001 -17"><span class='ocrx_word' id='word_1_70' title='bbox 112 628 217 669; x_wconf 89' lang='lat' dir='ltr'>illud</span> <span class='ocrx_word' id='word_1_71' title='bbox 241 629 339 669; x_wconf 91' lang='lat' dir='ltr'>tulit</span> <span class='ocrx_word' id='word_1_72' title='bbox 367 639 410 670; x_wconf 84' lang='lat' dir='ltr'>et</span> <span class='ocrx_word' id='word_1_73' title='bbox 441 645 581 681; x_wconf 85' lang='lat' dir='ltr'>causa,</span> <span class='ocrx_word' id='word_1_74' title='bbox 604 631 848 686; x_wconf 80' lang='lat' dir='ltr'>respondit:</span> <span class='ocrx_word' id='word_1_75' title='bbox 881 645 1052 672; x_wconf 79' lang='lat' dir='ltr'>causam</span> <span class='ocrx_word' id='word_1_76' title='bbox 1087 644 1190 680; x_wconf 88' lang='lat' dir='ltr'>sese,</span> <span class='ocrx_word' id='word_1_77' title='bbox 1212 629 1387 671; x_wconf 85' lang='lat' dir='ltr'>dimisso</span> <span class='ocrx_word' id='word_1_78' title='bbox 1419 637 1548 681; x_wconf 82' lang='lat' dir='ltr'>atque</span> 
     </span>
     <span class='ocr_line' id='line_1_10' title="bbox 113 684 1545 743; baseline -0.001 -18"><span class='ocrx_word' id='word_1_79' title='bbox 113 686 312 741; x_wconf 79' lang='lat' dir='ltr'>ablegato</span> <span class='ocrx_word' id='word_1_80' title='bbox 345 687 540 739; x_wconf 82' lang='lat' dir='ltr'>consilio,</span> <span class='ocrx_word' id='word_1_81' title='bbox 574 687 848 728; x_wconf 83' lang='lat' dir='ltr'>defensurum</span> <span class='ocrx_word' id='word_1_82' title='bbox 881 688 1069 743; x_wconf 80' lang='lat' dir='ltr'>negavit.</span> <span class='ocrx_word' id='word_1_83' title='bbox 1105 688 1248 742; x_wconf 83' lang='lat' dir='ltr'>itaque</span> <span class='ocrx_word' id='word_1_84' title='bbox 1283 700 1308 726; x_wconf 84' lang='lat' dir='ltr'>a</span> <span class='ocrx_word' id='word_1_85' title='bbox 1336 684 1545 725; x_wconf 84' lang='lat' dir='ltr'>subselliis</span> 
     </span>
     <span class='ocr_line' id='line_1_11' title="bbox 112 741 1543 800; baseline -0.001 -18"><span class='ocrx_word' id='word_1_86' title='bbox 112 741 330 785; x_wconf 81' lang='lat' dir='ltr'>discessit:</span> <span class='ocrx_word' id='word_1_87' title='bbox 356 744 553 800; x_wconf 84' lang='lat' dir='ltr'>idemque</span> <span class='ocrx_word' id='word_1_88' title='bbox 575 744 672 795; x_wconf 88' lang='lat' dir='ltr'>hoc,</span> <span class='ocrx_word' id='word_1_89' title='bbox 694 753 848 799; x_wconf 61' lang='lat' dir='ltr'>praeter</span> <span class='ocrx_word' id='word_1_90' title='bbox 871 745 1051 796; x_wconf 86' lang='lat' dir='ltr'>Siculos,</span> <span class='ocrx_word' id='word_1_91' title='bbox 1071 744 1201 786; x_wconf 84' lang='lat' dir='ltr'>ceteri</span> <span class='ocrx_word' id='word_1_92' title='bbox 1222 741 1391 798; x_wconf 83' lang='lat' dir='ltr'>Sopatri</span> <span class='ocrx_word' id='word_1_93' title='bbox 1416 741 1543 782; x_wconf 78' lang='lat' dir='ltr'>amici</span> 
     </span>
     <span class='ocr_line' id='line_1_12' title="bbox 111 798 1604 856; baseline 0.001 -16"><span class='ocrx_word' id='word_1_94' title='bbox 111 799 394 856; x_wconf 80' lang='lat' dir='ltr'>advocatique</span> <span class='ocrx_word' id='word_1_95' title='bbox 422 801 629 843; x_wconf 88' lang='lat' dir='ltr'>fecerunt.</span> <span class='ocrx_word' id='word_1_96' title='bbox 692 801 792 852; x_wconf 85' lang='lat' dir='ltr'>Iste,</span> <span class='ocrx_word' id='word_1_97' title='bbox 816 816 1073 856; x_wconf 84' lang='lat' dir='ltr'>quamquam</span> <span class='ocrx_word' id='word_1_98' title='bbox 1097 809 1161 841; x_wconf 85' lang='lat' dir='ltr'>est</span> <span class='ocrx_word' id='word_1_99' title='bbox 1191 798 1430 841; x_wconf 82' lang='lat' dir='ltr'>incredibili</span> <span class='ocrx_word' id='word_1_100' title='bbox 1463 799 1542 839; x_wconf 90' lang='lat' dir='ltr'>im·</span> <span class='ocrx_word' id='word_1_101' title='bbox 1554 810 1604 848; x_wconf 74' lang='lat'>‘74</span> 
     </span>
     <span class='ocr_line' id='line_1_13' title="bbox 110 857 1674 917; baseline -0.001 -21"><span class='ocrx_word' id='word_1_102' title='bbox 110 858 376 912; x_wconf 82' lang='lat' dir='ltr'>portunitate</span> <span class='ocrx_word' id='word_1_103' title='bbox 398 871 442 900; x_wconf 87' lang='lat' dir='ltr'>et</span> <span class='ocrx_word' id='word_1_104' title='bbox 463 859 654 909; x_wconf 82' lang='lat' dir='ltr'>audacia,</span> <span class='ocrx_word' id='word_1_105' title='bbox 677 867 818 900; x_wconf 85' lang='lat' dir='ltr'>tamen</span> <span class='ocrx_word' id='word_1_106' title='bbox 852 859 994 899; x_wconf 85' lang='lat' dir='ltr'>subito</span> <span class='ocrx_word' id='word_1_107' title='bbox 1017 859 1130 899; x_wconf 88' lang='lat' dir='ltr'>solus</span> <span class='ocrx_word' id='word_1_108' title='bbox 1153 858 1382 898; x_wconf 87' lang='lat' dir='ltr'>destitutus</span> <span class='ocrx_word' id='word_1_109' title='bbox 1414 857 1544 911; x_wconf 86' lang='lat' dir='ltr'>perti-</span> <span class='ocrx_word' id='word_1_110' title='bbox 1554 868 1586 917; x_wconf 65' lang='lat' dir='ltr'>i&gt;-</span> <span class='ocrx_word' id='word_1_111' title='bbox 1604 859 1674 890; x_wconf 74' lang='lat'>124.</span> 
     </span>
     <span class='ocr_line' id='line_1_14' title="bbox 110 911 1586 972; baseline 0.001 -19"><span class='ocrx_word' id='word_1_112' title='bbox 110 914 221 955; x_wconf 87' lang='lat' dir='ltr'>inuit</span> <span class='ocrx_word' id='word_1_113' title='bbox 242 924 285 956; x_wconf 89' lang='lat' dir='ltr'>et</span> <span class='ocrx_word' id='word_1_114' title='bbox 306 917 586 957; x_wconf 85' lang='lat' dir='ltr'>conturbatus</span> <span class='ocrx_word' id='word_1_115' title='bbox 609 923 686 956; x_wconf 90' lang='lat' dir='ltr'>est.</span> <span class='ocrx_word' id='word_1_116' title='bbox 750 915 865 962; x_wconf 82' lang='lat' dir='ltr'>Quid</span> <span class='ocrx_word' id='word_1_117' title='bbox 896 925 1057 972; x_wconf 83' lang='lat' dir='ltr'>ageret,</span> <span class='ocrx_word' id='word_1_118' title='bbox 1079 930 1164 971; x_wconf 90' lang='lat' dir='ltr'>quo</span> <span class='ocrx_word' id='word_1_119' title='bbox 1187 929 1230 955; x_wconf 89' lang='lat' dir='ltr'>se</span> <span class='ocrx_word' id='word_1_120' title='bbox 1252 922 1450 964; x_wconf 85' lang='lat' dir='ltr'>verteret,</span> <span class='ocrx_word' id='word_1_121' title='bbox 1472 928 1545 954; x_wconf 89' lang='lat' dir='ltr'>ne-</span> <span class='ocrx_word' id='word_1_122' title='bbox 1556 911 1586 931; x_wconf 71' lang='lat'>‘¹‘</span> 
     </span>
     <span class='ocr_line' id='line_1_15' title="bbox 112 970 1546 1029; baseline -0.001 -18"><span class='ocrx_word' id='word_1_123' title='bbox 112 971 290 1013; x_wconf 81' lang='lat' dir='ltr'>sciebat.</span> <span class='ocrx_word' id='word_1_124' title='bbox 351 973 395 1014; x_wconf 86' lang='lat' dir='ltr'>Si</span> <span class='ocrx_word' id='word_1_125' title='bbox 428 973 660 1014; x_wconf 78' lang='lat' dir='ltr'>dimisisset</span> <span class='ocrx_word' id='word_1_126' title='bbox 688 987 739 1013; x_wconf 92' lang='lat' dir='ltr'>eo</span> <span class='ocrx_word' id='word_1_127' title='bbox 779 982 972 1029; x_wconf 89' lang='lat' dir='ltr'>tempore</span> <span class='ocrx_word' id='word_1_128' title='bbox 1001 973 1300 1028; x_wconf 89' lang='lat' dir='ltr'>quaestionem,</span> <span class='ocrx_word' id='word_1_129' title='bbox 1331 978 1429 1026; x_wconf 88' lang='lat' dir='ltr'>post</span> <span class='ocrx_word' id='word_1_130' title='bbox 1464 970 1546 1011; x_wconf 84' lang='lat' dir='ltr'>illis</span> 
     </span>
     <span class='ocr_line' id='line_1_16' title="bbox 111 1027 1545 1086; baseline 0.001 -18"><span class='ocrx_word' id='word_1_131' title='bbox 111 1028 331 1080; x_wconf 84' lang='lat' dir='ltr'>adhibitis,</span> <span class='ocrx_word' id='word_1_132' title='bbox 354 1045 461 1085; x_wconf 89' lang='lat' dir='ltr'>quos</span> <span class='ocrx_word' id='word_1_133' title='bbox 484 1030 717 1086; x_wconf 72' lang='lat' dir='ltr'>ablegaret,</span> <span class='ocrx_word' id='word_1_134' title='bbox 739 1030 981 1071; x_wconf 85' lang='lat' dir='ltr'>absolutum</span> <span class='ocrx_word' id='word_1_135' title='bbox 1011 1031 1060 1071; x_wconf 92' lang='lat' dir='ltr'>iri</span> <span class='ocrx_word' id='word_1_136' title='bbox 1093 1030 1323 1085; x_wconf 75' lang='lat' dir='ltr'>Sopatrum</span> <span class='ocrx_word' id='word_1_137' title='bbox 1350 1027 1545 1069; x_wconf 83' lang='lat' dir='ltr'>videbat:</span> 
     </span>
     <span class='ocr_line' id='line_1_17' title="bbox 110 1085 1547 1143; baseline 0 -18"><span class='ocrx_word' id='word_1_138' title='bbox 110 1085 175 1126; x_wconf 88' lang='lat' dir='ltr'>sin</span> <span class='ocrx_word' id='word_1_139' title='bbox 198 1096 340 1127; x_wconf 86' lang='lat' dir='ltr'>autem</span> <span class='ocrx_word' id='word_1_140' title='bbox 362 1087 579 1128; x_wconf 89' lang='lat' dir='ltr'>hominem</span> <span class='ocrx_word' id='word_1_141' title='bbox 600 1087 801 1128; x_wconf 81' lang='lat' dir='ltr'>miserum</span> <span class='ocrx_word' id='word_1_142' title='bbox 824 1096 951 1143; x_wconf 84' lang='lat' dir='ltr'>atque</span> <span class='ocrx_word' id='word_1_143' title='bbox 974 1087 1248 1129; x_wconf 84' lang='lat' dir='ltr'>innocentem</span> <span class='ocrx_word' id='word_1_144' title='bbox 1267 1085 1547 1126; x_wconf 84' lang='lat' dir='ltr'>condemnas-</span> 
     </span>
     <span class='ocr_line' id='line_1_18' title="bbox 110 1143 1547 1201; baseline -0.001 -18"><span class='ocrx_word' id='word_1_145' title='bbox 110 1143 189 1194; x_wconf 80' lang='lat' dir='ltr'>set,</span> <span class='ocrx_word' id='word_1_146' title='bbox 211 1158 309 1185; x_wconf 91' lang='lat' dir='ltr'>cum</span> <span class='ocrx_word' id='word_1_147' title='bbox 332 1144 423 1201; x_wconf 88' lang='lat' dir='ltr'>ipse</span> <span class='ocrx_word' id='word_1_148' title='bbox 447 1155 606 1200; x_wconf 82' lang='lat' dir='ltr'>praetor</span> <span class='ocrx_word' id='word_1_149' title='bbox 628 1144 718 1184; x_wconf 86' lang='lat' dir='ltr'>sine</span> <span class='ocrx_word' id='word_1_150' title='bbox 741 1144 936 1195; x_wconf 87' lang='lat' dir='ltr'>consilio,</span> <span class='ocrx_word' id='word_1_151' title='bbox 959 1159 1053 1185; x_wconf 89' lang='lat' dir='ltr'>reus</span> <span class='ocrx_word' id='word_1_152' title='bbox 1076 1153 1219 1185; x_wconf 85' lang='lat' dir='ltr'>autem</span> <span class='ocrx_word' id='word_1_153' title='bbox 1251 1143 1342 1183; x_wconf 88' lang='lat' dir='ltr'>sine</span> <span class='ocrx_word' id='word_1_154' title='bbox 1363 1151 1547 1199; x_wconf 84' lang='lat' dir='ltr'>patrono</span> 
     </span>
     <span class='ocr_line' id='line_1_19' title="bbox 110 1200 1547 1257; baseline 0 -17"><span class='ocrx_word' id='word_1_155' title='bbox 110 1208 239 1255; x_wconf 87' lang='lat' dir='ltr'>atque</span> <span class='ocrx_word' id='word_1_156' title='bbox 260 1201 479 1243; x_wconf 83' lang='lat' dir='ltr'>advocatis</span> <span class='ocrx_word' id='word_1_157' title='bbox 503 1201 667 1253; x_wconf 87' lang='lat' dir='ltr'>fuisset,</span> <span class='ocrx_word' id='word_1_158' title='bbox 683 1201 985 1257; x_wconf 85' lang='lat' dir='ltr'>judiciumque</span> <span class='ocrx_word' id='word_1_159' title='bbox 1009 1201 1060 1243; x_wconf 89' lang='lat' dir='ltr'>C.</span> <span class='ocrx_word' id='word_1_160' title='bbox 1085 1201 1328 1243; x_wconf 84' lang='lat' dir='ltr'>Sacerdotis</span> <span class='ocrx_word' id='word_1_161' title='bbox 1351 1200 1547 1241; x_wconf 80' lang='lat' dir='ltr'>rescidis-</span> 
     </span>
     <span class='ocr_line' id='line_1_20' title="bbox 112 1257 1546 1314; baseline -0.001 -16"><span class='ocrx_word' id='word_1_162' title='bbox 112 1265 199 1309; x_wconf 78' lang='lat' dir='ltr'>set3</span> <span class='ocrx_word' id='word_1_163' title='bbox 232 1257 438 1299; x_wconf 84' lang='lat' dir='ltr'>invidiam</span> <span class='ocrx_word' id='word_1_164' title='bbox 470 1273 514 1299; x_wconf 88' lang='lat' dir='ltr'>se</span> <span class='ocrx_word' id='word_1_165' title='bbox 546 1259 752 1299; x_wconf 87' lang='lat' dir='ltr'>sustinere</span> <span class='ocrx_word' id='word_1_166' title='bbox 781 1273 868 1300; x_wconf 92' lang='lat' dir='ltr'>non</span> <span class='ocrx_word' id='word_1_167' title='bbox 895 1273 1019 1314; x_wconf 85' lang='lat' dir='ltr'>posse</span> <span class='ocrx_word' id='word_1_168' title='bbox 1049 1267 1212 1299; x_wconf 82' lang='lat' dir='ltr'>tantam</span> <span class='ocrx_word' id='word_1_169' title='bbox 1244 1258 1546 1298; x_wconf 78' lang='lat' dir='ltr'>arbitrabatur.</span> 
     </span>
     <span class='ocr_line' id='line_1_21' title="bbox 113 1311 1547 1370; baseline 0 -15"><span class='ocrx_word' id='word_1_170' title='bbox 113 1311 266 1370; x_wconf 83' lang='lat' dir='ltr'>Itaque</span> <span class='ocrx_word' id='word_1_171' title='bbox 288 1317 500 1357; x_wconf 84' lang='lat' dir='ltr'>aestuabat</span> <span class='ocrx_word' id='word_1_172' title='bbox 521 1316 816 1357; x_wconf 82' lang='lat' dir='ltr'>dubitatione:</span> <span class='ocrx_word' id='word_1_173' title='bbox 848 1316 1045 1356; x_wconf 85' lang='lat' dir='ltr'>versabat</span> <span class='ocrx_word' id='word_1_174' title='bbox 1073 1330 1117 1356; x_wconf 86' lang='lat' dir='ltr'>se</span> <span class='ocrx_word' id='word_1_175' title='bbox 1139 1316 1182 1356; x_wconf 91' lang='lat' dir='ltr'>in</span> <span class='ocrx_word' id='word_1_176' title='bbox 1206 1324 1429 1369; x_wconf 88' lang='lat' dir='ltr'>utramque</span> <span class='ocrx_word' id='word_1_177' title='bbox 1450 1329 1547 1370; x_wconf 87' lang='lat' dir='ltr'>par-</span> 
     </span>
     <span class='ocr_line' id='line_1_22' title="bbox 111 1373 1546 1428; baseline 0 -16"><span class='ocrx_word' id='word_1_178' title='bbox 111 1379 212 1423; x_wconf 88' lang='lat' dir='ltr'>tem,</span> <span class='ocrx_word' id='word_1_179' title='bbox 244 1387 332 1413; x_wconf 88' lang='lat' dir='ltr'>non</span> <span class='ocrx_word' id='word_1_180' title='bbox 365 1373 501 1414; x_wconf 88' lang='lat' dir='ltr'>solum</span> <span class='ocrx_word' id='word_1_181' title='bbox 534 1382 693 1423; x_wconf 89' lang='lat' dir='ltr'>mente,</span> <span class='ocrx_word' id='word_1_182' title='bbox 725 1387 870 1414; x_wconf 89' lang='lat' dir='ltr'>verum</span> <span class='ocrx_word' id='word_1_183' title='bbox 909 1373 1037 1423; x_wconf 83' lang='lat' dir='ltr'>etiam</span> <span class='ocrx_word' id='word_1_184' title='bbox 1069 1387 1272 1428; x_wconf 87' lang='lat' dir='ltr'>corpore:</span> <span class='ocrx_word' id='word_1_185' title='bbox 1306 1382 1354 1412; x_wconf 91' lang='lat' dir='ltr'>ut</span> <span class='ocrx_word' id='word_1_186' title='bbox 1382 1385 1546 1422; x_wconf 88' lang='lat' dir='ltr'>omnes,</span> 
     </span>
     <span class='ocr_line' id='line_1_23' title="bbox 109 1429 1544 1486; baseline 0 -17"><span class='ocrx_word' id='word_1_187' title='bbox 109 1429 182 1484; x_wconf 87' lang='lat' dir='ltr'>qui</span> <span class='ocrx_word' id='word_1_188' title='bbox 206 1429 396 1480; x_wconf 85' lang='lat' dir='ltr'>aderant,</span> <span class='ocrx_word' id='word_1_189' title='bbox 420 1429 655 1485; x_wconf 82' lang='lat' dir='ltr'>intelligere</span> <span class='ocrx_word' id='word_1_190' title='bbox 675 1439 864 1486; x_wconf 86' lang='lat' dir='ltr'>possent,</span> <span class='ocrx_word' id='word_1_191' title='bbox 886 1429 929 1470; x_wconf 89' lang='lat' dir='ltr'>in</span> <span class='ocrx_word' id='word_1_192' title='bbox 952 1430 1096 1471; x_wconf 88' lang='lat' dir='ltr'>animo</span> <span class='ocrx_word' id='word_1_193' title='bbox 1119 1430 1211 1486; x_wconf 81' lang='lat' dir='ltr'>ejus</span> <span class='ocrx_word' id='word_1_194' title='bbox 1234 1432 1273 1460; x_wconf 81' lang='lat'>80</span> <span class='ocrx_word' id='word_1_195' title='bbox 1287 1438 1448 1469; x_wconf 86' lang='lat' dir='ltr'>metum</span> <span class='ocrx_word' id='word_1_196' title='bbox 1471 1443 1544 1470; x_wconf 89' lang='lat' dir='ltr'>cu-</span> 
     </span>
     <span class='ocr_line' id='line_1_24' title="bbox 107 1485 1544 1547; baseline 0 -21"><span class='ocrx_word' id='word_1_197' title='bbox 107 1485 419 1547; x_wconf 84' lang='lat' dir='ltr'>piditatemque</span> <span class='ocrx_word' id='word_1_198' title='bbox 442 1501 647 1543; x_wconf 82' lang='lat' dir='ltr'>pugnare.</span> <span class='ocrx_word' id='word_1_199' title='bbox 683 1486 786 1528; x_wconf 86' lang='lat' dir='ltr'>Erat</span> <span class='ocrx_word' id='word_1_200' title='bbox 806 1487 1031 1528; x_wconf 88' lang='lat' dir='ltr'>hominum</span> <span class='ocrx_word' id='word_1_201' title='bbox 1054 1495 1292 1528; x_wconf 80' lang='lat' dir='ltr'>conventus</span> <span class='ocrx_word' id='word_1_202' title='bbox 1315 1486 1544 1536; x_wconf 81' lang='lat' dir='ltr'>maximus,</span> 
     </span>
     <span class='ocr_line' id='line_1_25' title="bbox 109 1543 1545 1600; baseline 0 -17"><span class='ocrx_word' id='word_1_203' title='bbox 109 1557 321 1592; x_wconf 88' lang='lat' dir='ltr'>summum</span> <span class='ocrx_word' id='word_1_204' title='bbox 354 1544 585 1596; x_wconf 84' lang='lat' dir='ltr'>silentium,</span> <span class='ocrx_word' id='word_1_205' title='bbox 608 1559 775 1585; x_wconf 87' lang='lat' dir='ltr'>summa</span> <span class='ocrx_word' id='word_1_206' title='bbox 796 1545 1079 1600; x_wconf 86' lang='lat' dir='ltr'>exspectatio,</span> <span class='ocrx_word' id='word_1_207' title='bbox 1102 1558 1288 1600; x_wconf 88' lang='lat' dir='ltr'>quonam</span> <span class='ocrx_word' id='word_1_208' title='bbox 1311 1552 1422 1584; x_wconf 86' lang='lat' dir='ltr'>esset</span> <span class='ocrx_word' id='word_1_209' title='bbox 1451 1543 1545 1598; x_wconf 83' lang='lat' dir='ltr'>ejus</span> 
     </span>
     <span class='ocr_line' id='line_1_26' title="bbox 109 1601 1544 1658; baseline 0 -18"><span class='ocrx_word' id='word_1_210' title='bbox 109 1601 322 1656; x_wconf 86' lang='lat' dir='ltr'>cupiditas</span> <span class='ocrx_word' id='word_1_211' title='bbox 345 1610 560 1658; x_wconf 86' lang='lat' dir='ltr'>eruptura.</span> <span class='ocrx_word' id='word_1_212' title='bbox 584 1603 734 1643; x_wconf 88' lang='lat' dir='ltr'>crebro</span> <span class='ocrx_word' id='word_1_213' title='bbox 756 1601 1003 1643; x_wconf 84' lang='lat' dir='ltr'>dimittebat</span> <span class='ocrx_word' id='word_1_214' title='bbox 1034 1616 1077 1642; x_wconf 92' lang='lat' dir='ltr'>se</span> <span class='ocrx_word' id='word_1_215' title='bbox 1098 1616 1301 1643; x_wconf 84' lang='lat' dir='ltr'>accensus</span> <span class='ocrx_word' id='word_1_216' title='bbox 1323 1601 1376 1642; x_wconf 79' lang='lat' dir='ltr'>ad</span> <span class='ocrx_word' id='word_1_217' title='bbox 1397 1614 1544 1641; x_wconf 85' lang='lat' dir='ltr'>aurem</span> 
     </span>
     <span class='ocr_line' id='line_1_27' title="bbox 107 1656 1604 1715; baseline 0.002 -18"><span class='ocrx_word' id='word_1_218' title='bbox 107 1656 415 1700; x_wconf 84' lang='lat' dir='ltr'>Timarchides.</span> <span class='ocrx_word' id='word_1_219' title='bbox 476 1658 587 1700; x_wconf 88' lang='lat' dir='ltr'>Tum</span> <span class='ocrx_word' id='word_1_220' title='bbox 618 1659 699 1700; x_wconf 87' lang='lat' dir='ltr'>iste</span> <span class='ocrx_word' id='word_1_221' title='bbox 728 1659 972 1714; x_wconf 83' lang='lat' dir='ltr'>aliquando,</span> <span class='ocrx_word' id='word_1_222' title='bbox 995 1658 1105 1715; x_wconf 78' lang='lat' dir='ltr'>Age,</span> <span class='ocrx_word' id='word_1_223' title='bbox 1132 1659 1216 1710; x_wconf 85' lang='lat' dir='ltr'>dic,</span> <span class='ocrx_word' id='word_1_224' title='bbox 1247 1659 1403 1714; x_wconf 87' lang='lat' dir='ltr'>inquit.</span> <span class='ocrx_word' id='word_1_225' title='bbox 1463 1659 1604 1706; x_wconf 82' lang='lat' dir='ltr'>So—‘75</span> 
     </span>
     <span class='ocr_line' id='line_1_28' title="bbox 109 1716 1544 1771; baseline 0.001 -17"><span class='ocrx_word' id='word_1_226' title='bbox 109 1724 254 1770; x_wconf 85' lang='lat' dir='ltr'>patrus</span> <span class='ocrx_word' id='word_1_227' title='bbox 279 1716 505 1771; x_wconf 87' lang='lat' dir='ltr'>implorare</span> <span class='ocrx_word' id='word_1_228' title='bbox 527 1717 751 1757; x_wconf 90' lang='lat' dir='ltr'>hominum</span> <span class='ocrx_word' id='word_1_229' title='bbox 783 1726 911 1771; x_wconf 84' lang='lat' dir='ltr'>atque</span> <span class='ocrx_word' id='word_1_230' title='bbox 933 1717 1061 1757; x_wconf 71' lang='lat' dir='ltr'>desim</span> <span class='ocrx_word' id='word_1_231' title='bbox 1084 1717 1228 1767; x_wconf 88' lang='lat' dir='ltr'>fidem,</span> <span class='ocrx_word' id='word_1_232' title='bbox 1250 1724 1299 1757; x_wconf 88' lang='lat' dir='ltr'>ut</span> <span class='ocrx_word' id='word_1_233' title='bbox 1319 1730 1418 1757; x_wconf 90' lang='lat' dir='ltr'>cum</span> <span class='ocrx_word' id='word_1_234' title='bbox 1440 1730 1544 1757; x_wconf 87' lang='lat' dir='ltr'>con-</span> 
     </span>
     <span class='ocr_line' id='line_1_29' title="bbox 109 1771 1547 1830; baseline 0.002 -19"><span class='ocrx_word' id='word_1_235' title='bbox 109 1771 203 1811; x_wconf 79' lang='lat' dir='ltr'>silio</span> <span class='ocrx_word' id='word_1_236' title='bbox 226 1783 520 1828; x_wconf 81' lang='lat' dir='ltr'>cognosceret.</span> <span class='ocrx_word' id='word_1_237' title='bbox 552 1773 660 1814; x_wconf 89' lang='lat' dir='ltr'>Tum</span> <span class='ocrx_word' id='word_1_238' title='bbox 688 1784 860 1830; x_wconf 79' lang='lat' dir='ltr'>repente</span> <span class='ocrx_word' id='word_1_239' title='bbox 882 1774 961 1814; x_wconf 84' lang='lat' dir='ltr'>iste</span> <span class='ocrx_word' id='word_1_240' title='bbox 984 1782 1112 1815; x_wconf 78' lang='lat' dir='ltr'>testes</span> <span class='ocrx_word' id='word_1_241' title='bbox 1134 1774 1256 1815; x_wconf 81' lang='lat' dir='ltr'>citari</span> <span class='ocrx_word' id='word_1_242' title='bbox 1273 1773 1416 1829; x_wconf 87' lang='lat' dir='ltr'>jubet.</span> <span class='ocrx_word' id='word_1_243' title='bbox 1439 1773 1547 1814; x_wconf 89' lang='lat' dir='ltr'>dicit</span> 
     </span>
     <span class='ocr_line' id='line_1_30' title="bbox 109 1831 1543 1887; baseline 0.003 -19"><span class='ocrx_word' id='word_1_244' title='bbox 109 1843 217 1869; x_wconf 85' lang='lat' dir='ltr'>unus</span> <span class='ocrx_word' id='word_1_245' title='bbox 249 1839 292 1870; x_wconf 86' lang='lat' dir='ltr'>ct</span> <span class='ocrx_word' id='word_1_246' title='bbox 322 1831 426 1871; x_wconf 88' lang='lat' dir='ltr'>alter</span> <span class='ocrx_word' id='word_1_247' title='bbox 460 1831 657 1872; x_wconf 86' lang='lat' dir='ltr'>breviter.</span> <span class='ocrx_word' id='word_1_248' title='bbox 688 1831 795 1872; x_wconf 89' lang='lat' dir='ltr'>nihil</span> <span class='ocrx_word' id='word_1_249' title='bbox 832 1832 1133 1887; x_wconf 81' lang='lat' dir='ltr'>interrogatur.</span> <span class='ocrx_word' id='word_1_250' title='bbox 1165 1846 1308 1887; x_wconf 80' lang='lat' dir='ltr'>praeco</span> <span class='ocrx_word' id='word_1_251' title='bbox 1343 1844 1543 1872; x_wconf 77' lang='lat' dir='ltr'>mxlssE</span> 
     </span>
     <span class='ocr_line' id='line_1_31' title="bbox 107 1888 1542 1944; baseline 0.002 -19"><span class='ocrx_word' id='word_1_252' title='bbox 107 1888 373 1941; x_wconf 84' lang='lat' dir='ltr'>pronuntiat.</span> <span class='ocrx_word' id='word_1_253' title='bbox 435 1888 535 1938; x_wconf 86' lang='lat' dir='ltr'>Iste,</span> <span class='ocrx_word' id='word_1_254' title='bbox 559 1888 679 1943; x_wconf 85' lang='lat' dir='ltr'>quasi</span> <span class='ocrx_word' id='word_1_255' title='bbox 711 1898 934 1940; x_wconf 87' lang='lat' dir='ltr'>metueret,</span> <span class='ocrx_word' id='word_1_256' title='bbox 967 1904 1019 1929; x_wconf 90' lang='lat' dir='ltr'>ne</span> <span class='ocrx_word' id='word_1_257' title='bbox 1052 1888 1245 1939; x_wconf 87' lang='lat' dir='ltr'>Petilius,</span> <span class='ocrx_word' id='word_1_258' title='bbox 1278 1889 1446 1944; x_wconf 80' lang='lat' dir='ltr'>privato</span> <span class='ocrx_word' id='word_1_259' title='bbox 1470 1888 1542 1928; x_wconf 89' lang='lat' dir='ltr'>illo</span> 
     </span>
     <span class='ocr_line' id='line_1_32' title="bbox 98 1943 1543 1998; baseline 0.003 -16"><span class='ocrx_word' id='word_1_260' title='bbox 98 1943 268 1998; x_wconf 80' lang='lat' dir='ltr'>judicio</span> <span class='ocrx_word' id='word_1_261' title='bbox 293 1954 507 1986; x_wconf 82' lang='lat' dir='ltr'>transacto</span> <span class='ocrx_word' id='word_1_262' title='bbox 530 1956 604 1986; x_wconf 87' lang='lat' dir='ltr'>aut</span> <span class='ocrx_word' id='word_1_263' title='bbox 625 1945 772 1997; x_wconf 80' lang='lat' dir='ltr'>dilato,</span> <span class='ocrx_word' id='word_1_264' title='bbox 794 1961 893 1987; x_wconf 87' lang='lat' dir='ltr'>cum</span> <span class='ocrx_word' id='word_1_265' title='bbox 916 1947 1068 1988; x_wconf 88' lang='lat' dir='ltr'>ceteris</span> <span class='ocrx_word' id='word_1_266' title='bbox 1091 1947 1134 1987; x_wconf 91' lang='lat' dir='ltr'>in</span> <span class='ocrx_word' id='word_1_267' title='bbox 1154 1946 1380 1987; x_wconf 85' lang='lat' dir='ltr'>consilium</span> <span class='ocrx_word' id='word_1_268' title='bbox 1403 1959 1543 1986; x_wconf 88' lang='lat' dir='ltr'>rever-</span> 
     </span>
     <span class='ocr_line' id='line_1_33' title="bbox 107 2001 1541 2059; baseline 0.001 -19"><span class='ocrx_word' id='word_1_269' title='bbox 107 2001 279 2052; x_wconf 82' lang='lat' dir='ltr'>teretur,</span> <span class='ocrx_word' id='word_1_270' title='bbox 304 2003 362 2042; x_wconf 89' lang='lat' dir='ltr'>ita</span> <span class='ocrx_word' id='word_1_271' title='bbox 396 2018 625 2059; x_wconf 86' lang='lat' dir='ltr'>properans</span> <span class='ocrx_word' id='word_1_272' title='bbox 648 2004 700 2044; x_wconf 88' lang='lat' dir='ltr'>de</span> <span class='ocrx_word' id='word_1_273' title='bbox 732 2003 833 2044; x_wconf 84' lang='lat' dir='ltr'>sella</span> <span class='ocrx_word' id='word_1_274' title='bbox 853 2004 1051 2045; x_wconf 84' lang='lat' dir='ltr'>exsiluit:</span> <span class='ocrx_word' id='word_1_275' title='bbox 1085 2004 1305 2045; x_wconf 88' lang='lat' dir='ltr'>hominem</span> <span class='ocrx_word' id='word_1_276' title='bbox 1335 2003 1541 2043; x_wconf 89' lang='lat' dir='ltr'>innocen-</span> 
     </span>
     <span class='ocr_line' id='line_1_34' title="bbox 105 2058 1542 2113; baseline 0.003 -16"><span class='ocrx_word' id='word_1_277' title='bbox 105 2066 207 2108; x_wconf 87' lang='lat' dir='ltr'>tem,</span> <span class='ocrx_word' id='word_1_278' title='bbox 230 2073 255 2098; x_wconf 89' lang='lat' dir='ltr'>a</span> <span class='ocrx_word' id='word_1_279' title='bbox 279 2058 329 2100; x_wconf 92' lang='lat' dir='ltr'>C.</span> <span class='ocrx_word' id='word_1_280' title='bbox 354 2059 584 2101; x_wconf 87' lang='lat' dir='ltr'>Sacerdote</span> <span class='ocrx_word' id='word_1_281' title='bbox 615 2060 874 2113; x_wconf 85' lang='lat' dir='ltr'>absolutum,</span> <span class='ocrx_word' id='word_1_282' title='bbox 898 2062 1061 2102; x_wconf 84' lang='lat' dir='ltr'>indicta</span> <span class='ocrx_word' id='word_1_283' title='bbox 1082 2076 1224 2113; x_wconf 88' lang='lat' dir='ltr'>causa,</span> <span class='ocrx_word' id='word_1_284' title='bbox 1247 2061 1302 2107; x_wconf 82' lang='lat' dir='ltr'>de</span> <span class='ocrx_word' id='word_1_285' title='bbox 1329 2060 1542 2101; x_wconf 84' lang='lat' dir='ltr'>sententia</span> 
     </span>
     <span class='ocr_line' id='line_1_35' title="bbox 105 2115 1154 2174; baseline 0.004 -19"><span class='ocrx_word' id='word_1_286' title='bbox 105 2115 274 2166; x_wconf 68' lang='lat' dir='ltr'>scribae,</span> <span class='ocrx_word' id='word_1_287' title='bbox 297 2117 467 2168; x_wconf 86' lang='lat' dir='ltr'>medici,</span> <span class='ocrx_word' id='word_1_288' title='bbox 493 2118 814 2174; x_wconf 80' lang='lat' dir='ltr'>haruspicisque</span> <span class='ocrx_word' id='word_1_289' title='bbox 836 2119 1154 2160; x_wconf 85' lang='lat' dir='ltr'>condemnavit.</span> 
     </span>
    </p>

    <p class='ocr_par' dir='ltr' id='par_1_3' title="bbox 103 2172 1620 2408">
     <span class='ocr_line' id='line_1_36' title="bbox 163 2172 1620 2232; baseline 0.002 -19"><span class='ocrx_word' id='word_1_290' title='bbox 163 2172 380 2225; x_wconf 85' lang='lat' dir='ltr'>Retinete,</span> <span class='ocrx_word' id='word_1_291' title='bbox 413 2175 592 2217; x_wconf 88' lang='lat' dir='ltr'>retinete</span> <span class='ocrx_word' id='word_1_292' title='bbox 622 2176 842 2216; x_wconf 88' lang='lat' dir='ltr'>hominem</span> <span class='ocrx_word' id='word_1_293' title='bbox 874 2177 916 2216; x_wconf 89' lang='lat' dir='ltr'>in</span> <span class='ocrx_word' id='word_1_294' title='bbox 939 2176 1129 2227; x_wconf 83' lang='lat' dir='ltr'>civitate,</span> <span class='ocrx_word' id='word_1_295' title='bbox 1154 2176 1340 2232; x_wconf 77' lang='lat' dir='ltr'>judiceS.</span> <span class='ocrx_word' id='word_1_296' title='bbox 1363 2172 1620 2232; x_wconf 80' lang='lat' dir='ltr'>parcite‚31</span> 
     </span>
     <span class='ocr_line' id='line_1_37' title="bbox 103 2233 1603 2289; baseline 0.003 -20"><span class='ocrx_word' id='word_1_297' title='bbox 103 2237 147 2270; x_wconf 90' lang='lat' dir='ltr'>et</span> <span class='ocrx_word' id='word_1_298' title='bbox 169 2240 432 2283; x_wconf 86' lang='lat' dir='ltr'>conservate,</span> <span class='ocrx_word' id='word_1_299' title='bbox 456 2242 503 2273; x_wconf 93' lang='lat' dir='ltr'>ut</span> <span class='ocrx_word' id='word_1_300' title='bbox 526 2233 578 2273; x_wconf 87' lang='lat' dir='ltr'>sit</span> <span class='ocrx_word' id='word_1_301' title='bbox 601 2233 674 2288; x_wconf 89' lang='lat' dir='ltr'>qui</span> <span class='ocrx_word' id='word_1_302' title='bbox 699 2233 924 2274; x_wconf 88' lang='lat' dir='ltr'>nobiscum</span> <span class='ocrx_word' id='word_1_303' title='bbox 948 2233 1222 2288; x_wconf 79' lang='lat' dir='ltr'>resjudicet3</span> <span class='ocrx_word' id='word_1_304' title='bbox 1254 2233 1327 2289; x_wconf 90' lang='lat' dir='ltr'>qui</span> <span class='ocrx_word' id='word_1_305' title='bbox 1350 2236 1386 2264; x_wconf 75' lang='lat'>81</span> <span class='ocrx_word' id='word_1_306' title='bbox 1404 2234 1446 2274; x_wconf 90' lang='lat' dir='ltr'>in</span> <span class='ocrx_word' id='word_1_307' title='bbox 1478 2247 1540 2273; x_wconf 88' lang='lat' dir='ltr'>se·</span> <span class='ocrx_word' id='word_1_308' title='bbox 1551 2245 1603 2285; x_wconf 78' lang='lat'>76</span> 
     </span>
     <span class='ocr_line' id='line_1_38' title="bbox 104 2288 1541 2347; baseline 0.003 -20"><span class='ocrx_word' id='word_1_309' title='bbox 104 2295 207 2327; x_wconf 85' lang='lat' dir='ltr'>natu</span> <span class='ocrx_word' id='word_1_310' title='bbox 232 2288 322 2329; x_wconf 85' lang='lat' dir='ltr'>sine</span> <span class='ocrx_word' id='word_1_311' title='bbox 346 2289 430 2329; x_wconf 88' lang='lat' dir='ltr'>ulla</span> <span class='ocrx_word' id='word_1_312' title='bbox 451 2290 689 2346; x_wconf 85' lang='lat' dir='ltr'>cupiditate</span> <span class='ocrx_word' id='word_1_313' title='bbox 712 2291 764 2331; x_wconf 88' lang='lat' dir='ltr'>de</span> <span class='ocrx_word' id='word_1_314' title='bbox 797 2289 906 2331; x_wconf 86' lang='lat' dir='ltr'>bello</span> <span class='ocrx_word' id='word_1_315' title='bbox 929 2301 972 2331; x_wconf 82' lang='lat' dir='ltr'>et</span> <span class='ocrx_word' id='word_1_316' title='bbox 1002 2306 1107 2347; x_wconf 88' lang='lat' dir='ltr'>pace</span> <span class='ocrx_word' id='word_1_317' title='bbox 1139 2291 1393 2332; x_wconf 81' lang='lat' dir='ltr'>senteutiam</span> <span class='ocrx_word' id='word_1_318' title='bbox 1417 2290 1541 2331; x_wconf 85' lang='lat' dir='ltr'>ferat.</span> 
     </span>
     <span class='ocr_line' id='line_1_39' title="bbox 106 2342 1543 2408; baseline 0.002 -23"><span class='ocrx_word' id='word_1_319' title='bbox 106 2342 296 2386; x_wconf 85' lang='lat' dir='ltr'>Tametsi</span> <span class='ocrx_word' id='word_1_320' title='bbox 318 2347 460 2387; x_wconf 87' lang='lat' dir='ltr'>minus</span> <span class='ocrx_word' id='word_1_321' title='bbox 484 2347 525 2388; x_wconf 91' lang='lat' dir='ltr'>id</span> <span class='ocrx_word' id='word_1_322' title='bbox 547 2348 721 2404; x_wconf 86' lang='lat' dir='ltr'>quidem</span> <span class='ocrx_word' id='word_1_323' title='bbox 743 2348 884 2399; x_wconf 88' lang='lat' dir='ltr'>nobis,</span> <span class='ocrx_word' id='word_1_324' title='bbox 906 2349 1046 2389; x_wconf 82' lang='lat' dir='ltr'>minus</span> <span class='ocrx_word' id='word_1_325' title='bbox 1078 2348 1238 2408; x_wconf 82' lang='lat' dir='ltr'>populo</span> <span class='ocrx_word' id='word_1_326' title='bbox 1263 2347 1461 2389; x_wconf 83' lang='lat' dir='ltr'>Romano</span> <span class='ocrx_word' id='word_1_327' title='bbox 1482 2348 1543 2389; x_wconf 85' lang='lat' dir='ltr'>la·-</span> 
     </span>
    </p>
   </div>
   <div class='ocr_carea' id='block_1_3' title="bbox 103 2493 802 2912">
    <p class='ocr_par' dir='ltr' id='par_1_4' title="bbox 103 2493 802 2826">
     <span class='ocr_line' id='line_1_40' title="bbox 145 2493 801 2535; baseline 0.006 -14"><span class='ocrx_word' id='word_1_328' title='bbox 145 2493 187 2525; x_wconf 84' lang='lat'>79</span> <span class='ocrx_word' id='word_1_329' title='bbox 213 2501 284 2522; x_wconf 84' lang='lat' dir='ltr'>rem</span> <span class='ocrx_word' id='word_1_330' title='bbox 311 2502 435 2531; x_wconf 79' lang='lat' dir='ltr'>augere</span> <span class='ocrx_word' id='word_1_331' title='bbox 459 2493 616 2534; x_wconf 77' lang='lat' dir='ltr'>oportere]</span> <span class='ocrx_word' id='word_1_332' title='bbox 644 2493 726 2524; x_wconf 85' lang='lat' dir='ltr'>Edd.</span> <span class='ocrx_word' id='word_1_333' title='bbox 753 2503 801 2535; x_wconf 88' lang='lat' dir='ltr'>pr.</span> 
     </span>
     <span class='ocr_line' id='line_1_41' title="bbox 105 2534 801 2577; baseline 0.007 -15"><span class='ocrx_word' id='word_1_334' title='bbox 105 2542 216 2570; x_wconf 68' lang='lat' dir='ltr'>agere,</span> <span class='ocrx_word' id='word_1_335' title='bbox 233 2534 318 2573; x_wconf 89' lang='lat' dir='ltr'>quod</span> <span class='ocrx_word' id='word_1_336' title='bbox 332 2540 366 2565; x_wconf 82' lang='lat' dir='ltr'>et</span> <span class='ocrx_word' id='word_1_337' title='bbox 381 2535 415 2565; x_wconf 92' lang='lat' dir='ltr'>in</span> <span class='ocrx_word' id='word_1_338' title='bbox 433 2535 493 2566; x_wconf 89' lang='lat' dir='ltr'>Ms.</span> <span class='ocrx_word' id='word_1_339' title='bbox 509 2536 559 2566; x_wconf 83' lang='lat' dir='ltr'>Fr.</span> <span class='ocrx_word' id='word_1_340' title='bbox 576 2537 695 2577; x_wconf 83' lang='lat' dir='ltr'>reperit</span> <span class='ocrx_word' id='word_1_341' title='bbox 712 2537 801 2567; x_wconf 85' lang='lat' dir='ltr'>Grae-</span> 
     </span>
     <span class='ocr_line' id='line_1_42' title="bbox 103 2573 800 2615; baseline 0.007 -11"><span class='ocrx_word' id='word_1_342' title='bbox 103 2573 184 2606; x_wconf 83' lang='lat' dir='ltr'>vius.</span> <span class='ocrx_word' id='word_1_343' title='bbox 222 2574 355 2615; x_wconf 81' lang='lat' dir='ltr'>Augere</span> <span class='ocrx_word' id='word_1_344' title='bbox 380 2582 430 2607; x_wconf 84' lang='lat' dir='ltr'>est</span> <span class='ocrx_word' id='word_1_345' title='bbox 458 2578 499 2608; x_wconf 90' lang='lat' dir='ltr'>ab</span> <span class='ocrx_word' id='word_1_346' title='bbox 524 2577 624 2608; x_wconf 81' lang='lat' dir='ltr'>Aldo:</span> <span class='ocrx_word' id='word_1_347' title='bbox 659 2582 693 2608; x_wconf 83' lang='lat' dir='ltr'>et</span> <span class='ocrx_word' id='word_1_348' title='bbox 724 2578 800 2610; x_wconf 86' lang='lat' dir='ltr'>alibi</span> 
     </span>
     <span class='ocr_line' id='line_1_43' title="bbox 103 2617 801 2656; baseline 0.007 -10"><span class='ocrx_word' id='word_1_349' title='bbox 103 2625 232 2656; x_wconf 78' lang='lat' dir='ltr'>quoque</span> <span class='ocrx_word' id='word_1_350' title='bbox 253 2617 324 2649; x_wconf 82' lang='lat' dir='ltr'>haec</span> <span class='ocrx_word' id='word_1_351' title='bbox 347 2619 444 2650; x_wconf 79' lang='lat' dir='ltr'>verba</span> <span class='ocrx_word' id='word_1_352' title='bbox 466 2620 500 2650; x_wconf 91' lang='lat' dir='ltr'>in</span> <span class='ocrx_word' id='word_1_353' title='bbox 524 2620 613 2651; x_wconf 84' lang='lat' dir='ltr'>libris</span> <span class='ocrx_word' id='word_1_354' title='bbox 636 2620 801 2651; x_wconf 84' lang='lat' dir='ltr'>Ciceronis</span> 
     </span>
     <span class='ocr_line' id='line_1_44' title="bbox 104 2659 801 2700; baseline 0.009 -12"><span class='ocrx_word' id='word_1_355' title='bbox 104 2659 241 2691; x_wconf 77' lang='lat' dir='ltr'>confusa</span> <span class='ocrx_word' id='word_1_356' title='bbox 254 2660 404 2698; x_wconf 87' lang='lat' dir='ltr'>vidimus,</span> <span class='ocrx_word' id='word_1_357' title='bbox 421 2666 459 2692; x_wconf 86' lang='lat' dir='ltr'>ut</span> <span class='ocrx_word' id='word_1_358' title='bbox 473 2662 531 2692; x_wconf 79' lang='lat' dir='ltr'>Or.</span> <span class='ocrx_word' id='word_1_359' title='bbox 547 2662 593 2700; x_wconf 88' lang='lat'>11,</span> <span class='ocrx_word' id='word_1_360' title='bbox 608 2666 660 2697; x_wconf 84' lang='lat'>77.</span> <span class='ocrx_word' id='word_1_361' title='bbox 698 2663 801 2694; x_wconf 83' lang='lat' dir='ltr'>Vetus</span> 
     </span>
     <span class='ocr_line' id='line_1_45' title="bbox 105 2698 801 2745; baseline 0.007 -14"><span class='ocrx_word' id='word_1_362' title='bbox 105 2698 163 2731; x_wconf 79' lang='lat' dir='ltr'>illa</span> <span class='ocrx_word' id='word_1_363' title='bbox 177 2700 275 2732; x_wconf 84' lang='lat' dir='ltr'>lectio</span> <span class='ocrx_word' id='word_1_364' title='bbox 289 2703 438 2743; x_wconf 84' lang='lat' dir='ltr'>placebat</span> <span class='ocrx_word' id='word_1_365' title='bbox 460 2704 603 2735; x_wconf 77' lang='lat' dir='ltr'>Nannio.</span> <span class='ocrx_word' id='word_1_366' title='bbox 639 2703 725 2736; x_wconf 85' lang='lat' dir='ltr'>Rem</span> <span class='ocrx_word' id='word_1_367' title='bbox 743 2716 801 2745; x_wconf 79' lang='lat' dir='ltr'>ge-</span> 
     </span>
     <span class='ocr_line' id='line_1_46' title="bbox 103 2742 802 2790; baseline 0.011 -19"><span class='ocrx_word' id='word_1_368' title='bbox 103 2743 178 2790; x_wconf 54' lang='lat' dir='ltr'>re&#39;se</span> <span class='ocrx_word' id='word_1_369' title='bbox 191 2742 229 2773; x_wconf 90' lang='lat' dir='ltr'>de</span> <span class='ocrx_word' id='word_1_370' title='bbox 252 2746 456 2784; x_wconf 86' lang='lat' dir='ltr'>negotiatore</span> <span class='ocrx_word' id='word_1_371' title='bbox 478 2751 512 2776; x_wconf 84' lang='lat' dir='ltr'>et</span> <span class='ocrx_word' id='word_1_372' title='bbox 534 2753 715 2778; x_wconf 81' lang='lat' dir='ltr'>mercatore</span> <span class='ocrx_word' id='word_1_373' title='bbox 738 2748 802 2779; x_wconf 88' lang='lat' dir='ltr'>dici</span> 
     </span>
     <span class='ocr_line' id='line_1_47' title="bbox 104 2792 473 2826; baseline 0.014 -13"><span class='ocrx_word' id='word_1_374' title='bbox 104 2792 184 2820; x_wconf 80' lang='lat' dir='ltr'>scio,</span> <span class='ocrx_word' id='word_1_375' title='bbox 200 2794 266 2815; x_wconf 88' lang='lat' dir='ltr'>non</span> <span class='ocrx_word' id='word_1_376' title='bbox 280 2797 351 2817; x_wconf 75' lang='lat' dir='ltr'>‘rem</span> <span class='ocrx_word' id='word_1_377' title='bbox 365 2798 473 2826; x_wconf 79' lang='lat' dir='ltr'>agere.</span> 
     </span>
    </p>

    <p class='ocr_par' dir='ltr' id='par_1_5' title="bbox 103 2829 802 2912">
     <span class='ocr_line' id='line_1_48' title="bbox 130 2829 799 2873; baseline 0.01 -18"><span class='ocrx_word' id='word_1_378' title='bbox 130 2829 187 2872; x_wconf 39' lang='lat'>&#39;30</span> <span class='ocrx_word' id='word_1_379' title='bbox 209 2832 332 2858; x_wconf 74' lang='lat' dir='ltr'>metum</span> <span class='ocrx_word' id='word_1_380' title='bbox 345 2831 618 2870; x_wconf 73' lang='lat' dir='ltr'>cupiditatemque</span> <span class='ocrx_word' id='word_1_381' title='bbox 627 2832 799 2873; x_wconf 76' lang='lat' dir='ltr'>pugnare]</span> 
     </span>
     <span class='ocr_line' id='line_1_49' title="bbox 103 2865 802 2912; baseline 0.011 -14"><span class='ocrx_word' id='word_1_382' title='bbox 103 2865 157 2898; x_wconf 78' lang='lat' dir='ltr'>Sic</span> <span class='ocrx_word' id='word_1_383' title='bbox 184 2869 256 2902; x_wconf 86' lang='lat' dir='ltr'>edd.</span> <span class='ocrx_word' id='word_1_384' title='bbox 281 2875 362 2902; x_wconf 87' lang='lat' dir='ltr'>vett.</span> <span class='ocrx_word' id='word_1_385' title='bbox 385 2872 471 2912; x_wconf 84' lang='lat' dir='ltr'>quod</span> <span class='ocrx_word' id='word_1_386' title='bbox 496 2877 665 2905; x_wconf 81' lang='lat' dir='ltr'>mutatum</span> <span class='ocrx_word' id='word_1_387' title='bbox 684 2876 718 2905; x_wconf 90' lang='lat' dir='ltr'>in</span> <span class='ocrx_word' id='word_1_388' title='bbox 736 2885 802 2906; x_wconf 81' lang='lat' dir='ltr'>me·</span> 
     </span>
    </p>
   </div>
   <div class='ocr_carea' id='block_1_4' title="bbox 843 2495 1542 2872">
    <p class='ocr_par' dir='ltr' id='par_1_6' title="bbox 845 2495 1542 2577">
     <span class='ocr_line' id='line_1_50' title="bbox 845 2495 1542 2535; baseline 0.003 -11"><span class='ocrx_word' id='word_1_389' title='bbox 845 2499 915 2525; x_wconf 79' lang='lat' dir='ltr'>tum</span> <span class='ocrx_word' id='word_1_390' title='bbox 936 2505 1009 2525; x_wconf 82' lang='lat' dir='ltr'>cum</span> <span class='ocrx_word' id='word_1_391' title='bbox 1030 2496 1210 2535; x_wconf 76' lang='lat' dir='ltr'>eupe&#39;dicate</span> <span class='ocrx_word' id='word_1_392' title='bbox 1229 2506 1247 2530; x_wconf 79' lang='lat' dir='ltr'>e</span> <span class='ocrx_word' id='word_1_393' title='bbox 1272 2495 1396 2526; x_wconf 81' lang='lat' dir='ltr'>Naunii</span> <span class='ocrx_word' id='word_1_394' title='bbox 1417 2499 1452 2526; x_wconf 84' lang='lat' dir='ltr'>ct</span> <span class='ocrx_word' id='word_1_395' title='bbox 1476 2495 1542 2527; x_wconf 88' lang='lat' dir='ltr'>alio</span> 
     </span>
     <span class='ocr_line' id='line_1_51' title="bbox 845 2537 1338 2577; baseline 0.006 -11"><span class='ocrx_word' id='word_1_396' title='bbox 845 2537 964 2568; x_wconf 77' lang='lat' dir='ltr'>codice.</span> <span class='ocrx_word' id='word_1_397' title='bbox 980 2537 1061 2567; x_wconf 86' lang='lat' dir='ltr'>illud</span> <span class='ocrx_word' id='word_1_398' title='bbox 1074 2544 1123 2568; x_wconf 83' lang='lat' dir='ltr'>est</span> <span class='ocrx_word' id='word_1_399' title='bbox 1137 2538 1338 2577; x_wconf 85' lang='lat' dir='ltr'>exquisitius.</span> 
     </span>
    </p>

    <p class='ocr_par' dir='ltr' id='par_1_7' title="bbox 843 2579 1542 2872">
     <span class='ocr_line' id='line_1_52' title="bbox 888 2579 1536 2620; baseline 0.005 -12"><span class='ocrx_word' id='word_1_400' title='bbox 888 2581 924 2609; x_wconf 81' lang='lat'>81</span> <span class='ocrx_word' id='word_1_401' title='bbox 961 2580 997 2609; x_wconf 71' lang='lat' dir='ltr'>in</span> <span class='ocrx_word' id='word_1_402' title='bbox 1023 2581 1398 2611; x_wconf 77' lang='lat' dir='ltr'>senatu—sententiam</span> <span class='ocrx_word' id='word_1_403' title='bbox 1421 2579 1536 2620; x_wconf 79' lang='lat' dir='ltr'>ferat]</span> 
     </span>
     <span class='ocr_line' id='line_1_53' title="bbox 843 2621 1539 2662; baseline 0.006 -11"><span class='ocrx_word' id='word_1_404' title='bbox 843 2621 981 2652; x_wconf 84' lang='lat' dir='ltr'>Phrasin</span> <span class='ocrx_word' id='word_1_405' title='bbox 1005 2622 1089 2652; x_wconf 87' lang='lat' dir='ltr'>hauc</span> <span class='ocrx_word' id='word_1_406' title='bbox 1112 2631 1177 2652; x_wconf 78' lang='lat' dir='ltr'>uorn</span> <span class='ocrx_word' id='word_1_407' title='bbox 1200 2624 1422 2662; x_wconf 84' lang='lat' dir='ltr'>concoquebat</span> <span class='ocrx_word' id='word_1_408' title='bbox 1440 2622 1539 2654; x_wconf 86' lang='lat' dir='ltr'>Lam-</span> 
     </span>
     <span class='ocr_line' id='line_1_54' title="bbox 843 2662 1540 2702; baseline 0.004 -9"><span class='ocrx_word' id='word_1_409' title='bbox 843 2663 957 2694; x_wconf 81' lang='lat' dir='ltr'>binus:</span> <span class='ocrx_word' id='word_1_410' title='bbox 993 2662 1143 2702; x_wconf 81' lang='lat' dir='ltr'>deditque</span> <span class='ocrx_word' id='word_1_411' title='bbox 1171 2665 1271 2702; x_wconf 78' lang='lat' dir='ltr'>dicat‚</span> <span class='ocrx_word' id='word_1_412' title='bbox 1299 2671 1416 2696; x_wconf 85' lang='lat' dir='ltr'>eontra</span> <span class='ocrx_word' id='word_1_413' title='bbox 1440 2664 1540 2696; x_wconf 82' lang='lat' dir='ltr'>libros</span> 
     </span>
     <span class='ocr_line' id='line_1_55' title="bbox 844 2706 1541 2748; baseline 0.004 -13"><span class='ocrx_word' id='word_1_414' title='bbox 844 2715 968 2736; x_wconf 82' lang='lat' dir='ltr'>omneS.</span> <span class='ocrx_word' id='word_1_415' title='bbox 1003 2706 1149 2737; x_wconf 80' lang='lat' dir='ltr'>Graevius</span> <span class='ocrx_word' id='word_1_416' title='bbox 1164 2708 1384 2748; x_wconf 72' lang='lat' dir='ltr'>reprehendit,</span> <span class='ocrx_word' id='word_1_417' title='bbox 1398 2707 1453 2738; x_wconf 85' lang='lat' dir='ltr'>sed</span> <span class='ocrx_word' id='word_1_418' title='bbox 1468 2707 1541 2737; x_wconf 76' lang='lat' dir='ltr'>nul»</span> 
     </span>
     <span class='ocr_line' id='line_1_56' title="bbox 843 2746 1542 2791; baseline 0.004 -14"><span class='ocrx_word' id='word_1_419' title='bbox 843 2746 914 2778; x_wconf 86' lang='lat' dir='ltr'>lum</span> <span class='ocrx_word' id='word_1_420' title='bbox 933 2749 1120 2788; x_wconf 77' lang='lat' dir='ltr'>exemplum</span> <span class='ocrx_word' id='word_1_421' title='bbox 1142 2748 1230 2780; x_wconf 81' lang='lat' dir='ltr'>aliud</span> <span class='ocrx_word' id='word_1_422' title='bbox 1253 2749 1350 2791; x_wconf 82' lang='lat' dir='ltr'>hujus</span> <span class='ocrx_word' id='word_1_423' title='bbox 1372 2751 1486 2781; x_wconf 80' lang='lat' dir='ltr'>formae</span> <span class='ocrx_word' id='word_1_424' title='bbox 1508 2750 1542 2780; x_wconf 87' lang='lat' dir='ltr'>in</span> 
     </span>
     <span class='ocr_line' id='line_1_57' title="bbox 845 2790 1542 2830; baseline 0.004 -11"><span class='ocrx_word' id='word_1_425' title='bbox 845 2794 978 2830; x_wconf 82' lang='lat' dir='ltr'>promtu</span> <span class='ocrx_word' id='word_1_426' title='bbox 998 2790 1125 2823; x_wconf 78' lang='lat' dir='ltr'>habuit.</span> <span class='ocrx_word' id='word_1_427' title='bbox 1167 2791 1287 2823; x_wconf 80' lang='lat' dir='ltr'>Lector</span> <span class='ocrx_word' id='word_1_428' title='bbox 1302 2792 1453 2824; x_wconf 72' lang='lat' dir='ltr'>consulat</span> <span class='ocrx_word' id='word_1_429' title='bbox 1469 2791 1542 2823; x_wconf 74' lang='lat' dir='ltr'>Cla-</span> 
     </span>
     <span class='ocr_line' id='line_1_58' title="bbox 845 2831 1082 2872; baseline 0.008 -10"><span class='ocrx_word' id='word_1_430' title='bbox 845 2842 919 2864; x_wconf 84' lang='lat' dir='ltr'>vem</span> <span class='ocrx_word' id='word_1_431' title='bbox 932 2831 1082 2872; x_wconf 71' lang='lat' dir='ltr'>inferre.</span> 
     </span>
    </p>
   </div>
  </div>
 </body>
</html>
