1907 3231
720 130 1089 172 mVINATio.
1577 142 1628 181 99

245 231 371 281 Esto:
404 238 495 294 ipse
527 236 634 277 nihil
667 246 745 288 est,
778 237 887 278 nihil
915 245 1080 294 potest:
1113 245 1158 278 at
1189 237 1308 279 venit
1329 249 1500 295 paratus
1523 258 1620 285 cum
1639 238 1705 290 15

185 295 547 352 subscriptoribus
578 295 824 335 exercitatis
857 303 900 335 et
932 296 1115 336 disertis.-
1178 294 1255 336 Est
1274 304 1418 338 tamen
1440 299 1522 340 hoc
1545 301 1621 342 ali-

183 353 312 407 quid:
345 352 513 393 tametsi
543 366 630 392 non
660 360 723 392 est.
746 352 861 392 satis.
924 351 1139 394 Omnibus
1168 351 1285 393 enim*
1306 355 1432 395 rebus
1465 356 1515 406 is,
1547 359 1620 412 qui

183 410 381 466 princeps
404 410 448 450 in
470 409 638 465 agendo
659 418 738 458 est,
756 409 1051 450 ornatissimus
1071 419 1113 450 et
1127 411 1420 466 paratissimus
1439 427 1530 453 esse
1549 417 1622 455 de-

184 466 268 507 bet.
354 467 658 507 Verumtamen
703 466 750 506 L.
793 465 1025 522 Apuleium
1065 482 1154 508 esse
1205 468 1330 508 video
1372 470 1621 525 proximum

179 524 528 579 subscriptorem,
548 523 767 564 hominem
795 538 882 564 non
913 533 1055 575 aetate,
1087 525 1159 565 sed
1192 539 1268 566 usu
1302 525 1460 567 forensi
1490 537 1619 584 atque

176 580 486 622 exercitatione
509 581 705 621 tironem.
767 580 950 631 Deinde,
974 592 1021 623 ut
1043 583 1210 638 opinor,
1233 583 1363 624 habet
1386 583 1680 637 Allienum‚48

176 637 291 678 hunc
314 646 457 678 tamen
480 653 504 678 a
526 638 759 695 subselliis:
791 639 880 694 qui,
904 640 1007 694 quid
1030 640 1073 680 in
1096 639 1278 681 dicendo
1310 651 1469 696 posset,
1493 658 1618 684 num-

174 709 305 749 quam
339 695 440 736 satis
473 695 653 736 attendi.
686 696 731 736 in
762 696 986 737 clamando
1028 697 1202 752 quidem
1235 698 1361 739 video
1395 713 1494 740 eum
1526 715 1618 742 esse

175 752 284 793 bene
316 754 541 793 robustum
574 761 703 807 atque
739 754 1039 794 exercitatum.
1104 753 1155 795 In
1185 755 1268 796 hoc
1291 770 1384 811 spes
1408 765 1494 798 tuae¹
1518 769 1620 800 sunt

174 824 347 852 omnes:
390 810 476 861 hic,
508 811 541 851 si
577 819 622 849 tu
654 810 735 850 eris
767 820 888 851 actor
917 811 1195 862 constitutus,
1229 821 1371 853 totum
1399 814 1618 869 judicium

173 867 417 909 sustinebit.
448 868 449 871 ’
480 868 593 908 24At
615 881 668 907 ne
690 869 725 908 is
748 867 922 922 quidem
946 877 1115 909 tautum
1149 870 1384 911 contendet
1404 872 1447 911 in
1470 872 1617 914 dicen-

170 924 241 976 do,
279 934 488 980 quantum
522 933 687 980 potest:
728 925 800 966 sed
843 925 1038 966 consulet
1066 926 1181 967 laudi
1224 936 1267 967 et
1302 927 1614 972 existimationi

127 1022 130 1023 γ
170 990 282 1024 tuae:
313 991 357 1023 et
377 997 431 1023 ex
455 997 520 1033 eo,
551 982 667 1037 quod
686 982 778 1038 ipse
800 992 944 1038 potest
971 984 1015 1024 in
1039 984 1235 1036 dicendo,
1260 985 1526 1040 aliquantum
1550 1003 1615 1028 re-

168 1039 327 1090 mittet,
353 1049 400 1080 ut
430 1048 639 1080 tutamen
670 1040 832 1095 aliquid
864 1055 955 1080 esse
988 1041 1173 1082 videare.
1240 1043 1360 1083 Utin
1391 1045 1611 1087 actoribus

168 1096 334 1138 Graecis
358 1097 448 1137 fieri
474 1097 692 1148 videmus3
725 1112 839 1153 saepe
863 1098 995 1149 illum,
1028 1099 1102 1154 qui
1133 1109 1197 1140 est
1220 1101 1504 1142 secundarum
1536 1113 1612 1144 aut

167 1156 388 1195 tertiarum
408 1155 608 1211 partium,
623 1170 721 1195 eum
742 1155 877 1211 possit
896 1156 1115 1210 aliquanto
1138 1157 1291 1198 clarius
1311 1158 1466 1210 dicere,
1481 1175 1610 1215 quam

166 1211 257 1267 ipse
279 1212 528 1268 primarum,
563 1212 746 1253 inultum
781 1213 1061 1265 summittere,
1094 1224 1141 1254 ut
1164 1215 1232 1255 ille
1256 1217 1454 1272 princeps
1478 1232 1606 1272 quani

164 1270 354 1310 maxime
370 1269 576 1311 excellat:
610 1270 670 1310 sic
687 1269 818 1310 faciet
840 1269 1055 1311 Allienus:
1090 1272 1168 1312 tibi
1192 1273 1362 1323 serviet,
1386 1274 1466 1315 tibi
1489 1276 1605 1316 leno-
1620 1282 1650 1312 b.

163 1327 401 1369 cinabitur:
432 1327 574 1368 minus
606 1327 825 1381 aliquanto
854 1328 1101 1379 contendet,
1131 1344 1259 1384 quam
1290 1340 1446 1386 potest.
1505 1333 1604 1374 Jam
1617 1330 1667 1365 49

162 1384 246 1426 hoc
279 1385 560 1434 considerate,
603 1384 846 1440 cujusmodi
880 1394 1151 1427 accusatores
1191 1387 1235 1428 in
1275 1397 1397 1428 tanto
1433 1389 1604 1444 judicio

164 1442 295 1483 simus
328 1442 541 1493 habituri;
573 1457 672 1483 cum
714 1451 757 1482 et
795 1442 886 1497 ipse
920 1442 1113 1484 Allienus
1138 1458 1193 1484 ex
1226 1445 1528 1498 eafacultate,
1568 1449 1604 1489 si

160 1515 289 1555 quam
319 1499 465 1551 habet,
498 1499 765 1555 aliquantum
798 1500 1067 1541 detracturus
1101 1502 1179 1554 sit3
1211 1512 1254 1543 et
1277 1500 1480 1544 Caecilius
1511 1514 1603 1546 tum

160 1558 344 1613 denique
397 1571 440 1598 se
489 1557 703 1612 25aquujd
747 1557 941 1598 futurum
980 1567 1116 1614 putet,
1153 1560 1185 1599 si
1225 1559 1418 1602 Allienus
1460 1562 1602 1604 minus

159 1614 388 1656 vehemens
422 1614 566 1666 fuerit,
597 1624 641 1655 et
675 1615 756 1656 sibi
791 1615 949 1671 primas
972 1617 1016 1656 in
1047 1617 1229 1658 dicendo
1252 1627 1394 1674 partes
1426 1635 1603 1669 conces-

157 1672 273 1714 serit.
334 1673 550 1720 Quartum
571 1687 700 1728 quem
731 1673 786 1713 sit
808 1673 1047 1725 habiturus,
1075 1689 1162 1715 non
1194 1675 1335 1726 video,
1357 1676 1439 1717 nisi
1472 1693 1601 1733 quem

158 1729 286 1772 forte
304 1745 358 1772 ex
388 1730 462 1771 illo
495 1744 627 1786 grege
655 1732 984 1782 26moratorum,
1014 1733 1089 1787 qui
1122 1733 1484 1789 subscriptionem
1517 1736 1596 1777 sibi

156 1789 442 1845 postularunt,
464 1788 721 1844 cuicumque
740 1803 815 1829 vos
834 1788 1094 1830 delationem
1115 1791 1354 1831 dedissetis.
1416 1791 1483 1832 Ex
1504 1793 1597 1848 qui·
1611 1790 1662 1823 50

154 1847 249 1895 bus,
268 1846 538 1887 alienissimis
557 1845 821 1897 hominibus,
844 1846 905 1887 ita
926 1856 1098 1903 paratus
1119 1849 1251 1899 venis,
1272 1856 1320 1888 ut
1338 1848 1418 1889 tibi
1441 1849 1615 1906 hospes,

152 1904 305 1959 aliquis
329 1903 383 1944 sit
401 1902 686 1959 recipiendus.
748 1904 919 1950 Quibus
941 1919 1023 1960 ego
1045 1920 1133 1946 non
1156 1921 1248 1946 sum
1272 1914 1440 1947 tantum
1459 1907 1597 1949 hono-

150 1976 241 2003 rem
271 1961 511 2013 habiturus,
540 1969 588 2000 ut
609 1961 663 2002 ad
689 1975 752 2012 ea,
774 1976 871 2017 quae
899 1961 1108 2014 dixerint,
1139 1973 1256 2004 certo
1279 1963 1391 2014 loeo,
1412 1973 1487 2005 aut
1509 1965 1596 2006 sin-

149 2018 332 2076 gulatim
364 2018 612 2074 unicuique,
639 2019 935 2074 respondeam.
969 2020 1030 2060 sic
1054 2021 1255 2071 breviter,
1278 2022 1482 2076 quoniam
1506 2037 1593 2064 non

149 2076 363 2128 consulto,
393 2076 466 2117 sed
498 2091 599 2117 casu
632 2076 676 2116 in
698 2090 846 2118 eorum
873 2078 1140 2119 mentionem
1169 2079 1317 2130 incidi,
1336 2080 1456 2134 quasi
1483 2095 1592 2136 prae-

132 2134 306 2175 ·te1·iens
329 2133 590 2175 satisfaciam
612 2133 836 2175 universis.
895 2133 1090 2176 Tantane
1119 2137 1242 2177 vobis
1266 2137 1413 2192 iuopia
1443 2137 1592 2179 videor
1641 2117 1675 2167 Ο

147 2206 239 2233 esse
255 2192 506 2241 amicorum,
523 2200 572 2232 ut
589 2191 695 2231 mihi
715 2206 802 2232 non
824 2206 879 2232 ex
898 2191 980 2242 his,
997 2208 1105 2248 quos
1126 2208 1296 2234 mecum
1320 2194 1590 2247 adduxerim,

147 2250 220 2291 sed
258 2249 312 2290 de
344 2248 506 2306 populo
553 2248 820 2304 subscriptor
862 2249 1070 2292 addatur?
1110 2251 1234 2292 vobis
1276 2260 1420 2291 autem
1470 2260 1590 2293 tanta

146 2306 295 2363 inopia
323 2321 492 2347 reorum
514 2314 592 2357 est,
623 2315 671 2346 ut
699 2306 806 2346 mihi
829 2321 1001 2348 causam
1022 2306 1255 2364 praeripere
1275 2308 1490 2349 conemini
1510 2324 1589 2365 po-

148 2366 248 2415 tius,
269 2379 399 2419 quam
421 2363 585 2419 aliquos
608 2378 632 2404 a
654 2363 855 2404 columna
877 2363 1029 2406 Menia
1060 2366 1188 2406 vestri
1221 2366 1382 2406 ordinis
1405 2380 1498 2406 reos
1523 2381 1587 2407 re-

143 2423 346 2479 periatis?
387 2421 639 2471 Custodem,
677 2420 834 2476 inquit,
869 2420 1009 2463 Tullio
1050 2437 1121 2463 me.
1158 2423 1378 2479 apponite.
1439 2416 1644 2469 Quid35l

144 2479 251 2521 mihi
283 2483 412 2534 quam
433 2478 579 2520 multis
602 2479 854 2519 custodibus
876 2494 984 2534 opus
1007 2480 1102 2532 erit,
1123 2480 1156 2520 si
1178 2489 1220 2520 te
1242 2480 1371 2520 semel
1393 2481 1446 2522 ad
1468 2495 1584 2522 meas

178 2621 226 2654 '24
239 2623 287 2653 Ac
311 2632 351 2652 ne
375 2622 402 2652 is
423 2620 566 2662 quidem]
605 2620 840 2651 Hotomannus
882 2625 995 2651 tamen
1011 2620 1111 2652 habet
1126 2623 1160 2652 in
1183 2623 1347 2662 margine:
1371 2626 1484 2663 estque
1499 2626 1533 2654 et
1549 2624 1582 2654 in

144 2664 288 2695 malebat
302 2665 359 2702 Ac,
382 2664 468 2704 quod
491 2664 596 2694 Graev.
615 2675 632 2694 e
646 2664 708 2694 Μ3.
726 2663 775 2694 Fr.
792 2674 841 2693 re·
884 2663 947 2694 Ms.
961 2664 1024 2693 Gn.

142 2708 242 2747 cepit.
268 2706 378 2738 Recte.
410 2707 462 2737 Sic
483 2712 534 2736 est
555 2710 588 2735 et
607 2707 643 2737 in
657 2706 706 2736 ed.
729 2704 769 2736 R.
785 2706 842 2736 Br.
926 2707 967 2736 ‘26
990 2705 1206 2746 moratorum]
1236 2707 1288 2736 Sic
1309 2706 1392 2737 bene
1419 2706 1521 2738 edidit
1544 2708 1584 2739 de

142 2748 231 2779 Med.
246 2750 303 2779 &a
318 2749 366 2779 Ac
378 2754 428 2780 est
439 2749 479 2779 ab
493 2748 588 2778 Aldo.
879 2749 1045 2778 sententia
1070 2749 1194 2788 Cujacii
1216 2748 1409 2780 Lambinus.
1452 2751 1582 2790 Superi-

184 2793 224 2822 ⁴25
237 2791 542 2831 aliquidsuturum]
562 2790 645 2821 Edd.
660 2799 709 2831 pr.
725 2800 838 2821 omnes
882 2800 952 2820 ores
964 2800 1077 2820 onmes
1090 2795 1255 2821 oratorum
1269 2804 1277 2819 .-
1294 2801 1367 2830 quae
1381 2792 1480 2822 lectio
1495 2792 1584 2823 facta

138 2832 323 2869 facturum.
351 2834 452 2864 Primi
466 2832 633 2872 futurum
658 2833 773 2864 dedere
802 2833 837 2863 P.
882 2832 1011 2863 videtur
1027 2844 1044 2863 e
1066 2833 1184 2863 vitiosa
1205 2834 1286 2866 Mss.
1303 2834 1475 2875 scriptura.
1518 2835 1585 2864 Gu-

142 2875 314 2909 Manutius
327 2880 361 2907 et
385 2875 633 2907 Hotomannus:
659 2875 841 2908 Cratander
882 2874 983 2907 habet
998 2880 1191 2907 meatorum.
1536 2896 1541 2899 -

829 2924 907 2959 HQ
