1907 3231
327 114 403 149 682
867 109 1116 147 ORATIO
1155 108 1222 146 lv,

327 213 393 254 bis
415 227 464 254 ac
487 222 690 264 vestrum,
711 220 840 268 atque
860 213 903 254 iu
928 222 1067 254 vestra
1083 221 1198 253 tecta
1215 210 1449 252 discedite:
1473 218 1516 251 et
1531 225 1595 262 ea,
1613 214 1763 266 quam-'-

325 285 452 325 quain
478 269 573 324 jam
604 270 839 326 periculum
862 280 927 311 est
957 269 1196 324 depulsum,
1220 278 1361 309 tamen
1395 282 1516 322 aeque
1549 283 1598 309 ac
1630 268 1762 324 priori

325 337 468 377 nocte,
501 327 707 369 custodiis
744 328 984 383 vigiliisque
1017 325 1248 367 defendite.
1283 325 1325 366 id
1358 339 1412 365 ne
1443 325 1564 365 vobis
1599 325 1762 366 diutius

325 384 569 425 faciendum
611 385 680 434 sit,
722 395 849 438 atque
890 393 939 424 ut
974 383 1017 424 in
1061 393 1268 439 perpetua
1300 397 1404 439 pace
1443 396 1534 423 esse
1572 383 1761 438 possitis,

325 443 365 471 50
376 441 626 497 providebo,
651 441 858 488 Quirites.

663 639 733 685 M.
773 637 1008 685 TULLII
1041 636 1411 685 CICERONIS

491 814 563 881 L.
647 777 1594 881 CATILINAM

875 922 1207 980 QUARTA‚

689 1015 965 1060 HABITA
997 1015 1069 1056 IN
1104 1014 1399 1058 SENATU.

606 1123 808 1160 ORATIO
835 1121 1084 1159 SECUNDA
1109 1121 1179 1157 ET
1206 1121 1469 1160 VICESIMA.

898 1207 1174 1237 --⁴⁸·-.··-·-

275 1274 298 1321 1
318 1248 554 1325 VIDEO‚
577 1283 717 1330 patres
739 1271 988 1328 conscripti,
1013 1272 1053 1313 in
1076 1286 1145 1312 me
1167 1271 1361 1312 omnium
1383 1270 1574 1313 vestrum
1595 1287 1670 1313 ora
1690 1283 1736 1315 at

284 1346 400 1390 lque
430 1333 575 1374 oculos
599 1346 689 1373 esse
710 1344 953 1372 conversos.
980 1329 1116 1379 video,
1140 1344 1215 1369 vos
1244 1344 1331 1369 non
1364 1329 1501 1370 solum
1532 1329 1584 1370 de
1617 1340 1757 1373 vestro

317 1408 367 1434 ac
402 1390 667 1446 reipublicae,
700 1402 848 1429 verum
878 1387 1024 1438 etiam,
1061 1386 1095 1426 si
1128 1386 1171 1427 id
1209 1386 1433 1443 depulsum
1472 1386 1542 1437 sit,
1574 1387 1626 1428 de
1659 1403 1756 1430 meo

316 1449 506 1505 periculo
530 1461 620 1488 esse
644 1445 864 1487 sollicitos.
905 1443 982 1484 Est
1004 1443 1109 1483 mihi
1127 1443 1324 1497 jucunda
1345 1444 1387 1484 in
1411 1443 1548 1494 malis,
1570 1454 1614 1485 et
1634 1456 1758 1500 grata

316 1508 357 1547 in
384 1505 544 1555 dolore,
568 1513 708 1545 vestra
730 1517 834 1559 erga
858 1516 926 1541 1116
956 1501 1178 1542 voluntas:
1212 1502 1283 1542 sed
1306 1515 1415 1552 eam,
1439 1516 1514 1557 per
1543 1502 1646 1543 deos
1677 1503 1757 1543 im-

315 1563 539 1604 mortales!
587 1575 750 1616 quaeso,
785 1558 1003 1615 deponite,
1037 1567 1166 1612 atque
1201 1558 1325 1598 obliti
1359 1558 1506 1598 salutis
1539 1573 1662 1610 meae,
1701 1560 1754 1601 de

316 1621 440 1661 vobis
463 1635 512 1660 ac
543 1619 596 1659 de
618 1618 761 1658 liberis
787 1616 936 1657 vestris
960 1615 1165 1671 cogitate.
1221 1614 1366 1655 lMihi
1390 1616 1563 1670 quidem
1595 1616 1628 1656 si
1661 1616 1756 1659 haec

314 1677 508 1719 conditio
530 1674 776 1716 consulatus
807 1674 908 1713 data
937 1681 1015 1722 est,
1047 1681 1093 1712 ut
1125 1670 1273 1712 om'nes
1306 1673 1577 1723 acerbitates,
1606 1688 1755 1714 omnes

315 1735 482 1775 dolores
504 1733 804 1786 cruciatusque
836 1729 1094 1785 perferrem:
1127 1729 1260 1769 feram
1292 1744 1379 1770 11011
1411 1729 1547 1770 solum
1571 1728 1756 1782 fortiter,

316 1793 389 1832 sed
410 1792 539 1832 etiam
561 1790 759 1839 libenter,
782 1786 1017 1828 dummodo
1040 1786 1145 1826 meis
1177 1786 1396 1827 laboribus
1422 1786 1542 1827 vobis
1573 1788 1756 1843 populo-

277 1857 397 1904 2que
435 1849 635 1889 Romano
677 1845 865 1902 dignitas
910 1843 1106 1898 salusque
1148 1843 1351 1898 pariatur.
1415 1842 1510 1900 Ego
1553 1859 1644 1885 sum
1686 1845 1756 1886 ille

312 1906 477 1957 consul,
520 1915 660 1961 patres
701 1902 951 1957 conscripti,
984 1902 1052 1941 cui
1093 1915 1181 1941 non
1218 1900 1375 1951 forum,
1413 1901 1454 1941 in
1495 1916 1581 1956 quo
1615 1903 1755 1944 omnis

313 1965 493 2019 aequitas
535 1962 806 2011 continetur3
859 1974 943 2000 non
986 1973 1178 2014 campus,
1215 1958 1509 1999 consularibus
1550 1960 1753 2015 auspiciis

310 2029 610 2070 consecratus3
643 2033 729 2059 non
765 2016 896 2066 curia,
928 2030 1143 2056 summum
1176 2015 1386 2056 auxilium
1419 2015 1613 2057 omnium
1649 2032 1754 2074 gen-

312 2079 444 2120 tium:
487 2092 574 2118 non
607 2077 775 2125 domus,
811 2087 1040 2114 commune
1078 2071 1349 2129 perfugium3
1381 2087 1468 2113 non
1509 2073 1658 2126 lectus,
1697 2075 1751 2117 ad

309 2136 500 2190 quietem
519 2135 668 2175 datus:
701 2147 785 2173 non
812 2131 996 2185 denique
1019 2130 1143 2171 ‘211aec
1176 2130 1294 2170 sedes
1326 2130 1515 2181 honoris,
1548 2145 1750 2187 umquam

309 2208 446 2234 vacua
465 2191 613 2232 mortis
636 2189 826 2247 periculo
850 2199 977 2242 atque
1000 2187 1164 2227 insidiis
1188 2186 1284 2227 fuit.
1346 2187 1441 2243 Ego
1465 2187 1598 2229 multa
1619 2189 1750 2240 tacui,

309 2250 444 2291 multa
474 2248 644 2305 pertuli,
679 2247 814 2288 multa
845 2245 1053 2293 concessi,
1083 2244 1218 2284 multa
1246 2259 1342 2285 meo
1372 2245 1560 2300 quodam
1589 2245 1750 2298 dolore,

310 2307 353 2349 in
376 2316 517 2349 vestro
540 2307 708 2357 timore,
732 2303 894 2345 sanavi.
956 2302 1100 2353 Nunc,
1122 2302 1155 2342 si
1177 2301 1292 2343 hunc
1314 2303 1482 2343 exitum
1503 2303 1749 2345 consulatus

1092 2428 1112 2457 2
1135 2427 1201 2457 hoee
1226 2426 1314 2456 sedes
1340 2427 1479 2463 honoris,
1502 2428 1582 2457 sella
1607 2428 1748 2467 curulis]

349 2434 389 2462 50
406 2431 578 2472 providebo
599 2428 762 2471 Quirites]
783 2426 899 2458 Addidi
922 2427 1008 2467 Qui-

1052 2468 1180 2498 Ultima
1203 2469 1314 2508 spuria
1332 2469 1524 2507 judicantur
1550 2479 1570 2498 a
1591 2470 1666 2499 viris
1692 2470 1750 2500 do-

307 2476 387 2505 rites
400 2485 439 2504 ex
454 2474 525 2504 edd.
542 2483 589 2513 pr.
604 2478 642 2502 ut
658 2471 804 2502 Graevius
819 2481 836 2500 6
852 2469 931 2499 Μςς.

353 2519 364 2546 l
404 2517 490 2547 Mihi
524 2514 668 2556 quidem]
709 2513 853 2554 Quidem
887 2511 1007 2541 delevit

306 2559 454 2588 Graevius
477 2570 494 2588 e
519 2559 583 2587 suis
607 2558 686 2586 Mss.
711 2565 770 2585 1166
795 2559 844 2584 est
872 2553 906 2583 in
932 2552 1003 2582 edd.

305 2611 354 2640 pr.
384 2601 512 2631 Primus
550 2599 674 2630 addidit
704 2598 877 2628 victorius
921 2595 1005 2625 Mihi

307 2650 433 2672 rectum
463 2643 608 2672 videtur:
643 2651 719 2671 nam
749 2641 783 2670 in
811 2639 871 2669 hac
900 2637 1007 2684 fornia

304 2686 476 2720 orationis,
493 2695 555 2724 qua
570 2683 647 2723 quid
662 2683 702 2713 ad
716 2682 858 2712 alterum
875 2689 1003 2721 proprie

305 2727 528 2766 restringitur,
565 2735 692 2766 semper
728 2724 869 2762 additur.
913 2721 1004 2752 Alias

305 2779 371 2798 nnn
402 2771 508 2808 primo
537 2768 608 2797 loco
638 2768 718 2797 mihi
746 2767 919 2806 posuisset,
947 2763 1002 2793 sed

304 2811 455 2841 dixisset:
480 2811 605 2853 Quodsi
623 2811 703 2840 mihi
726 2810 785 2840 ἃς.
801 2807 858 2839 Gr.
877 2807 937 2847 ἐμοὶ
955 2807 1006 2846 μὲν

303 2852 335 2885 δὲ
352 2855 375 2884 εἰ
391 2856 449 2885 ἃς,

1050 2511 1220 2540 ctissimis:
1245 2510 1339 2550 idque
1367 2511 1415 2540 ita
1433 2511 1645 2542 manifestum
1667 2522 1750 2549 esse,

1048 2559 1088 2582 ut
1099 2553 1218 2583 clarius
1231 2562 1299 2583 esse
1312 2562 1378 2583 non
1392 2554 1505 2593 possit,
1514 2559 1627 2592 estque
1642 2553 1750 2593 glossa

1048 2595 1196 2630 alterius,
1208 2596 1295 2625 sedes
1303 2596 1441 2631 honoris,
1454 2605 1513 2625 nec
1522 2606 1560 2625 ea
1572 2605 1657 2626 vera.
1670 2606 1748 2626 nam

1050 2647 1115 2667 non
1132 2637 1241 2673 modo,
1257 2641 1315 2667 aut
1338 2647 1404 2667 non
1419 2644 1490 2667 tam
1508 2637 1601 2674 sella,
1623 2639 1678 2668 sed
1700 2638 1749 2668 lo.

1046 2689 1102 2709 cus
1117 2685 1167 2709 est
1182 2679 1237 2709 1116
1259 2679 1409 2719 princeps
1424 2679 1459 2709 in
1473 2685 1603 2717 senatu,
1619 2681 1673 2710 ubi
1696 2689 1746 2710 se-

1046 2722 1156 2758 debat,
1180 2721 1386 2762 praesidcbat,
1408 2731 1506 2761 penes
1528 2731 1623 2760 quem
1638 2726 1749 2754 essent

1046 2764 1158 2794 fasces.
1187 2764 1323 2802 Signum
1339 2763 1455 2802 glossae
1467 2765 1568 2794 etiam
1582 2769 1644 2799 est,
1659 2765 1746 2804 quod

1048 2806 1082 2835 in
1113 2806 1203 2836 libris
1239 2805 1433 2846 quibusdam
1469 2806 1601 2837 additur
1627 2807 1663 2838 id
1686 2811 1746 2840 est.

1050 2848 1178 2880 0616νί-
