1907 3231
659 108 779 147 PRO
805 109 851 147 A.
878 76 1134 146 cAEc-lm.
1551 116 1628 156 487

171 209 493 267 vi‘quotidiana
514 223 601 253 non
633 214 735 254 satis
754 223 832 265 est,
862 227 986 269 posse
1009 212 1172 254 docere
1204 226 1248 253 se
1277 205 1512 269 dejectum,
1538 216 1622 260 nisi

172 269 400 310 ostendere
419 270 571 325 possit,
595 285 693 312 cum
715 271 969 328 possideret,
986 280 1084 311 tum
1108 270 1341 325 dejectum.
1363 287 1418 313 ne
1448 274 1492 316 id
1523 275 1620 330 qui-

171 324 270 366 dem
300 327 404 368 'satis
432 335 510 378 est,
534 328 615 368 nisi
647 329 790 379 docet,
821 329 883 370 ita
913 343 957 369 se
987 328 1242 384 possedisse,
1267 337 1313 368 ut
1345 343 1426 370 nec
1456 332 1514 382 vi,
1537 347 1617 375 nec
1658 357 1661 360 ⁴

169 381 296 435 clam,
317 398 398 425 nec
419 385 612 440 precario
635 387 888 442 possederit.
921 405 930 413 ··
949 385 1102 441 Itaque
1124 385 1175 436 is,
1197 385 1270 441 qui
1303 399 1348 426 se-
1378 388 1616 430 restituisse

167 439 298 491 dixit,
319 445 477 497 magna
499 456 606 484 voce
629 458 745 500 saepe
770 443 969 485 confiteri
1001 443 1124 494 solet,
1146 457 1190 484 se
1212 442 1252 484 vi
1275 443 1508 498 dejecisse:
1543 461 1613 488 ve-

167 501 260 538 rurn
279 498 382 539 illud
401 499 545 541 addit:
579 501 680 542 Non
699 501 970 558 possidebat:
995 500 1062 542 vel
1081 500 1226 552 etiam,
1240 515 1339 542 cum
1363 500 1446 543 hoc
1468 503 1608 559 ipsum
1623 519 1654 547 p·
1668 512 1740 544 303.

164 556 394 608 concessit,
427 557 563 598 vincit
597 568 743 600 tamen
777 559 1068 615 sponsionem,
1113 558 1146 599 si
1185 558 1361 614 planum
1392 558 1511 611 facit,
1553 562 1608 602 ab
1622 561 1651 581 ³·

164 612 361 654 se'illum
389 624 463 655 aut
494 616 550 666 vi,
586 617 816 668 autelam,
849 626 924 658 aut
951 616 1144 672 precario
1176 616 1429 672 possedisse.
1480 618 1522 652 96
1533 618 1608 659 Vi·
1621 624 1670 658 93

158 667 342 722 d'et'isne,
364 684 472 728 quot
492 673 816 715 defensionibus
837 688 951 724 eum,
973 674 1047 729 qui
1071 674 1162 714 sine
1190 673 1320 714 arinis
1340 689 1391 715 ac
1411 675 1609 717 multitu-

159 726 261 768 dine
293 729 380 770 vim
411 729 575 783 fecerit,
607 732 671 773 uti
701 746 827 789 posse
857 730 1043 785 majores
1068 731 1322 773 voluerunt?
1352 731 1468 774 hune
1492 748 1610 785 vero,

160 786 234 840 qui
257 786 312 828 ab
327 787 443 843 jure,
466 788 628 841 officio,
651 789 776 830 bonis
808 788 1016 839 moribus,
1039 788 1091 829 ad
1115 788 1290 839 ferrum,
1314 790 1367 830 ad
1399 805 1530 842 arma,
1553 793 1609 834 ad

157 843 323 885 caedem
356 845 618 902 confugerit,
645 850 686 881 97
701 845 865 886 nudum
895 845 939 885 in
971 860 1101 886 causa
1133 846 1389 887 destitutum
1426 848 1604 892 videtis:

156 909 220 952 ut,
243 902 317 958 qui
349 912 536 944 armatus
567 904 620 945 de
650 903 921 959 possessione
941 902 1250 953 contendisset,
1271 904 1447 945 inermis
1480 906 1607 960 plane

154 957 208 999 de
242 961 473 1016 sponsione
503 969 700 1002 certaret.
763 959 932 1016 Ecquid
962 960 1097 1016 igitur
1127 961 1319 1012 interest,
1353 961 1471 1013 Piso,
1493 963 1606 1006 iuter

151 1014 250 1059 haec
282 1018 538 1061 interdicta?
569 1017 725 1074 ecquid
755 1018 949 1068 interest,
981 1028 1125 1058 utrum
1158 1017 1241 1060 hoo
1273 1019 1483 1071 additum,
1514 1036 1604 1063 cum

153 1072 212 1115 Α.
239 1072 402 1116 Coecina
425 1075 661 1131 possederit,
685 1078 847 1118 necne?
880 1075 1050 1131 Ecquid
1083 1087 1125 1116 te
1148 1076 1266 1117 ratio
1291 1076 1419 1132 juris,
1446 1080 1602 1134 ecquid

148 1131 479 1174 interdictorum
511 1133 853 1185 dissimilitudo,
894 1133 1050 1190 ecquid
1100 1134 1334 1175 auctoritas
1385 1136 1600 1191 majorum

149 1188 424 1233 commovet?
456 1191 501 1232 Si
523 1201 636 1233 esset
658 1192 877 1233 additum:
910 1191 964 1232 de
985 1206 1037 1232 eo
1059 1191 1195 1247 quaeri
1218 1202 1452 1248 oporteret.
1477 1194 1600 1235 addi-

147 1250 361 1289 tum'non
393 1258 482 1291 est:
517 1259 659 1290 tamen
692 1249 941 1305 oportebit?
972 1248 1119 1304 Atque
1146 1264 1228 1305 ego
1260 1250 1303 1290 in
1339 1251 1421 1292 hoc
1457 1251 1660 1296 Caeci-94

146 1316 248 1347 nam
271 1310 357 1347 non
380 1307 584 1349 defendo.
606 1307 798 1363 possedit
819 1307 935 1347 enim
960 1306 1153 1357 Caecina,
1176 1319 1521 1364 recuperatores:
1554 1321 1598 1351 et

147 1362 205 1415 id,
238 1365 407 1406 tametsi
438 1374 563 1406 extra
593 1379 766 1406 causam
798 1374 878 1415 est,
913 1378 1159 1420 percurram
1198 1374 1344 1406 tamen
1382 1367 1516 1417 brevi,
1551 1376 1598 1409 ut

144 1435 233 1475 non
258 1422 400 1463 minus
431 1422 652 1463 hominem
685 1422 843 1478 ipsum,
865 1436 996 1476 quam
1020 1421 1095 1476 jus
1118 1436 1349 1463 commune
1371 1424 1596 1466 defensum

142 1477 300 1520 velitis.
361 1479 634 1521 Caesenniam
668 1479 909 1535 possedisse
939 1488 1116 1534 propter
1148 1480 1481 1532 usumfructum,
1508 1496 1596 1524 non

140 1549 290 1592 negas.
352 1538 440 1584 Qui
465 1537 644 1579 colonus
678 1537 830 1578 habuit
860 1536 1127 1578 conductum
1158 1537 1211 1578 de
1235 1538 1465 1580 Caesennia
1497 1540 1596 1580 fun-

140 1593 260 1645 dum,
284 1597 325 1629 98
338 1610 437 1637 cum
469 1595 584 1636 idem
615 1610 670 1636 ex
702 1595 853 1636 eadem
883 1594 1176 1636 conductione
1207 1594 1338 1636 fuerit
1368 1596 1410 1637 in
1443 1596 1596 1649 fundo,

140 1651 320 1694 dubium
357 1662 436 1705 est,
467 1653 587 1709 quin,
622 1653 654 1694 si
688 1652 920 1694 Caesennia
953 1661 1044 1692 tum
1081 1652 1346 1708 possidebat,
1373 1669 1472 1695 cum
1503 1664 1597 1695 erat

139 1709 319 1751 colonus
343 1711 385 1751 in
409 1711 561 1762 fundo,
583 1720 684 1768 post
704 1710 797 1766 ejus
823 1719 1007 1751 mortem
1039 1709 1161 1751 heres
1184 1710 1336 1751 eodem
1361 1711 1462 1766 jure
1494 1727 1594 1768 pos-

138 1767 326 1811 sederit?
360 1768 531 1810 Deinde
562 1768 654 1825 ipse
687 1768 880 1819 Caecina,
903 1782 1003 1809 culn
1034 1768 1237 1809 circuiret
1270 1769 1448 1824 praedia,
1473 1771 1593 1811 venit

137 1824 184 1866 in
214 1825 347 1866 istum
379 1826 587 1878 fundum3
618 1826 806 1867 rationes
837 1842 862 1867 a
883 1826 1038 1867 colono
1072 1826 1256 1881 accepit.
1288 1837 1387 1867 sunt
1418 1827 1461 1867 in
1493 1842 1589 1875 eam

135 1897 226 1924 rem
251 1883 513 1925 testimonia.
574 1884 734 1925 Postea
753 1899 844 1935 cur,
868 1883 1036 1934 AEbuti,
1060 1884 1113 1923 de
1145 1883 1227 1924 isto
1261 1885 1406 1939 potius
1436 1884 1587 1937 fundo,
1600 1895 1649 1929 95

136 1954 264 1997 quam
289 1941 341 1982 de
368 1942 467 1993 alio,
490 1942 523 1981 si
548 1957 676 1999 quem
706 1941 856 1992 habes,
880 1941 1072 1982 Caecinae
1104 1941 1405 1993 denuntiabas,
1430 1942 1462 1982 si
1488 1942 1587 1984 Cae-

132 1997 233 2040 cina
263 2013 349 2041 non
381 1999 658 2056 possidebat?
691 1998 790 2056 Ipse
810 2013 953 2056 porro
988 1998 1168 2039 Caeoina
1199 2013 1276 2039 cur
1315 2014 1359 2040 se
1393 2001 1586 2042 moribus

133 2055 289 2097 deduci
325 2058 516 2099 volebat:
556 2057 686 2114 idque
716 2057 898 2109 tibi,'de
929 2057 1182 2107 amicorum,
1205 2056 1337 2098 etiam
1368 2058 1421 2098 de
1451 2058 1586 2114 ipsius

136 2112 188 2155 C.
210 2113 391 2171 Aquillii
415 2116 629 2156 sententia
649 2118 690 2150 99
704 2115 1012 2173 responderat?

130 2281 236 2310 versa,
252 2283 281 2304 v.
297 2274 390 2305 Clav.
412 2274 499 2306 forte
513 2280 628 2306 tamen
652 2274 771 2305 melius
792 2275 835 2305 sit
880 2274 954 2314 δια]
982 2276 1052 2307 scil.
1078 2280 1153 2315 post
1175 2285 1226 2313 ea,
1246 2285 1322 2306 cum
1349 2285 1415 2306 non
1442 2276 1585 2317 amplius

130 2315 294 2357 dijuncta.
879 2324 1015 2358 propter
1030 2328 1125 2348 usum
1139 2318 1287 2348 fructum
1300 2318 1495 2358 possideret,
1506 2329 1585 2355 ven-

170 2359 214 2393 96
237 2359 419 2397 Videtisne,
445 2358 754 2400 quot—voluerunt]
781 2360 835 2390 Ci-
879 2360 949 2390 dito
972 2361 1042 2391 scil.
1065 2361 1192 2398 fund03
1216 2361 1273 2390 ubi
1297 2370 1363 2390 non
1388 2367 1520 2400 poterat
1541 2362 1584 2392 ab

128 2410 204 2432 cero
219 2401 351 2433 videtur
364 2403 530 2443 scripsisse
544 2403 718 2433 voluerint.
735 2402 835 2432 Com·
878 2403 949 2442 ipsa
964 2404 1165 2434 conductum
1192 2403 1310 2433 habere
1332 2402 1471 2433 fundum
1493 2403 1582 2434 eolo—

127 2442 299 2484 pendium,
328 2445 417 2484 quod
443 2455 473 2475 v.
503 2456 531 2475 c.
564 2451 615 2475 est
639 2445 674 2475 in
700 2445 752 2475 ed.
776 2444 831 2475 w.
875 2454 951 2482 nus,
970 2446 1031 2476 nisi
1047 2447 1117 2486 ipsa
1132 2445 1312 2486 possideret
1325 2446 1399 2485 jure
1413 2446 1579 2477 emtionis.

123 2487 260 2523 {elueri}
276 2492 417 2527 utroque
433 2487 531 2518 modo
545 2485 610 2526 legi
626 2492 746 2527 potest.
876 2487 1049 2520 Manutius
1064 2489 1119 2520 'nic
1133 2488 1242 2518 hausit.
1278 2487 1377 2517 Forte
1390 2493 1506 2518 tamen
1522 2488 1580 2519 ali-

166 2532 208 2563 97
231 2530 357 2561 nudum
379 2531 417 2561 in
441 2540 545 2561 causa
567 2531 761 2561 destitutum
784 2530 831 2560 vi·
876 2531 955 2569 quid
968 2532 1102 2567 excidit,
1118 2530 1206 2570 quod
1225 2530 1268 2561 ad
1282 2535 1413 2571 tempus
1436 2531 1579 2571 pertine-

123 2570 221 2611 detz's]
253 2572 306 2603 Sic
333 2573 404 2603 edd.
435 2583 483 2613 pr.
526 2573 571 2604 At
599 2573 706 2603 duma
732 2578 767 2604 et
787 2573 829 2602 Ρ.
872 2580 935 2604 ret.

122 2612 298 2644 Manutius
311 2614 462 2646 addidere
475 2626 548 2655 que,
562 2617 828 2655 destitutumque,
914 2620 956 2650 99
978 2615 1204 2656 responderat]
1244 2614 1327 2645 Edd.
1356 2624 1404 2654 pr.
1431 2615 1578 2648 adduntz

120 2656 210 2686 unde
225 2656 374 2688 clausula
388 2658 570 2689 hexametri
586 2659 743 2688 nascitur.
768 2659 828 2688 Est
872 2663 903 2689 et
922 2660 967 2690 ad
988 2669 1073 2690 eum.
1119 2658 1222 2689 Aldus
1247 2657 1372 2688 addidit
1393 2657 1578 2697 stellulam,

121 2697 267 2729 foi-muta
294 2705 391 2730 notat
424 2701 551 2731 nudum
581 2702 765 2731 destituere.
796 2711 825 2730 v.
871 2701 1001 2732 lacunae
1029 2701 1184 2732 indicem.
1239 2699 1381 2730 Sustulit
1408 2699 1578 2738 laciniam,

121 2740 214 2772 Clav.
229 2741 262 2771 in
276 2741 450 2773 destituere
461 2748 495 2774 et
509 2744 694 2774 destitutus.
711 2743 822 2774 Etiam
865 2743 988 2781 Junta,
1016 2745 1173 2774 imitante
1204 2743 1240 2773 P.
1263 2742 1432 2779 manatio,
1461 2749 1576 2774 natam

118 2781 320 2823 adjectivum
348 2795 424 2815 eum
449 2787 625 2827 participio
648 2787 718 2817 sine
740 2787 822 2816 vitio
866 2797 885 2816 e
901 2796 990 2827 seqq.
1006 2788 1155 2818 atenim.
1200 2785 1308 2817 ‹Juuta
1330 2785 1432 2816 etiam
1448 2796 1578 2827 respon-

110 2825 280 2867 jungitur.
863 2829 965 2860 derit.

159 2870 200 2903 98
223 2877 300 2900 cum
322 2869 408 2901 idem
423 2880 463 2902 ex
484 2871 599 2902 eadem
613 2872 824 2903 conductione

795 2913 900 2958 1i4
