1907 3231
341 135 417 170 292
727 182 734 187 ψ
850 132 914 169 IN
950 131 1230 169 VERREM

343 248 472 288 quam
494 247 641 275 scurra
657 233 892 290 appellatus
914 235 982 276 sit.
1005 235 1179 280 afferam
1202 251 1290 276 rem
1322 235 1534 291 ejusmodi
1569 236 1611 276 in
1644 235 1782 278 decu-¹

342 290 440 341 mis,
471 300 519 331 ut
539 289 651 332 Alba
671 293 870 341 fateatur,
902 292 1030 334 istum
1052 292 1096 333 in
1124 307 1166 335 re
1194 293 1486 343 frumentaria,
1516 301 1559 333 et
1581 293 1624 333 in
1649 294 1773 334 bonis

299 338 330 385 3
346 357 560 389 aratorum
581 358 726 404 aperte
758 349 980 404 palamque
1007 364 1097 389 esse
1129 351 1381 404 praedatum,
1444 349 1659 390 Decumas
1681 350 1775 406 agri

259 405 547 449 147'Leontini
571 420 727 461 magno
748 405 855 446 dicit
876 419 918 445 se
942 405 1194 446 vendidisse.
1256 406 1435 447 Ostendi
1453 406 1545 461 jam
1570 407 1670 449 illud
1694 407 1776 447 ini-

345 462 422 513 tio,
453 477 538 503 non
570 462 904 503 existimandum
940 476 1096 517 magno
1121 462 1359 503 vendidisse
1391 478 1504 513 eum,
1536 465 1608 519 qui
1643 464 1776 504 verbo

343 519 545 561 decumas
578 518 831 568 vendiderit,
862 532 920 568 re,
956 528 1000 558 et
1032 518 1294 570 conditione,
1330 529 1371 560 et
1405 520 1512 575 lege,
1546 535 1588 561 et
1617 521 1776 571 edicto,

343 586 387 617 et
419 577 592 617 licentia
625 575 973 625 decumanorum,
1004 575 1204 616 decumas
1239 577 1477 617 aratoribus
1513 578 1647 618 nullas
1680 577 1776 618 reli-

343 648 447 689 quas
471 633 634 673 fecerit.
697 630 839 672 Etiam
871 631 974 672 illud
1007 633 1189 683 ostendi,
1220 633 1459 673 vendidisse
1489 633 1593 675 alios
1616 648 1775 690 magno

342 691 544 730 decumas
585 688 688 744 agri.
723 688 938 739 Leontini,
969 698 1293 744 ceterorumque
1332 705 1553 745 agrorum:
1595 701 1640 732 et
1680 691 1775 748 lege

345 746 581 787 Hieronica
604 746 869 787 vendidisse:
901 756 944 787 et
965 746 1095 802 pluris
1117 747 1261 797 etiam,
1293 761 1419 801 quam
1452 757 1492 787 te
1515 748 1774 794 vendidisse:

342 818 422 844 nec
445 811 655 843 aratorem
678 817 935 858 quemquam
957 818 1047 844 esse
1069 813 1282 858 questum.
1303 818 1383 845 nec
1404 804 1519 844 enim
1549 804 1632 846 fuit
1660 806 1776 860 quod

342 861 570 916 quisquam
583 861 704 914 queri
719 869 877 917 posset,
895 875 994 901 cum
1010 861 1103 916 lege
1122 861 1363 916 aequissime
1383 861 1542 916 scripta
1559 863 1774 904 venirent:

341 931 480 972 neque
503 917 607 958 illud
628 932 834 973 umquam
866 919 1043 959 aratoris
1073 918 1282 969 interfuit,
1310 918 1679 973 quantidecumae
1704 933 1775 961 ve·-

341 974 498 1016 nitent.
521 989 610 1015 non·
631 974 745 1029 enim
779 975 840 1016 ita
871 982 949 1025 est,
982 984 1043 1026 ut,
1077 975 1110 1016 si
1136 990 1294 1031 magno
1319 976 1543 1026 venierint,
1570 975 1664 1031 plus
1685 990 1779 1017 ara-

343 1039 411 1073 tor
442 1032 622 1073 debeat:
656 1031 689 1071 si
723 1046 870 1087 parvo,
891 1032 1032 1073 minus
1107 1032 1168 1074 Ut
1199 1032 1415 1073 frumenta
1443 1042 1545 1073 nata
1573 1041 1685 1084 sunt,
1717 1032 1780 1073 ita

342 1088 536 1130 decumae
559 1098 759 1130 veneunt.
789 1089 967 1130 aratoris
998 1097 1141 1130 autem
1171 1090 1361 1140 interest,
1394 1090 1455 1130 ita
1487 1104 1530 1131 se
1562 1089 1778 1131 frumenta

342 1144 514 1197 habere,
538 1154 586 1186 ut
607 1145 800 1186 decumae
821 1160 951 1201 quam
980 1146 1163 1202 plurimo
1186 1147 1329 1187 venire
1357 1147 1536 1203 possint.
1558 1146 1660 1187 dum
1683 1161 1776 1188 ara-

344 1210 412 1243 tor
433 1218 486 1243 ne
507 1203 602 1258 plus
621 1202 802 1244 decuma
819 1203 905 1254 det,
926 1204 1103 1259 expedit
1121 1203 1158 1244 ei
1181 1204 1405 1245 decumam
1426 1218 1516 1245 esse
1538 1218 1666 1259 quam
1684 1218 1776 1245 ma-

261 1279 332 1313 143
346 1259 469 1301 ximi.
529 1260 689 1300 Verum
720 1260 819 1311 hoc,
851 1270 899 1300 ut
931 1262 1098 1316 opinor,
1134 1275 1226 1301 esse
1255 1262 1317 1302 vis
1347 1271 1479 1317 caput
1512 1260 1773 1302 defensionis

346 1327 447 1368 tuae,
477 1332 638 1373 magno
672 1327 713 1357 te
743 1318 943 1358 decumas
975 1318 1230 1368 vendidisse,
1281 1319 1403 1374 Tagri
1429 1332 1528 1360 vero
1560 1318 1776 1368 Leontini,

344 1375 418 1429 qui
451 1373 683 1430 plurimum
711 1375 859 1426 efficit,
892 1375 1023 1416 tritici
1058 1375 1252 1416 modium
1283 1389 1432 1416 ccxvr
1462 1374 1677 1424 millibus,
1729 1374 1775 1415 Si

213 1432 494 1488 p,131,doceo,
523 1431 656 1487 pluris
689 1432 907 1487 aliquanto
935 1432 1126 1487 potuisse
1161 1442 1203 1473 te
1226 1433 1419 1483 vendere,
1441 1446 1581 1488 neque
1612 1431 1680 1472 his
1700 1446 1779 1472 vo·-

301 1500 330 1521 a.
345 1488 474 1530 luisse
494 1489 705 1539 addicere,
735 1490 810 1544 qui
843 1499 991 1530 contra
1012 1488 1253 1544 Apronium
1289 1489 1543 1540 licerentur;
1573 1498 1616 1530 et
1635 1487 1779 1544 Apro-

345 1546 420 1587 nio
441 1545 578 1587 multo
599 1546 792 1597 minoris,
822 1561 950 1601 quam
979 1546 1071 1586 aliis
1104 1546 1308 1603 potueris,
1345 1547 1596 1597 tradidisse3
1627 1546 1666 1593 si
1692 1545 1776 1586 hoc

346 1603 506 1653 doceo3
530 1602 743 1658 poteritne
758 1613 812 1653 te,
827 1602 952 1654 Alba,
968 1613 1064 1644 tuus
1081 1603 1401 1658 antiquissimus
1414 1618 1499 1644 non
1520 1602 1657 1643 solum
1671 1603 1776 1643 ami-

262 1648 333 1703 64
345 1675 439 1711 0115,
456 1674 604 1701 verum
625 1659 756 1701 etiam
779 1670 957 1710 amator,
980 1660 1224 1702 absolvere?
1256 1660 1386 1711 Dico,
1406 1661 1594 1715 equitem
1615 1659 1779 1700 Roma-

343 1731 463 1768 num,
498 1716 719 1758 hominem
758 1717 801 1758 in
836 1717 983 1774 primis
1022 1718 1263 1768 honestum,
1296 1718 1353 1763 Q.
1384 1717 1645 1767 Minucium,
1677 1731 1776 1758 cum

345 1775 410 1816 sui
444 1774 669 1824 similibus,
700 1774 753 1815 ad
788 1775 988 1815 decumas
1029 1775 1121 1830 agri
1164 1774 1365 1816 Leontini
1407 1774 1539 1815 tritici
1582 1772 1776 1814 modium

342 1845 431 1872 non
464 1845 559 1882 cm,
589 1846 677 1872 non
701 1845 777 1872 elo
799 1845 893 1881 cm,
915 1846 1001 1872 non
1027 1845 1103 1872 cm
1123 1845 1199 1873 cm
1221 1846 1316 1882 cm,
1348 1831 1420 1872 sed
1449 1831 1501 1872 ad
1525 1845 1629 1872 unas
1651 1830 1778 1871 unius

342 1889 435 1943 agri
458 1888 658 1929 decumas
681 1889 814 1929 tritici
836 1889 1031 1930 modium
1055 1903 1158 1929 xxx
1183 1889 1317 1930 millia
1340 1888 1522 1929 voluisse
1544 1888 1711 1938 addere,
1733 1895 1777 1927 et

342 1946 382 1986 ei
419 1954 677 2000 potestatem
713 1946 883 1987 emendi
912 1961 1000 1987 non
1029 1960 1120 1986 esse
1154 1945 1328 1997 factam,
1359 1959 1412 1985 ne
1446 1960 1513 1986 res
1549 1945 1687 1985 abiret
1721 1943 1777 1984 ab

259 1999 330 2035 l49
343 2001 554 2058 Apronio.
607 2003 778 2059 Negare
795 2003 894 2053 hoc,
916 2003 998 2044 nisi
1022 2002 1132 2043 forte
1153 2017 1309 2059 negare
1331 2002 1477 2044 omnia
1497 2000 1777 2052 constituisti,

342 2059 458 2100 nullo
480 2060 609 2101 modo
641 2070 778 2116 potes.
814 2059 955 2116 palam
989 2075 1053 2100 res
1087 2070 1208 2115 gesta
1233 2068 1312 2111 est,
1333 2060 1525 2100 maximo
1546 2066 1779 2108 conventu,
1800 2058 1804 2062 ’

343 2116 591 2172 Syracusis:
627 2117 745 2157 testis
779 2126 846 2158 est
866 2126 959 2158 tota
988 2118 1226 2173 provincia,
1248 2127 1475 2173 propterea
1506 2116 1621 2171 quod
1653 2115 1778 2155 undi-

341 2188 425 2228 que
445 2174 498 2215 ad
521 2174 719 2215 emendas
743 2175 943 2215 decumas
966 2175 1104 2215 solent
1124 2188 1175 2215 eo
1198 2174 1442 2215 convenire.
1464 2173 1579 2228 quod
1602 2173 1690 2213 sive
1712 2171 1775 2212 fa-

341 2231 458 2282 teris,
492 2231 581 2272 sive
610 2232 905 2284 convinceris3
936 2241 1056 2286 quot,
1089 2241 1133 2272 et
1166 2246 1294 2286 quam
1327 2230 1565 2271 manifestis
1588 2229 1630 2270 in
1652 2230 1777 2270 rebus

341 2296 527 2338 teneare,
547 2303 634 2329 non
656 2288 798 2330 vides?
829 2288 1016 2344 primum
1040 2298 1158 2329 tuam
1181 2303 1269 2329 rem
1292 2288 1406 2328 illam
1428 2297 1471 2327 et
1495 2287 1684 2342 praedam
1708 2285 1777 2326 fu-

341 2343 438 2385 isse.
461 2359 576 2397 nam,
598 2345 680 2386 nisi
702 2346 764 2386 ita
785 2354 909 2397 esset,
931 2361 1006 2386 cur
1040 2355 1086 2386 tu
1119 2345 1361 2402 Apronium
1393 2343 1596 2394 malebas,
1628 2347 1777 2398 (quem

340 2416 489 2443 omnes
512 2410 633 2443 tuum
664 2416 892 2459 procurare
921 2403 963 2443 in
992 2403 1182 2444 decumis
1210 2402 1432 2458 negotium
1456 2401 1785 2455 loquebantur),

340 2472 469 2512 quam
504 2458 767 2510 Minucium,
798 2459 998 2500 decumas
1032 2460 1124 2515 agri
1161 2459 1361 2500 Leontini
1399 2461 1592 2500 sumere?
1623 2456 1778 2497 deinde

340 2514 597 2557 immensum
638 2526 766 2572 atque
803 2516 1021 2557 infinitum
1062 2517 1227 2558 lucrum
1263 2530 1353 2556 esse
1391 2515 1568 2556 factum.
1604 2528 1703 2554 nam
1740 2513 1776 2554 si

342 2585 448 2612 xxx
472 2573 660 2614 millibus
683 2573 875 2614 modium
897 2574 1030 2615 tritici
1055 2583 1099 2614 tu
1123 2581 1364 2614 commotus
1386 2587 1470 2613 non
1493 2585 1630 2623 csses3
1661 2580 1777 2611 certe

341 2627 426 2669 hoc
448 2629 562 2670 idem
590 2630 696 2671 lucri
722 2630 943 2671 Minucius
967 2630 1162 2686 Apronio
1198 2630 1378 2671 libenter
1409 2629 1608 2680 dedisset,
1640 2628 1673 2668 si
1707 2626 1779 2668 ille

258 2685 537 2742 l5oaccipere
558 2686 776 2728 voluisset.
839 2687 1059 2734 Quantam
1089 2688 1223 2744 igitur
1252 2686 1312 2727 illi
1345 2700 1463 2743 spem
1497 2685 1654 2741 praedae
1677 2698 1777 2740 pro-

382 2801 423 2832 47
447 2804 542 2839 atque
567 2800 711 2830 aliorum
737 2801 866 2840 quidem
882 2810 1043 2838 agrorum
1086 2801 1156 2831 bus.
1179 2800 1358 2830 Lambinus
1374 2809 1412 2829 cx
1430 2798 1560 2835 Codice,
1577 2798 1684 2828 nescio
1699 2805 1785 2837 quo,-

335 2842 542 2880 proportione
556 2852 676 2881 magno
688 2842 840 2874 decumas
847 2843 1038 2882 vendidisse]
1085 2842 1220 2876 addidit.
1260 2841 1376 2873 Delevi
1389 2850 1465 2872 cum
1479 2840 1618 2871 Graevio.

343 2883 423 2914 Haec
438 2893 505 2915 non
519 2889 600 2916 sunt
622 2885 658 2916 in
680 2884 759 2916 Mss.
775 2890 809 2916 et
834 2884 907 2918 edd.
923 2885 1041 2916 veteri-
