1907 3231
284 120 364 164 372
802 119 873 161 IN
898 118 1176 160 VERREM

284 223 493 277 fecerant,
523 232 667 268 tamen
695 225 792 268 haec
820 226 1132 281 relinquebant,
1161 232 1212 265 ut
1240 223 1315 276 illi,
1335 223 1546 281 &quibus
1573 238 1624 267 ea
1645 219 1722 281 juo

288 282 430 323 cunda
460 293 572 335 sunt,
593 299 691 340 quae
722 284 848 325 nobis
878 284 989 324 levia
1017 283 1230 328 videntur,
1251 282 1458 324 haberent
1487 283 1582 324 haec
1602 282 1725 323 oble⁴

205 338 277 374 135
291 347 520 392 stamenta,
552 351 596 382 et
634 341 786 382 solatia
813 341 1043 381 servitutis.
1105 339 1222 386 Quid
1254 339 1520 381 arbitramini
1556 339 1722 395 Rhegi-

288 411 382 448 nos,
403 398 477 452 qui
500 398 595 454 jam
617 399 731 439 cives
764 396 949 438 Romani
980 404 1094 447 sunt,
1115 397 1154 427 63
1168 410 1328 438 merere
1355 397 1476 448 velle,
1508 406 1555 438 ut
1584 397 1639 437 ab
1659 396 1721 436 eis

289 468 528 496 marmorea
549 456 693 496 Venus
718 454 789 494 illa
818 453 1061 495 auferatur?
1092 453 1194 508 quid
1215 452 1484 504 Tarentinos,
1507 463 1554 495 ut
1585 453 1723 494 Euro·
1766 466 1771 471 ·

289 525 389 566 pam
410 511 454 552 in
476 522 598 553 tauro
620 511 837 552 sedentem
858 511 1086 552 amittant?
1117 519 1164 551 ut
1190 510 1405 565 Satyrum,
1427 511 1501 566 qui
1527 511 1641 567 apud
1670 510 1722 551 il-

291 567 352 609 los
377 569 419 609 in
452 569 543 610 aede
565 569 708 609 Vestae
731 570 823 609 est?
853 576 902 608 ut
923 570 1092 609 cetera?
1121 568 1224 623 quid
1245 566 1542 624 Thespienses‚
1564 578 1612 609 ut
1634 567 1723 609 Cu-

247 625 448 681 b-pidinis
490 627 675 681 signum,
715 632 892 680 propter
932 625 1047 680 quod
1087 639 1221 665 unum
1261 624 1456 666 visuntur
1492 625 1727 681 Thespiae?

288 683 392 737 quid
427 681 621 733 Cnidios,
653 691 701 722 ut
733 682 943 723 Venerem
973 685 1283 724 marmoream?
1316 682 1435 737 quid,
1466 691 1515 722 ut
1545 683 1722 738 pictam,

289 739 433 780 Coos?
479 739 583 794 quid
623 738 849 795 Ephesios,
889 747 937 780 ut
974 738 1295 780 Alexandrum?
1326 739 1430 795 quid
1467 739 1724 795 Cyzicenos,

286 804 336 836 ut
356 795 551 851 Ajacem,
573 805 647 838 aut
670 796 902 838 Medeam?
933 797 1037 852 quid
1062 796 1274 847 Rhodios,
1295 804 1342 837 ut
1368 795 1584 851 Ialysum?
1615 795 1720 852 quid

286 852 587 905 Athenienses,
605 863 654 894 ut
675 868 731 894 ex
751 868 963 895 marmore
986 853 1207 904 Iacchum,
1230 862 1304 894 aut
1323 853 1522 894 Paralum
1541 853 1724 909 pictum,

287 920 362 952 aut
383 925 438 951 ex
461 926 544 952 aere
567 911 767 966 Myronis
789 911 1018 952 buculam?
1052 911 1251 967 Longum
1272 919 1336 952 est
1357 919 1400 951 et
1423 925 1510 951 non
1530 924 1725 952 necessa-

286 968 413 1019 rium,
435 982 785 1019 commemorare,
807 983 904 1023 quae
936 968 1049 1023 apud
1074 983 1266 1024 quosque
1297 968 1472 1008 visenda
1502 975 1601 1008 sunt
1630 975 1724 1008 tota

287 1024 393 1066 Asia
421 1035 464 1066 et
497 1025 684 1066 Graecia.
706 1026 747 1056 64
758 1039 902 1066 verum
936 1025 1039 1066 illud
1070 1034 1148 1076 est,
1171 1026 1451 1081 quamobrem
1479 1025 1575 1066 haec
1603 1039 1723 1066 com-

286 1096 546 1134 memorem,
577 1083 693 1137 quod
716 1083 963 1123 existimare
984 1097 1060 1123 vos
1092 1082 1174 1123 hoc
1197 1082 1310 1133 volo,
1330 1082 1486 1123 mirum
1507 1082 1724 1138 quendam

287 1139 478 1180 dolorem
507 1140 701 1181 accidere
730 1140 796 1190 iis,
825 1153 880 1180 ex
913 1155 1098 1194 quorum
1127 1140 1304 1180 urbibus
1335 1139 1429 1181 haec
1461 1140 1723 1181 auferantur,

203 1183 271 1237 61
288 1194 446 1252 Atque,
475 1206 523 1237 ut
553 1205 718 1238 ceteros
739 1197 1004 1248 omittamus,
1037 1197 1090 1238 de
1119 1197 1221 1253 ipsis
1253 1197 1530 1253 Syracusanis
1559 1211 1724 1253 cogno-

203 1254 417 1295 136seite:
449 1254 502 1294 ad
533 1269 640 1309 quos
662 1269 744 1310 ego
771 1269 871 1295 cum
898 1255 1122 1305 venissem,
1154 1254 1215 1295 sic
1246 1254 1385 1310 primo
1406 1254 1724 1306 existimabam,

288 1321 335 1352 ut
359 1310 514 1352 Romae
535 1326 589 1351 ex
620 1312 742 1352 istius
772 1311 922 1352 amicis
953 1326 1216 1367 acceperam,
1239 1311 1460 1353 civitatem
1492 1311 1722 1367 Syracusa·

283 1383 384 1409 nam
408 1378 583 1424 propter
605 1367 797 1409 Heraclii
819 1368 1116 1420 hereditatem,
1139 1384 1225 1410 non
1248 1369 1388 1409 minus
1410 1383 1501 1409 esse
1524 1368 1595 1408 isti
1616 1369 1726 1410 ami-

284 1439 394 1476 cam,
426 1441 554 1480 quam
589 1425 898 1466 Mamertinam
937 1435 1112 1482 propter
1146 1426 1387 1482 praedarum
1421 1441 1472 1467 ac
1509 1424 1723 1468 furtorum

283 1483 477 1523 omnium
510 1483 784 1524 societatem:
818 1483 943 1523 simul
964 1492 1008 1524 et
1040 1485 1227 1534 verebar,
1258 1497 1312 1523 ne
1341 1483 1568 1524 mulierum
1598 1484 1724 1525 nobi-

285 1538 388 1580 lium
413 1551 455 1580 et
479 1539 763 1580 formosarum
794 1540 946 1595 gratia,
968 1555 1148 1596 quarum
1178 1541 1259 1581 iste
1289 1540 1467 1581 arbitrio
1489 1549 1720 1595 praeturam

287 1611 362 1652 per
384 1597 615 1638 triennium
645 1606 848 1653 gesserat,
873 1597 1146 1653 virorumque
1172 1598 1429 1653 quibuscum
1458 1596 1542 1638 illae
1573 1608 1722 1653 nuptae

286 1663 421 1703 erant,
454 1655 589 1694 nimia
625 1653 670 1694 in
702 1655 832 1694 istum
864 1655 999 1695 65non
1037 1655 1167 1696 modo
1203 1655 1454 1705 lenitudine,
1486 1654 1559 1695 sed
1591 1656 1723 1696 etiam

286 1710 542 1752 liberalitate
571 1725 860 1767 oppugnarer,
894 1712 928 1751 si
957 1712 1061 1767 quid
1093 1727 1148 1753 ex
1176 1712 1329 1753 litteris
1356 1712 1722 1767 Syracusanorum

202 1771 271 1810 337
288 1769 598 1823 conquirerem.
631 1769 784 1823 Itaque
808 1769 1029 1823 Syracusis
1045 1784 1144 1810 cum
1163 1769 1329 1810 civibus
1353 1769 1561 1810 Romanis
1583 1783 1721 1812 eram:

285 1840 433 1866 eorum
456 1826 497 1856 66
510 1825 675 1866 tabulas
697 1826 1004 1881 exquirebam:
1037 1827 1214 1881 injurias
1237 1827 1568 1882 cognoscebam.
1609 1825 1724 1868 Cum

283 1882 444 1923 diutius
476 1882 520 1922 in
559 1883 737 1938 negotio
773 1897 960 1937 curaque
989 1883 1177 1935 fueram3
1208 1893 1257 1924 ut
1291 1884 1615 1939 requiescerem,
1648 1898 1725 1925 cu*

283 1954 459 1994 ramque
490 1939 622 1980 animi
653 1940 931 1992 remitterem,
961 1940 1015 1981 ad
1038 1940 1278 1996 Carpinatii
1309 1940 1536 1998 praeclaras
1557 1941 1726 1982 tabulas

323 2063 364 2094 6⁶2
379 2064 492 2103 quibus
507 2074 544 2094 ea
551 2063 707 2106 jucunda
720 2069 809 2102 sunt,
825 2065 984 2105 quoe—-vi-
1027 2066 1067 2096 ad
1080 2067 1261 2106 sequentia.

282 2105 437 2143 deantur,
469 2107 637 2146 haberent]
672 2107 839 2147 Tempora
867 2108 982 2138 vitiose
1069 2109 1108 2140 65
1117 2119 1180 2139 non
1190 2110 1280 2139 modo
1292 2109 1480 2145 lenitudine,
1489 2108 1546 2139 sed
1555 2107 1598 2148 e.]
1613 2107 1725 2146 Modo,

282 2147 492 2178 dissentiunt.
523 2150 606 2179 'Sc-r.
630 2153 689 2179 aut
703 2154 817 2186 essent,
837 2150 983 2180 videren-
1027 2151 1103 2189 quia
1118 2152 1151 2181 in
1167 2151 1313 2191 pluribus
1336 2150 1415 2180 Mss.
1431 2151 1464 2180 in
1479 2151 1528 2181 his
1541 2151 1641 2181 etiam
1657 2151 1722 2181 Gu.

283 2195 351 2226 tur,
378 2195 435 2221 aut
458 2191 629 2221 videntur.-
652 2191 736 2222 illud
761 2192 878 2221 melius
906 2202 983 2222 con-
1027 2197 1088 2230 est,
1099 2203 1173 2223 cum
1187 2193 1315 2223 Graevio
1329 2193 1446 2233 recepi,
1461 2194 1523 2223 etsi
1537 2193 1638 2223 etiam
1651 2194 1722 2223 sine

282 2233 384 2262 sentit
398 2243 473 2262 cum
491 2235 662 2264 haberent:
686 2233 748 2264 boc
760 2234 878 2271 lenius,
893 2243 927 2264 et
941 2245 980 2264 ex
1024 2236 1115 2266 modo
1141 2240 1309 2275 utcunque
1345 2235 1422 2265 ferri
1457 2239 1567 2275 potest
1602 2236 1721 2266 oratio.

282 2284 418 2313 persona
446 2277 587 2306 oratoris
611 2276 748 2307 dictum.
791 2275 912 2316 Recepi
933 2277 981 2306 ω’·
1024 2277 1086 2307 Sed
1109 2279 1314 2315 lentitudine,
1338 2277 1426 2317 quod
1449 2277 1550 2308 etiam
1575 2277 1720 2315 Graevio,

280 2316 414 2353 dentur,
429 2318 515 2355 qnod
529 2319 564 2348 in
580 2318 646 2348 Ms.v
661 2318 723 2348 Gu.
739 2319 854 2357 reperi.
1024 2324 1121 2361 capto
1159 2320 1324 2359 elegantia
1358 2320 1458 2355 verbi,
1495 2319 1616 2355 arrisit,
1652 2329 1722 2351 non

323 2359 362 2388 63
386 2369 510 2390 merere
533 2362 627 2397 velle,
653 2365 691 2391 ut
717 2361 758 2390 ab
785 2361 831 2391 eis
857 2362 914 2391 δίο.
941 2364 980 2390 ut
1021 2362 1140 2402 placet.
1183 2362 1245 2394 Est
1268 2362 1322 2392 hic
1347 2362 1488 2392 lenitudo
1511 2363 1548 2391 in.
1569 2361 1719 2399 Verrem,

280 2399 456 2440 Europam
483 2401 557 2441 δια]
594 2403 634 2432 In
662 2406 803 2441 utroque
829 2402 902 2433 edd.
929 2412 978 2442 pr.
1023 2414 1094 2442 quae
1106 2409 1194 2435 recte
1207 2404 1506 2442 dicitur,lentiwdo
1516 2405 1551 2434 in
1563 2404 1719 2444 aliquem,

280 2441 407 2473 addunt
441 2454 502 2473 ne:
543 2455 582 2474 ηε
621 2445 905 2485 αῑῃὶναίιιν-τιί
940 2455 980 2475 ne
1023 2455 1237 2486 nequaquam.

280 2484 408 2524 Europ.
422 2486 517 2515 male.
533 2497 563 2515 v.
580 2487 670 2517 Clav.
688 2487 721 2516 in
738 2497 871 2517 merere.
898 2486 978 2517 Mox
1064 2489 1105 2519 66
1134 2490 1264 2519 tabulas
1292 2487 1513 2528 exquirebam]
1544 2486 1622 2518 Non
1654 2492 1720 2525 est,
1762 2496 1763 2499 ’

279 2527 440 2557 sedentem
462 2536 537 2568 post
561 2528 673 2559 Lamb.
698 2529 818 2559 delevit
836 2530 943 2560 Graev.
960 2540 978 2559 e
1021 2531 1107 2569 quod
1122 2536 1212 2568 ante,
1232 2531 1468 2570 conquirebam,
1482 2535 1521 2560 ut
1536 2536 1571 2560 et
1585 2530 1638 2560 hic
1661 2530 1719 2561 ha-

280 2568 344 2598 Ms.
362 2569 441 2607 Ηυξ.
466 2580 523 2610 pro
540 2570 656 2609 glossa.
671 2572 825 2611 speciose,
838 2571 894 2601 sed
911 2582 979 2601 non

279 2612 358 2640 satis
375 2615 463 2641 certa
479 2613 615 2643 ratione.
659 2615 761 2644 Abest
776 2619 890 2644 tamen
903 2620 937 2644 et
960 2625 979 2644 a

279 2653 342 2683 Gu.

320 2696 361 2725 64
382 2706 412 2725 v.
440 2696 460 2725 i.
490 2702 547 2729 est.
575 2698 978 2736 quamobrem—comme-

276 2737 413 2776 morem]
445 2738 497 2768 Sic
520 2739 604 2769 edidi
631 2750 667 2769 ex
691 2739 761 2769 edd.
785 2750 834 2780 pr.
855 2745 888 2770 ut
912 2740 976 2770 Ms.

275 2780 339 2808 Ωιι.
382 2779 482 2810 Aldus
517 2781 647 2811 induxit
683 2784 975 2813 commemorarim.

274 2820 362 2852 Illud
377 2823 542 2852 consentit
555 2824 729 2853 sententias
744 2831 778 2854 et
797 2828 974 2855 structurae

273 2863 387 2894 latinae
403 2862 591 2896 subtilitati.
609 2865 696 2896 Nam
713 2867 858 2906 pertinet
872 2868 975 2899 etiam

1021 2573 1075 2603 bct
1100 2574 1161 2603 Gu.
1189 2574 1245 2604 sed
1269 2573 1494 2603 excutiebam:
1531 2582 1645 2603 verum
1672 2573 1719 2603 le·

1022 2616 1087 2645 ctio
1125 2623 1193 2645 non
1225 2620 1274 2646 est
1310 2619 1409 2645 certa.
1453 2615 1540 2645 Nam
1569 2614 1640 2645 edd.
1668 2625 1718 2654 pr.

1021 2666 1122 2696 nsque
1158 2658 1199 2688 ad
1224 2657 1421 2695 Victoriam,
1454 2656 1578 2688 habent
1603 2658 1720 2687 scribe-

1022 2700 1110 2730 bant.
1155 2700 1190 2730 P.
1216 2699 1387 2730 Manutius
1411 2699 1536 2739 primus
1563 2709 1594 2730 a.
1624 2701 1716 2730 1540.

1020 2742 1122 2772 edidit
1157 2743 1378 2782 exquirebam,
1413 2752 1451 2772 ex
1490 2741 1587 2778 libro,
1623 2751 1664 2772 an
1700 2752 1719 2772 e

1020 2786 1222 2822 conjectura,
1237 2784 1354 2814 nescio.
1385 2783 1413 2814 E
1427 2785 1604 2815 scribebam
1615 2783 1721 2824 possis

1019 2826 1171 2866 colligere
1186 2827 1373 2857 scrutabar,
