1907 3231
213 428 291 488 ἱ68

298 124 374 162 296
840 126 911 165 IN
943 125 1216 166 VERREM

303 239 376 268 D11
403 241 616 271 VOLUNT-

677 229 808 277 Quod
841 231 966 283 istuc,
994 247 1070 287 per
1101 231 1204 272 deos
1233 228 1517 276 immortales!
1549 236 1624 271 aut
1647 243 1735 285 qua

299 283 353 324 de
373 299 503 327 causa
532 287 770 329 excitatum
799 303 892 329 esse
920 289 1112 329 dicamus
1136 289 1179 328 in
1210 296 1396 329 aratores
1418 297 1506 328 tam
1528 286 1735 330 infestum

301 340 449 384 odium
471 352 599 399 atque
621 348 814 387 tantum?
845 355 1048 400 quantam
1072 345 1273 400 injuriam
1289 344 1483 386 fecerunt
1502 345 1625 386 Verri
1640 359 1734 384 ara-

304 407 431 452 tores,
449 410 499 442 ut
518 416 590 442 eos
611 402 741 443 etiam
763 403 939 443 libertus
955 411 999 443 et
1017 417 1219 443 accensus
1236 403 1328 458 ejus
1353 412 1438 443 tam
1455 402 1564 443 irato
1586 401 1735 443 animo

304 455 370 498 his
391 457 542 500 litteris
575 460 849 514 insequatur?
882 460 1035 514 Neque
1067 473 1150 515 ego
1174 459 1303 515 hujus
1333 459 1522 515 fugitivi,
1547 459 1735 514 judices,

301 514 524 570 epistolam
551 516 672 557 vobis
692 517 950 567 recitassem,
966 516 1047 556 nisi
1071 526 1119 557 ut
1139 531 1193 557 ex
1211 530 1262 557 ea
1277 517 1409 558 totius
1428 515 1602 559 familiae
1622 530 1735 572 prae-

299 581 440 628 cepta,
472 583 515 613 et
548 573 759 623 instituta,
794 583 837 613 et
865 573 1137 628 disciplinam
1157 573 1490 629 cognosceretis.

1550 572 1734 623 Videtis,

301 638 348 670 ut
376 639 549 670 moneat
580 630 847 685 Apronium?
878 631 1034 686 quibus
1064 632 1190 671 rebus
1220 646 1269 671 ac
1300 631 1547 672 muneribus
1581 630 1735 671 ⁵4insi-

297 696 403 727 nuet
430 687 471 726 in
496 687 831 728 familiaritatem
855 688 1047 729 Metelli?
1081 688 1299 729 Vulteium
1323 690 1594 744 corrumpat?
1631 687 1736 728 scri-

300 743 374 784 bas
397 758 710 799 accensumque
732 749 771 777 55
782 745 919 800 pretio
937 744 1145 788 deleniat?
1176 760 1227 785 ea
1247 745 1458 800 praecipit,
1479 760 1577 800 quae
1596 745 1730 787 vidit:

299 814 350 841 ea
372 811 517 841 monet
539 801 724 843 alienum
746 802 981 854 hominem,
1015 817 1112 857 quae
1132 803 1249 843 domi
1283 802 1436 843 didicit
1461 803 1567 858 ipse.
1585 816 1736 843 verum

301 857 343 898 in
368 857 449 899 hoc
471 868 583 900 errat
604 874 705 910 uno,
739 860 855 915 quod
887 861 1057 901 easdem
1089 860 1311 901 existimat
1338 859 1425 900 vias
1455 859 1510 900 ad
1541 859 1736 901 omnium

216 909 287 943 153
301 914 611 957 familiaritates
643 932 734 957 esse
764 917 964 958 munitas.

297 983 365 1013 tus
389 972 595 1025 Metello;
628 983 771 1014 tamen
795 974 903 1024 haec,
925 990 1021 1029 quae
1046 990 1144 1015 vera
1166 983 1277 1025 sunt,
1299 974 1455 1015 dicam.

1028 919 1303 972 Quamquam
1332 916 1487 957 mei-ito
1522 931 1616 957 sum
1651 917 1735 960 ira-

1515 972 1734 1029 Apronius

296 1030 438 1085 ipsum
457 1030 685 1072 Metellum
707 1046 794 1072 non
817 1032 970 1087 pretio,
1004 1040 1051 1072 ut
1080 1032 1271 1082 Verrem,
1302 1046 1385 1072 non
1407 1031 1624 1082 convivio,
1646 1046 1735 1072 non

295 1087 487 1138 muliere,
511 1089 549 1119 56
560 1103 643 1128 non
669 1102 864 1129 sermone
887 1089 1060 1129 incauto
1083 1099 1212 1144 atque
1241 1089 1440 1144 improbo
1473 1097 1617 1145 posset
1639 1103 1733 1130 cor-

296 1159 517 1200 rumpere:
560 1146 717 1200 quibus
760 1147 885 1187 rebus
925 1161 1010 1187 non
1053 1148 1206 1187 sensim
1250 1156 1378 1200 atque
1419 1146 1639 1187 moderate
1679 1146 1734 1187 ad

297 1201 418 1242 istius
440 1201 674 1244 amicitiam
699 1204 958 1260 adrepserat,
979 1204 1051 1245 sed
1073 1204 1188 1244 brevi
1216 1213 1409 1259 tempore
1431 1212 1571 1244 totum
1593 1203 1734 1244 homi-

295 1273 410 1310 nem,
433 1269 654 1315 totamque
675 1260 767 1315 ejus
790 1264 829 1295 57
843 1271 1076 1317 praeturam
1100 1262 1359 1316 possederat.
1404 1259 1639 1302 Cohortem
1659 1275 1734 1301 au·

297 1324 385 1357 tem
406 1315 589 1369 Metelli,
619 1333 749 1373 quam
772 1327 912 1369 vocat,
934 1319 1036 1374 quid
1059 1329 1163 1369 erat,
1197 1319 1312 1373 quod
1343 1327 1650 1374 corrumperet,
1678 1332 1735 1359 ex

212 1389 284 1425 159
298 1389 383 1429 qua
404 1384 722 1429 recuperatores
744 1375 849 1416 nulli
878 1376 1117 1416 dabantur?
1151 1376 1265 1416 Nam
1298 1375 1412 1430 quod
1436 1376 1600 1426 scribit,
1637 1374 1737 1416 Me-

298 1431 384 1472 telli
403 1431 538 1472 filium
561 1447 741 1488 puerum
757 1447 863 1483 esse,
885 1433 1157 1474 vehementer
1175 1442 1301 1473 errat.
1324 1447 1408 1473 non
1432 1433 1545 1474 enim
1569 1433 1622 1474 ad
1644 1447 1737 1473 om-

298 1503 375 1529 nes
398 1500 632 1545 praetorum
657 1489 767 1530 filios
790 1490 918 1531 iidem
941 1490 1082 1531 aditus
1106 1500 1219 1530 sunt.
1263 1490 1302 1531 O
1325 1489 1615 1541 Timarchide,
1636 1489 1736 1531 Me-

297 1545 387 1586 telli
409 1555 473 1587 est
493 1545 606 1586 filius
627 1547 669 1587 in
694 1546 930 1602 provincia,
964 1562 1049 1589 non
1074 1562 1192 1603 puer,
1222 1549 1293 1587 sed
1321 1547 1566 1588 adolescens
1598 1548 1735 1588 bonus

298 1617 348 1644 ac
372 1604 550 1659 pudenS,
572 1604 743 1660 dignus,
766 1604 837 1645 illo
860 1604 955 1645 loco
978 1620 1027 1645 ac
1048 1606 1237 1646 nomine.
1257 1615 1394 1645 vester
1413 1604 1482 1645 ille
1497 1619 1603 1660 puer
1625 1619 1736 1660 prae-

299 1668 505 1711 textatus,
529 1660 571 1700 in
593 1662 818 1717 provincia
838 1662 1198 1716 quemadmodum
1226 1662 1389 1710 fuisset,
1423 1676 1509 1702 non
1531 1662 1734 1713 dicerem,

167 1732 197 1763 ς’-
217 1723 286 1752 184.
301 1717 334 1757 si
354 1719 473 1774 pueri
490 1732 580 1758 esse
599 1718 711 1759 illam
733 1719 918 1775 eulpam,
942 1734 1089 1760 aenon
1108 1719 1240 1775 patris
1258 1719 1566 1760 existimarem.
1597 1718 1734 1769 Tune,

255 1773 397 1815 ³·cum
422 1785 463 1816 te
483 1790 533 1816 ac
565 1784 683 1816 tuam
708 1776 840 1816 vitam
862 1791 1024 1827 nosses,
1060 1777 1105 1817 in
1129 1776 1319 1818 Siciliam
1353 1786 1495 1817 tecum
1528 1776 1735 1832 grandem

298 1841 607 1887 praetextatum
632 1832 763 1873 filium
787 1833 997 1875 ducebas?
1030 1844 1091 1885 ut,
1122 1834 1289 1874 etiamsi
1323 1842 1477 1874 natura
1508 1847 1689 1889 puerum
1711 1849 1736 1875 a

299 1890 488 1944 paternis
509 1889 639 1941 vitiis,
668 1901 796 1945 atque
819 1906 844 1931 a
865 1891 1032 1946 generis
1062 1891 1343 1932 similitudine
1364 1891 1610 1942 abduceret,
1633 1906 1736 1932 con-

300 1948 480 1988 suetudo
510 1956 652 1989 tamen
682 1962 780 1988 eum
813 1957 857 1988 et
885 1948 1114 2003 disciplina
1145 1949 1403 2004 degenerare
1430 1963 1516 1988 non
1549 1949 1735 1991 sineret?

338 2162 378 2191 54
398 2161 541 2192 insinuet
552 2161 587 2190 in
598 2159 624 2197 f.
639 2160 701 2200 M.]
742 2160 806 2191 Hic
820 2170 888 2191 non
904 2160 997 2191 audit

295 2201 442 2234 Graevius
468 2204 531 2234 Ms.
545 2204 657 2234 Nann.
675 2208 712 2232 ut
727 2203 803 2233 alibi
823 2203 919 2239 solet,
942 2204 995 2242 qui

296 2245 387 2276 addit
400 2256 444 2282 se,
465 2245 552 2285 quod
570 2250 605 2275 et
624 2246 776 2275 nonnulli
803 2246 996 2286 (Gruterum

295 2287 379 2317 falso
402 2289 597 2319 adnumerat
618 2288 656 2317 iis
681 2287 801 2327 Graev.)
829 2298 995 2328 recepere:

297 2338 414 2370 nempe
442 2330 624 2360 observatio
660 2330 699 2360 de
727 2331 846 2360 omisso
876 2340 995 2371 prono-

296 2372 385 2402 mine
401 2373 436 2402 in
456 2373 518 2403 hoc
535 2373 635 2403 verbo
660 2372 869 2412 impediebat,
897 2382 995 2411 quain

297 2411 396 2445 habet
410 2420 444 2445 et
470 2415 625 2445 illustrat.
650 2414 781 2445 Manat.
797 2415 838 2446 ad
857 2414 941 2446 Phil.
955 2415 996 2453 V,

341 2500 379 2528 55
398 2499 504 2538 pretio
519 2498 672 2537 deleniat]
693 2497 864 2528 Interdum
881 2499 996 2538 glossae

297 2541 431 2569 nomine
460 2541 539 2571 mihi
565 2546 752 2580 suspectum
780 2541 843 2571 fuit
877 2543 993 2580 pretio.

297 2583 373 2620 quia
384 2582 526 2613 delenire
537 2583 730 2622 simpliciter
744 2592 839 2613 sensu
852 2583 914 2614 hoc
927 2594 996 2614 cor-

297 2624 470 2664 rumpendi
508 2625 641 2661 dicitur,
671 2624 767 2664 idque
803 2626 996 2665 exquisitius

296 2670 358 2696 est.
401 2665 465 2696 Sed
490 2667 623 2697 verbum
644 2668 752 2706 pretio
776 2676 834 2707 pro
858 2670 997 2708 pecunia

298 2709 350 2737 vix
364 2708 491 2738 venerit
506 2709 540 2738 in
555 2715 700 2739 mentem
716 2709 898 2748 glossatori.

339 2750 380 2780 56
395 2760 458 2780 non
471 2760 616 2781 sermome
627 2751 758 2781 incauto
769 2755 867 2791 atqve
879 2752 992 2792 impia]

296 2791 462 2831 Quicquid
475 2792 604 2823 dicatur
618 2802 678 2832 pro
692 2792 834 2823 lectione
849 2795 993 2831 incauto,

298 2839 489 2874 nmrpotest
515 2835 657 2875 probari.
702 2835 771 2866 Nec
785 2840 899 2866 tamen
915 2837 995 2867 reci—

297 2877 538 2918 piamyimpuro,
552 2876 641 2916 qnod
665 2876 763 2909 habet
777 2877 843 2909 Ms.
858 2879 997 2918 Nannii,

213 2002 287 2038 160
301 2003 386 2046 Fac
418 2005 534 2046 enim
561 2004 692 2046 fuisse
725 2005 768 2046 in
801 2005 885 2046 isto
918 2004 970 2046 C.
992 2005 1129 2056 Laelii,
1162 2005 1228 2047 M.
1251 2006 1431 2047 Catonis
1459 2008 1497 2037 58
1511 2006 1735 2046 materiem

1038 2166 1072 2191 et
1085 2172 1123 2191 ex
1137 2172 1176 2192 eo
1190 2161 1384 2198 Lambinus,
1398 2161 1434 2191 C.
1450 2160 1562 2201 Steph.
1577 2160 1736 2191 Graevius.

1040 2213 1118 2234 nam
1132 2203 1164 2234 id
1185 2204 1250 2234 huc
1272 2203 1470 2234 translatum
1490 2207 1539 2233 est
1562 2213 1579 2232 e
1601 2212 1666 2242 seq.
1682 2213 1735 2233 ca-

1040 2247 1121 2286 pite,
1146 2247 1202 2276 ubi
1225 2251 1276 2276 est
1294 2247 1445 2286 impurus
1458 2249 1488 2276 er
1500 2246 1663 2284 improbus
1672 2254 1737 2285 pa-

1040 2298 1124 2319 rens.
1174 2289 1368 2319 Ciceronem
1399 2288 1560 2328 scripsisse
1595 2288 1738 2318 arbitror

1037 2331 1168 2368 incesto,
1191 2341 1249 2371 pro
1261 2341 1324 2370 quo
1340 2330 1447 2360 media
1462 2334 1559 2359 aetate
1579 2329 1646 2359 fere
1659 2330 1737 2360 scri·

1039 2377 1148 2412 ptum,
1162 2373 1263 2403 etiam
1281 2373 1407 2402 dictum
1427 2377 1477 2402 est
1495 2373 1631 2408 incasto,
1646 2375 1686 2402 ut
1701 2372 1737 2403 in

1040 2415 1191 2453 Glossis,
1207 2414 1294 2445 unde
1320 2414 1414 2444 facile
1438 2416 1569 2445 incauto
1584 2414 1654 2444 fieri
1677 2424 1738 2454 po-

1039 2458 1116 2488 tuit.
1163 2458 1211 2488 Ex
1228 2459 1356 2497 impuro
1381 2461 1492 2487 autern
1508 2456 1671 2495 quomodo
1686 2458 1736 2487 in-

1038 2504 1134 2530 cauto
1149 2500 1219 2530 fieri
1233 2499 1391 2539 potuerit,
1406 2508 1501 2528 nemo
1515 2497 1691 2537 intelligat.

1082 2545 1117 2575 57
1138 2546 1322 2582 prceturam
1333 2541 1533 2580 possederat]
1561 2541 1580 2570 i.
1594 2551 1622 2571 e.
1638 2550 1735 2571 occu-

1038 2589 1146 2623 parat,
1170 2585 1204 2614 in
1224 2588 1423 2624 potestatem
1447 2592 1539 2613 suani
1555 2583 1736 2622 redegerat.

1039 2636 1068 2656 v.
1087 2626 1221 2657 Clav.in
1229 2625 1401 2666 possidere.
1427 2625 1542 2655 Paullo
1551 2630 1626 2665 post
1639 2625 1732 2655 Grae-

1037 2669 1108 2698 vius
1122 2680 1140 2700 e
1155 2669 1218 2699 Ms.
1234 2669 1344 2698 Nann.
1361 2666 1486 2698 addidit
1505 2668 1538 2697 in
1553 2671 1734 2704 aratorem,

1039 2712 1143 2742 verbis
1170 2719 1317 2751 recuper.
1342 2710 1427 2740 nulli
1453 2710 1630 2741 dabantur.
1673 2709 1737 2740 Est

1036 2752 1154 2793 glossa.
1260 2773 1261 2776 =

1080 2798 1119 2826 58
1143 2794 1327 2834 materiem]
1360 2794 1562 2825 Lambinum
1598 2795 1634 2824 in
1668 2793 1733 2824 hoc

1036 2838 1134 2868 verbo
1147 2837 1291 2874 haesisse,
1317 2840 1353 2867 et
1373 2837 1546 2876 conjecisse
1560 2840 1734 2874 naturam,

1041 2881 1153 2911 miror.
1167 2879 1304 2912 welav.
1318 2879 1355 2910 in
1369 2878 1402 2910 h.
1416 2888 1446 2911 v.
