1907 3231
402 109 479 148 DE
503 108 652 147 LEGE
677 107 800 145 AGR.
828 105 1325 145 CONTRARULLUM.

1538 110 1616 150 617

154 230 303 273 operae
335 216 524 273 pretinm
554 213 828 270 diligentiam
859 212 1075 268 majorum
1108 212 1350 253 recordari:
1392 210 1467 267 qui
1499 211 1619 252 colo-

160 273 338 316 niassic
358 273 532 315 idoneis.
548 273 593 313 in
614 272 721 313 locis
743 281 897 313 contra
915 271 1206 328 suspicionem
1220 269 1406 326 >periculi
1429 268 1618 310 colloca-

157 342 274 382 runt,
298 343 575 372 ut‘essenon
608 330 772 386 oppida
804 329 1058 380 Italiae,‘sed
1091 326 1420 384 propugnacula
1444 327 1617 383 imperii

157 388 422 430 viderentur.

162 447 265 488 rint.

484 388 546 430 Hi
568 387 785 429 deducent
806 387 1001 428 colonias
1016 387 1078 428 in-
1104 400 1178 427 eos
1207 399 1351 441 agrOS,
1374 398 1482 439 quos
1503 399 1619 425 eme-

329 446 532 487 Etiamne
558 446 590 487 si
636 446 889 502 reipublicae
920 444 1280 500 non‘expediat?
1314 455 1374 483 ET
1417 455 1470 483 lN
1507 444 1681 494 QUAE7‘4

165 518 292 546 nocA
317 517 591 545 RRAETEREA
612 515 908 545 VIDEBITUR.
962 503 1079 550 Quid
1103 503 1238 559 igitur
1253 510 1319 542 est
1340 514 1497 549 causae,
1514 500 1621 555 quin

157 562 379 603 coloniam
421 562 467 603 in
504 561 761 605 Jauiculurn
786 560 956 618 possint
976 561 1204 611 deducere,
1228 568 1273 600 et
1304 572 1432 599 suum
1470 558 1623 612 praesi-

159 619 282 660 dium
314 620 359 660 in
389 621 534 676 capite
565 630 695 675 atque
717 619 958 660 cervicibus
982 619 1133 659 vestris
1155 617 1397 659 collocare?
1443 614 1508 656 Tu
1533 629 1623 656 non

160 677 357 728 definias,
371 680 412 709 88
425 688 533 734 quot
555 678 764 728 colonum,
786 677 828 717 in
861 691 960 731 quae
992 676 1102 726 loca,
1117 690 1208 732 ⁴quo
1240 688 1420 716 numero
1443 673 1622 715 colono-

159 735 446 777 rum-deduci
481 735 618 777 veli-s?
662 744 707 776 tu
747 748 934 790 occupes
968 733 1128 784 locum,
1161 747 1289 789 quem
1331 732 1537 773 idoneum
1566 731 1622 773 ad

161 793 250 834 vim
283 803 404 835 tuam
429 794 670 849 judicaris?
712 791 932 847 compleas
962 794 1172 833 nurnero?
1203 790 1435 832 confirmes
1472 789 1624 846 praesi-

158 850 251 902 dio,
273 866 362 907 quo
386 853 490 893 velis
502 854 521 894 ?·
547 850 698 908 populi
732 849 923 891 Romani
956 848 1244 904 vectigalibus
1266 859 1397 903 atque
1419 849 1622 890 omnibus

158 910 301 965 copiis
333 911 475 966 ipsum
500 909 706 965 populum
734 907 985 948 Romanum
1016 907 1244 948 coerceas?
1276 905 1526 962 opprimas?
1557 916 1733 955 re-p.81.

161 967 288 1023 digas
310 968 352 1008 in
378 978 505 1009 istam
533 965 866 1007 decemviralem
900 964 1112 1006 ditionem
1136 978 1187 1006 ac
1209 965 1501 1021 potestatem?

1561 963 1623 1005 Ut
1635 967 1665 987 a.

162 1039 265 1066 vero
293 1036 430 1066 totam
463 1024 634 1066 Italiam
670 1024 757 1064 suis
790 1023 1004 1080 praesidiis
1037 1022 1236 1064 obsidere
1258 1032 1388 1077 atque
1409 1035 1624 1078 occupare
1638 1015 1708 1064 ‘28

158 1083 344 1139 cogitet,
378 1098 544 1138 quaeso,
577 1082 789 1131 Quirites,
822 1081 1093 1138 cognoscite.

1187 1080 1410 1121 Permittit
1451 1079 1624 1121 decem-
1635 1087 1686 1127 75

162 1141 283 1191 viris,
306 1150 354 1181 ut
375 1141 420 1182 in
453 1141 602 1182 omnia
634 1140 887 1196 municipia,
912 1140 954 1179 in
986 1153 1138 1180 omnes
1161 1138 1354 1179 colonias
1378 1137 1513 1178 totius
1537 1137 1626 1179 lta-

160 1197 231 1239 liae
274 1198 453 1254 colonos
488 1199 720 1249 deducant,
756 1212 865 1253 quos
901 1197 1059 1239 velint:
1099 1196 1238 1252 iisque
1269 1196 1436 1237 colonis
1472 1211 1627 1252 agrum

160 1256 253 1297 dari
271 1257 417 1312 jubet.

481 1257 599 1298 Num
631 1257 815 1298 obscure
847 1256 1033 1311 majores
1057 1269 1176 1311 opes,
1200 1269 1329 1310 quain
1354 1255 1530 1295 libertas
1553 1268 1626 1294 ve-

157 1323 252 1355 stra
282 1317 372 1371 pati
407 1324 567 1371 potest,
597 1323 640 1355 et
673 1314 841 1368 majora
876 1313 1079 1370 prae-sidia
1111 1315 1386 1368 quaerentur?
1418 1327 1520 1353 num
1549 1312 1629 1352 ob-

161 1386 286 1414 scure
328 1388 511 1430 reguum
552 1373 861 1414 constituitur?

916 1386 1019 1412 num
1065 1372 1249 1412 obscure
1286 1371 1463 1411 libertas
1483 1376 1630 1411 'vestra

165 1430 356 1473 tollitur?
403 1431 592 1481 Na1n‚89
610 1444 711 1471 cum
745 1430 873 1470 iidem
907 1444 1080 1470 omnem
1117 1429 1362 1485 pecuniam,
1391 1427 1630 1470 maximam

165 1488 508 1538 multitudinem,
524 1489 564 1529 id
589 1499 668 1539 est,
690 1498 825 1528 totam
850 1487 1140 1538 Italiaimsuis
1159 1487 1318 1542 opibus
1340 1487 1629 1539 obsidebunt3

164 1545 297 1587 iidem
321 1559 506 1587 vestram
531 1546 776 1587 libertatem
799 1546 886 1586 suis
912 1545 1123 1601 praesidiis
1151 1556 1193 1585 et
1217 1545 1400 1585 coloniis
1424 1544 1630 1585 interclu-

164 1618 256 1645 sam
280 1605 513 1646 tenebunt:
535 1619 635 1659 quae
657 1619 755 1660 spes
778 1605 969 1654 tandein,
993 1618 1090 1659 quae
1114 1601 1297 1643 facultas
1322 1602 1629 1658 recuperandae

165 1672 321 1705 vestrae
348 1663 558 1704 libertatis
582 1663 879 1717 relinquetur?

223 1720 285 1761 At
314 1723 428 1761 enim
469 1735 573 1777 ager
608 1720 860 1776 Campanus
891 1719 972 1760 hac
1003 1718 1097 1775 lege
1127 1717 1361 1768 dividetur,
1395 1717 1512 1759 orbis
1545 1726 1691 1766 ‘ter-76

167 1792 227 1819 1·ae
251 1779 588 1834 pulcherrimus:
612 1789 656 1819 et
676 1777 873 1834 Capuam
898 1777 1071 1819 colonia
1093 1776 1344 1827 deducetur,
1365 1776 1516 1817 urbem
1539 1791 1630 1818 am-

167 1836 406 1892 plissimam
431 1847 562 1892 atque
592 1837 929 1877 ornatissimam.

989 1839 1030 1871 90
1047 1834 1184 1891 Atqui
1207 1834 1310 1890 quid
1335 1834 1387 1874 ad
1412 1833 1507 1876 liaec
1531 1849 1632 1891 pos-

165 1909 315 1935 sumus
337 1895 509 1936 dicere?
560 1893 629 1936 De
650 1894 884 1936 commodo
910 1904 1051 1934 vestro
1084 1894 1203 1949 prius
1224 1892 1382 1944 dicam,
1408 1891 1633 1939 Quirites:

167 1952 325 1994 deinde
347 1953 399 1994 ad
430 1953 763 2009 amplitudinem
787 1962 832 1994 et
853 1952 1113 2009 dignitatem
1139 1961 1357 1992 revertar:
1391 1959 1453 2001 ut,
1477 1950 1510 1990 si
1533 1951 1631 2006 quis

168 2011 261 2066 agri
284 2022 358 2052 aut
389 2011 541 2067 oppidi
578 2010 773 2052 bonitate
803 2010 1056 2061 delectetur,
1081 2023 1134 2050 ne
1163 2009 1268 2065 quid
1302 2017 1560 2064 exspectet:
1594 2010 1629 2050 si

167 2082 300 2124 quem
334 2070 393 2110 rei
431 2070 622 2126 dignitas
655 2079 920 2120 commovet,
945 2078 993 2110 ut
1027 2068 1130 2109 huic
1160 2066 1374 2108 siinulatae
1406 2066 1629 2123 largitioni

166 2127 355 2170 resistat.

416 2127 483 2168 Ac
522 2128 709 2183 primum
741 2129 794 2168 de
833 2126 997 2183 oppido
1031 2126 1189 2176 dicam,
1227 2125 1259 2165 si
1284 2124 1381 2179 quis
1413 2136 1478 2165 est
1500 2124 1630 2177 forte,

168 2198 297 2240 quem
324 2185 478 2242 Capua
500 2188 653 2242 magis,
676 2200 804 2241 quam
831 2185 975 2226 Roma
997 2184 1198 2226 delectat.

1262 2183 1470 2238 Quinque
1494 2182 1631 2225 millia

165 2242 422 2285 colonorum
449 2243 646 2300 Capuam
671 2243 799 2284 scribi
816 2243 961 2298 jubet.
980 2243 1033 2283 ad
1057 2242 1174 2283 hunc
1198 2255 1424 2282 numerum
1447 2241 1632 2298 quinge-

164 2315 252 2343 nos.
271 2302 353 2343 sibi
378 2302 537 2358 singuli
561 2311 748 2343 sument.
803 2303 983 2354 Quaeso,
1003 2300 1138 2342 nolite
1160 2299 1502 2356 91vosmetispos
1525 2314 1630 2341 con·
1642 2303 1695 2344 77

208 2451 249 2480 88
271 2449 363 2490 quot]
389 2450 442 2480 Sic
457 2449 616 2486 hie‚recte
639 2448 741 2479 edidit
755 2449 877 2479 Grute-

167 2495 229 2523 rus
249 2499 325 2533 post
348 2492 553 2523 Lambinum
581 2499 615 2523 et
637 2492 731 2522 alios.
778 2502 808 2523 v.
837 2491 879 2522 ad

170 2535 230 2566 Or.
246 2535 274 2572 1,
291 2539 321 2567 5.
351 2536 405 2567 Sic
420 2542 453 2566 et
469 2546 578 2576 supra.

212 2581 253 2611 89
275 2588 351 2609 cum
364 2579 464 2609 iidem
479 2589 608 2609 omnem
625 2579 818 2618 pecuniam,
832 2587 876 2608 m.

170 2631 215 2652 m.
236 2621 310 2661 δια]
337 2621 458 2652 Nescio
479 2631 522 2653 an
546 2621 669 2660 aliquid
692 2628 766 2660 post
781 2630 880 2660 pecu-

169 2665 264 2694 niam
277 2664 435 2695 exciderit
451 2677 458 2694 2
482 2675 559 2695 nam
576 2666 604 2695 ei
621 2664 718 2694 verbo
734 2665 803 2694 suis
815 2664 881 2702 opi-

171 2707 230 2736 bus
257 2706 373 2744 obsint,
402 2717 468 2737 nou
505 2708 671 2738 convenit.
727 2707 820 2737 Vidit
847 2710 882 2736 et

170 2748 366 2786 Lambinus,
382 2751 436 2789 qui
450 2750 552 2781 edidit
568 2762 594 2781 c.
611 2751 630 2780 ι’.
647 2760 674 2780 ο.
684 2751 877 2789 pecuniam,

169 2802 215 2822 m.
240 2802 284 2822 m.
306 2793 506 2831 obtinebunt,
529 2794 629 2824 iidem
645 2793 690 2823 It.
707 2794 766 2823 ἂρ.
791 2792 878 2832 quod

170 2839 260 2865 certe
282 2844 381 2865 sensu
403 2835 616 2866 commodum
638 2841 700 2866 est.
746 2835 810 2866 Sed
825 2835 879 2865 hic

169 2877 239 2908 sine
254 2877 346 2909 libris
359 2878 407 2909 nil
421 2884 560 2911 mutem.
604 2878 774 2920 Repetitio
786 2877 877 2909 verbi

919 2449 1017 2479 iidem
1035 2458 1102 2479 non
1116 2452 1167 2478 est
1183 2448 1253 2478 sine
1269 2447 1426 2484 efficacia,
1444 2452 1477 2477 et
1493 2446 1634 2478 sortasse

921 2491 953 2522 id
974 2492 1076 2522 etiarn
1104 2492 1170 2521 fuit
1198 2498 1276 2521 ante
1299 2492 1483 2521 maximam
1514 2500 1558 2521 m.
1580 2491 1633 2521 vel

921 2541 1091 2565 mutatum
1118 2535 1152 2564 iu
1181 2534 1216 2564 id
1241 2538 1299 2570 ese,
1315 2538 1355 2563 ut
1381 2533 1487 2564 voluit
1512 2533 1632 2564 Lamb.

922 2577 975 2608 Sic
988 2587 1088 2618 supra
1100 2577 1288 2616 aliquoties,
1303 2586 1334 2606 v,
1350 2587 1378 2608 c.
1394 2586 1422 2607 c.
1437 2581 1468 2611 9.
1483 2576 1571 2607 idem
1586 2578 1633 2607 sic

923 2620 1116 2661 repetitum.
1451 2619 1454 2622 ’

965 2667 1007 2698 90
1042 2663 1144 2702 Atqui
1171 2661 1264 2702 quid]
1297 2661 1445 2692 Graevius
1471 2662 1607 2702 conjicit
1622 2674 1630 2691 :

923 2706 969 2736 At
984 2707 1063 2746 quid
1077 2715 1108 2736 (ι.
1132 2707 1164 2736 h.
1208 2705 1282 2743 Ego
1299 2705 1412 2735 malim
1429 2705 1530 2745 Atqui
1544 2705 1633 2735 dele-

922 2750 962 2780 ri.
978 2755 1028 2779 est
1043 2750 1146 2785 enim,
1162 2751 1203 2778 ut
1216 2748 1262 2778 Ac
1277 2747 1529 2783 alienissimum,
1546 2747 1634 2786 quod

922 2799 1047 2822 temere
1071 2802 1088 2822 e
1111 2790 1273 2832 superiori
1296 2792 1488 2832 repetitum,
1505 2791 1635 2830 peperit

924 2842 1058 2865 vitium.

965 2880 1004 2914 91
1030 2881 1150 2909 vosmet
1170 2878 1255 2918 ips-m
1273 2875 1379 2916 cona]
1411 2876 1480 2906 Sur.
1508 2885 1539 2905 ι’.
1561 2874 1636 2914 ipsi.
