1907 3231
497 143 614 180 PRO
648 141 772 179 SEX.
808 139 1030 177 ROSCIO
1063 138 1361 178 AMERINO.
1598 136 1650 173 39

208 261 283 290 nes
310 248 354 289 in
377 261 445 288 me
476 254 657 287 terrores
685 245 958 302 periculaque
990 243 1268 300 impendeant
1292 239 1451 290 omnia,
1477 253 1651 280 succur-

208 321 299 346 ram
338 313 466 360 atque
501 303 671 344 subibo.
733 302 913 344 Certum
943 311 1009 343 est
1038 300 1424 353 deliberatumque,
1455 311 1551 351 quae
1596 296 1650 337 ad

206 377 381 404 causam
412 361 624 417 pertinere
655 360 853 411 arbitror,
876 359 1023 400 omnia
1045 373 1133 399 non
1158 356 1287 397 modo
1318 355 1475 404 dicere,
1502 366 1649 393 verum

207 420 337 461 etiam
389 419 589 470 libenter,
634 418 850 469 audacter,
898 417 1116 471 libereque
1166 415 1323 456 dicere.
1361 414 1402 443 90
1417 409 1533 451 nulla
1582 422 1647 449 res

205 486 327 518 tanta
357 477 553 527 exsistat,
582 474 770 530 judices,
800 485 847 516 ut
882 474 1018 530 possit
1058 474 1143 515 vim
1185 471 1294 513 mihi
1327 468 1538 524 majorem
1572 466 1647 507 ad-

207 534 355 575 hibere
377 542 532 584 metuS,
554 548 683 588 quam
714 532 834 574 fides.
897 531 1071 573 Etenim
1093 531 1189 586 quis
1211 538 1297 570 tam
1324 525 1534 568 dissoluto
1556 517 1709 565 ani-39*

207 606 280 632 mo
303 600 381 642 est,
402 591 477 646 qui
501 590 596 631 haec
615 605 714 631 cum
734 590 891 641 videat,
912 599 1053 630 tacere
1075 604 1124 629 ac
1143 587 1363 643 negligere
1382 582 1543 640 possit?
1575 596 1651 637 pa-

207 655 318 690 trem
335 663 495 699 meum,
514 662 614 689 cum
636 648 899 704 proscriptus
918 662 1005 688 non
1024 656 1149 697 esset,
1166 641 1426 701 jugulastis;
1458 639 1653 681 occisum

207 705 252 746 in
284 706 625 762 proscriptorum
654 720 882 746 numerum
921 704 1152 745 retulistis:
1192 717 1260 742 me
1291 700 1421 741 domo
1453 712 1549 738 mea
1579 710 1656 752 per

208 763 296 804 vim
318 763 545 819 expulistis
567 781 574 804 :
609 763 918 819 patrimonium
939 776 1084 802 meum
1111 759 1356 817 possidetis.
1419 754 1538 803 Quid
1562 753 1656 796 vul-

209 820 263 861 tis
289 820 472 877 amplius
493 823 506 862 ?
537 820 724 861 etiamne
748 820 799 861 ad
825 818 1026 860 subsellia
1047 833 1147 859 cum
1172 817 1285 858 ferro
1309 825 1438 870 atque
1466 812 1560 854 telis
1584 825 1656 852 ve-

207 877 346 930 nistis,
366 888 413 919 ut
436 878 506 919 hic
529 887 603 919 aut
627 877 840 934 juguletis
863 888 938 918 aut
960 875 1257 917 condemnetis
1286 873 1388 914 Sex,
1414 869 1655 912 Roscium?

208 934 447 977 Hominem
471 936 598 991 longe
629 935 962 976 audacissimum
986 948 1120 990 nuper
1146 931 1377 978 habuimus
1405 929 1445 969 in
1477 928 1654 969 civitate
1673 925 1736 972 12

211 992 264 1034 C.
293 993 544 1043 Fimbriam,
567 1001 624 1043 et,
647 993 763 1048 quod
792 993 902 1033 inter
924 1007 1072 1033 omnes
1103 998 1288 1041 constat,
1311 987 1393 1029 nisi
1423 987 1534 1027 inter
1564 997 1715 1035 eos‚33

206 1050 280 1106 qui
306 1051 387 1107 ipsi
411 1065 582 1106 quoque
613 1050 848 1103 insaniunt,
872 1049 1208 1091 insanissimum.
1272 1045 1314 1087 Is
1340 1059 1438 1086 cum
1464 1050 1656 1085 curasset

208 1107 253 1148 in
279 1107 427 1149 funere
454 1107 506 1149 C.
539 1107 688 1160 Marii,
713 1117 760 1148 ut
789 1108 846 1155 Q.
881 1107 1077 1149 Scaevola
1108 1106 1416 1153 vulneraretur,
1439 1102 1504 1142 vir
1535 1114 1658 1140 sanc-

206 1165 397 1207 tissimus
439 1174 568 1221 atque
611 1165 909 1206 ornatissimus
953 1173 1112 1206 nostrae
1157 1162 1374 1213 civitatis;
1417 1159 1490 1213 (de
1533 1156 1658 1212 cujus

210 1222 336 1264 laude
367 1237 506 1279 neque
532 1223 604 1264 hic
630 1223 750 1265 locus
772 1232 850 1274 est,
874 1232 922 1263 ut
953 1222 1089 1263 multa
1119 1221 1333 1270 dicantur,
1366 1231 1506 1272 neque
1538 1215 1661 1271 plura

210 1290 354 1322 tamen
378 1281 463 1322 dici
490 1290 684 1336 possunt,
707 1295 837 1335 quam
865 1280 1050 1337 populus
1076 1279 1300 1320 Romanus
1323 1275 1532 1317 memoria
1560 1272 1660 1313 reti·
1672 1284 1703 1314 1>-
1718 1275 1770 1305 ⁴24.

210 1347 286 1379 net
300 1339 330 1388 z)
353 1338 468 1379 diem
489 1337 697 1379 Scaevolae
717 1338 845 1389 dixit,
866 1347 1149 1394 posteaquam
1169 1334 1397 1391 comperit,
1417 1347 1516 1372 eum
1536 1344 1661 1386 posse
1672 1326 1703 1347 a.

210 1396 369 1437 vivere.
404 1410 504 1436 cum
536 1396 590 1436 ab
622 1410 673 1436 eo
713 1404 991 1450 quaereretur,
1023 1394 1125 1450 quid
1168 1393 1343 1434 tandem
1383 1398 1661 1431 accusaturus

208 1461 321 1494 esset
347 1467 461 1503 eum,
485 1467 614 1508 quem
647 1467 725 1509 pro
751 1453 966 1510 dignitate
996 1467 1050 1493 ne
1081 1457 1117 1485 21
1135 1450 1308 1492 laudare
1339 1447 1515 1504 quidem
1546 1445 1664 1501 quis-

207 1525 334 1567 quam
361 1511 463 1550 satis
488 1510 717 1552 commode
740 1520 912 1566 posset3
945 1510 1084 1565 ajunt,
1109 1509 1347 1558 hominem,
1371 1515 1419 1546 ut
1442 1514 1535 1546 erat
1557 1502 1664 1544 furi-

207 1583 323 1619 osus,
343 1568 629 1625 respondisse,
648 1569 765 1623 quod
788 1584 876 1610 non
897 1577 1036 1609 totum
1058 1567 1191 1608 telum
1211 1578 1392 1621 corpore
1416 1561 1662 1618 recepisset.

208 1628 250 1690 2ss
268 1640 355 1682 quo
379 1625 563 1681 populus
589 1625 814 1667 Romanus
837 1625 946 1667 nihil
971 1625 1080 1666 vidit
1102 1624 1339 1680 indignius,
1362 1621 1445 1662 nisi
1468 1619 1664 1675 ejusdem

210 1684 288 1724 viri
314 1691 512 1734 mortem,
535 1699 633 1739 quae
658 1692 827 1724 tantum
859 1684 1018 1740 potuit,
1043 1693 1091 1723 ut
1112 1696 1261 1726 omnes
1293 1681 1409 1722 cives
1437 1692 1536 1719 suos
1567 1690 1664 1733 per-

209 1740 367 1782 diderit
392 1750 437 1782 et
460 1741 686 1785 afflixerit:
719 1756 827 1797 quos
859 1742 961 1797 quia
992 1755 1159 1782 servare
1192 1753 1267 1796 per
1297 1735 1664 1794 compositionem

212 1798 400 1850 volebat,
423 1798 516 1854 ipse
535 1800 590 1839 ab
613 1799 664 1839 iis
687 1799 944 1845 interemtus
968 1807 1047 1839 est.
1110 1797 1243 1839 Estne
1267 1796 1351 1837 hoc
1375 1795 1435 1835 illi
1458 1793 1576 1835 dicto
1599 1800 1664 1833 at-
1676 1794 1725 1827 34

209 1870 293 1912 que
308 1855 424 1897 sacto
439 1855 645 1899 Fimbriae
660 1871 747 1899 non
762 1857 1053 1900 simillimum?
1076 1854 1304 1897 Accusatis
1321 1854 1424 1898 Sex.
1440 1851 1666 1892 Roscium.

210 1913 314 1968 quid
347 1913 436 1955 ita?
468 1914 571 1969 quia
600 1914 653 1955 de
683 1915 884 1961 manibus
916 1915 1068 1956 vestris
1100 1913 1282 1969 effugit:
1315 1910 1419 1967 quia
1449 1924 1493 1950 se
1525 1908 1667 1949 occidi

210 1986 368 2027 passus
390 1986 478 2012 non
507 1981 586 2012 est.
648 1971 761 2014 Illud
791 1973 894 2029 quia
925 1972 966 2013 in
1002 1971 1200 2013 Scaevola
1230 1969 1396 2010 factum
1428 1976 1507 2019 est,
1529 1965 1670 2022 magis

62 2304 63 2330 ᾼ
52 2195 63 2286 ;-ἒ-·

56 2730 67 2935 -2—v—.--·—-·

216 2029 445 2087 indignum
477 2029 672 2071 videtur:
703 2029 803 2083 hoc,
827 2030 929 2087 quia
958 2029 1008 2070 fit
1036 2045 1061 2070 a
1084 2029 1391 2085 Chrysogono,
1422 2027 1581 2067 5&num
1606 2033 1671 2063 est

256 2185 297 2214 ‘20
319 2193 353 2214 n.
375 2194 427 2214 res
450 2188 473 2214 t.
497 2183 631 2223 eoez'stat]
657 2183 718 2214 Ed.
743 2184 840 2215 Rom.
863 2184 919 2215 ΒΓ.

213 2225 302 2256 Med.
318 2227 439 2257 existit.
457 2227 509 2257 Sic
521 2232 556 2257 et
568 2227 633 2257 ΜΞ.
651 2227 720 2257 Pal.
731 2226 859 2268 Nempe
870 2237 923 2258 ae-

213 2278 328 2308 cepere
346 2270 482 2300 existere
504 2279 563 2310 pro
586 2279 665 2300 esse.
705 2269 806 2300 Aldus
830 2270 923 2299 resti-

212 2311 279 2358 tuit
293 2312 424 2342 elz-istan
462 2312 510 2342 Ex
525 2312 650 2343 usitato
665 2312 700 2342 in
715 2312 777 2342 hac
791 2317 925 2342 senten-

211 2357 262 2383 tia
278 2353 376 2384 modo
389 2354 545 2394 loquendi
559 2354 700 2385 debebat
711 2364 779 2384 esse
794 2355 922 2391 eoeistet,

212 2399 252 2425 ut
273 2395 375 2427 edidit
398 2397 560 2434 Graevius,
577 2403 692 2436 estque
716 2398 750 2428 in
767 2397 832 2427 ΜΞ.
857 2397 920 2427 Gu.

213 2448 289 2490 ‘²2¹⁰'
305 2448 331 2469 s.
346 2439 403 2470 sed
418 2440 534 2470 Graeco
556 2439 655 2470 modo
678 2440 760 2470 dixit
775 2452 782 2469 ε
807 2438 865 2470 ὲδὲν
881 2453 924 2470 τοι

214 2493 295 2511 voco»
311 2481 433 2521 γένοιτο.

254 2525 291 2596 211
318 2526 458 2556 laudare
466 2542 508 2548 —
512 2525 634 2565 posset]
661 2524 722 2556 Ed.
740 2526 793 2556 W.
808 2527 921 2566 possit.

216 2575 270 2596 ma
285 2577 312 2599 e.

259 2610 299 2642 22
322 2609 398 2650 ‚Quo
405 2612 548 2651 populus
563 2609 847 2641 R—inceremtus
862 2611 921 2650 est]

217 2650 257 2681 In
273 2652 323 2682 his
337 2662 466 2693 semper
482 2653 576 2689 haesi,
593 2663 652 2683 nec
667 2664 706 2684 ea
720 2663 924 2692 concoquere

217 2703 369 2733 possum:
393 2695 474 2726 adeo
497 2696 579 2726 mihi
606 2705 673 2726 non
697 2696 795 2725 inodo
821 2696 927 2726 verbis

217 2734 364 2774 duriora,
379 2738 435 2768 sed
451 2738 554 2769 etiam
577 2738 685 2768 alieno
708 2738 781 2768 loco
796 2748 866 2768 esse
882 2739 929 2767 vi-

214 2777 346 2826 dentur.
395 2779 545 2811 Primum
571 2780 670 2820 quale
685 2786 749 2818 est,
766 2791 826 2820 quo
844 2781 931 2811 nihil

214 2821 386 2860 mdignius
397 2823 462 2852 nisi
473 2823 489 2852 .⁷
507 2833 572 2862 quo
586 2824 733 2863 pertinet
748 2822 831 2854 illud
843 2823 929 2863 quo?

214 2862 336 2910 durum
349 2869 383 2894 et
395 2864 592 2896 inusitatum
602 2871 653 2896 est
665 2866 751 2896 m'ln'l
758 2866 930 2904 indignius

216 2907 280 2937 msi
294 2910 443 2937 mortem,
489 2907 728 2940 Hotomannus
746 2909 849 2939 etiam
860 2907 927 2938 hae-

965 2184 1009 2214 sit
1031 2184 1065 2214 in
1089 2194 1176 2214 mors
1197 2193 1281 2214 etz-es
1299 2192 1372 2212 suos
1386 2180 1588 2221 perdiderit.-
1612 2188 1673 2209 nec

966 2228 996 2257 ei
1018 2228 1098 2257 satis
1117 2227 1200 2257 bene
1216 2225 1361 2255 occurrit
1381 2223 1539 2253 Graevius.
1582 2221 1672 2252 Tum

967 2280 1066 2309 quare
1079 2270 1112 2300 h.
1134 2269 1156 2299 l.
1180 2271 1462 2299 commemoratur
1477 2273 1565 2295 mors
1587 2264 1673 2294 Scae-

967 2312 1074 2342 volae?
1100 2321 1170 2352 quae
1187 2322 1225 2341 eo
1240 2316 1390 2350 tempore
1405 2317 1472 2338 non
1485 2306 1617 2343 accidit,
1633 2306 1672 2336 de

967 2365 1032 2393 quo
1054 2354 1106 2385 hic
1121 2360 1171 2385 est
1191 2362 1312 2389 sermo,
1329 2362 1447 2391 nempe
1470 2359 1538 2380 non
1552 2359 1592 2379 ex
1614 2348 1672 2379 illo

967 2397 1115 2434 vulnere,
1130 2396 1217 2436 quod
1232 2396 1398 2425 inflixerat
1411 2392 1568 2423 Fimbria.
1611 2391 1674 2421 Su-

967 2440 1111 2480 spicatus
1124 2449 1198 2469 sum
1211 2438 1309 2468 verba
1319 2437 1391 2467 haec
1403 2445 1472 2467 esse
1483 2435 1556 2465 loco
1570 2438 1675 2464 mota.

969 2483 1002 2512 Si
1032 2487 1238 2522 reponantur
1274 2485 1365 2520 post:
1405 2487 1505 2519 quam
1532 2477 1676 2516 populus

967 2525 1062 2555 Rom.
1079 2524 1238 2555 memoria
1252 2521 1488 2557 retinen—sim
1521 2521 1576 2559 qui
1591 2519 1678 2549 nihil

966 2568 1049 2597 vidie
1069 2567 1240 2604 indignius
1256 2566 1314 2595 δερ.
1331 2564 1448 2595 saltem
1465 2562 1584 2593 melius
1599 2570 1676 2591 cum

968 2609 1093 2649 reliqua
1114 2610 1264 2639 oratione
1288 2606 1491 2642 cohaereant,
1514 2610 1549 2635 et
1568 2603 1676 2634 oratio

969 2653 1038 2699 ipsa
1055 2651 1182 2682 melius.
1205 2651 1289 2681 cives
1301 2659 1374 2680 suos
1388 2648 1551 2679 referetur
1564 2645 1606 2676 ad
1617 2656 1676 2686 po-

973 2695 1089 2735 pulum
1104 2694 1143 2724 R.

1016 2740 1055 2768 23
1081 2747 1164 2767 num
1193 2739 1240 2766 est
1255 2731 1456 2774 ferendum]
1496 2731 1548 2760 Sic
1574 2729 1678 2760 edidit

975 2779 1223 2810 Hotomannus.
1246 2776 1330 2807 Edd.
1354 2779 1436 2805 vett.
1456 2776 1491 2803 et
1513 2773 1594 2803 Mss.
1613 2782 1678 2802 non

974 2827 1021 2852 est
1021 2821 1058 2862 f.
1077 2821 1164 2860 quod
1183 2825 1218 2850 et
1241 2819 1389 2850 restituit
1411 2815 1571 2846 Graevius.
1616 2815 1679 2844 Sed

972 2873 1086 2894 sensus
1100 2864 1136 2893 in
1157 2863 1220 2893 hac
1242 2866 1352 2891 vetere
1367 2859 1510 2889 lectione
1532 2866 1680 2888 commo-

973 2906 1032 2945 dus
1056 2904 1124 2936 no'n
1147 2911 1209 2936 est.
1232 2904 1317 2934 Sanc
1341 2900 1445 2933 voluit
1468 2899 1590 2937 dicere,
1612 2908 1680 2929 non

926 2957 1004 2992 1³4
