1907 3231
235 115 315 151 348
576 101 579 103 ’
761 116 835 154 IN
875 115 1163 158 VERREM

237 215 450 258 conviviis
483 219 786 271 constituetur,
816 236 914 276 quae
940 218 1191 262 domesticis
1225 218 1383 276 stupris
1414 219 1679 276 flagitiisque

237 273 508 329 flagrabunt?
543 276 594 318 In
611 277 734 318 istius
748 277 913 318 lenonis
931 276 1168 332 turpissimi
1186 276 1332 330 domo,
1350 277 1477 318 simul
1494 292 1593 318 cum
1610 292 1681 319 ce-

235 331 338 371 teris
363 331 614 375 Chelidonis
637 335 905 376 hereditariis
927 333 1204 385 ornamentis,
1223 334 1431 391 Capitolii
1454 349 1682 377 ornamen-

236 396 281 428 ta
302 394 542 444 ponentur?
575 392 694 438 Quid
716 392 817 432 huic
841 391 949 432 sacri
973 406 1178 446 umquam
1195 390 1301 442 fore,
1323 401 1398 432 aut
1420 392 1523 448 quid
1547 391 1680 434 fuisse

235 445 427 503 religiosi
452 449 627 504 putatis,
660 449 733 503 qui
756 463 871 489 nunc
895 457 1017 489 tanto
1041 449 1200 490 scelere
1222 464 1266 490 se
1296 450 1556 491 obstrictum
1587 464 1679 491 esse

233 516 322 544 non
345 506 530 547 sentiat?
561 506 635 560 qui
659 506 701 545 in
719 505 938 559 judicium
961 506 1119 557 veniat,
1142 506 1216 548 ubi
1239 521 1292 547 ne
1315 507 1480 562 precari
1503 507 1679 563 quidem

232 559 391 602 Jovem
413 562 643 618 Optimum
666 561 932 614 Maximum,
964 574 1094 619 atque
1121 565 1176 605 ab
1209 578 1260 605 eo
1294 564 1505 606 auxilium
1533 575 1679 621 petere

232 632 353 660 more
374 620 569 660 omnium
591 619 752 675 possit?
783 636 808 661 a
828 635 915 676 quo
937 620 1069 661 etiam
1092 621 1152 662 dii
1175 621 1437 663 immortales
1459 637 1536 664 sua
1556 637 1679 679 repe-

233 683 332 716 tunt
354 676 397 716 in
419 691 470 716 eo
492 676 678 731 judicio,
708 678 824 732 quod
855 677 1106 719 hominibus
1128 679 1182 720 ad
1214 694 1310 719 suas
1332 693 1398 720 res
1418 681 1678 736 repetundas

233 743 298 774 est
319 733 620 776 constitutum.
683 734 913 788 Miramur,
935 735 1120 777 Athenis
1138 735 1401 788 Minervam,
1427 736 1526 779 Deli
1541 736 1679 794 Apol-

188 792 219 825 b·
233 791 377 841 linem,
399 790 425 832 J
432 806 618 833 unonem
642 792 775 844 Sami,
809 793 962 850 Pergae
989 792 1195 845 Dianam,
1217 793 1376 835 multos
1398 803 1608 850 praeterea
1622 795 1677 836 ab

232 847 315 890 isto
332 848 434 889 deos
457 859 549 890 tota
570 849 676 891 Asia
698 850 956 906 Graeciaque
978 851 1177 902 violatos,
1199 852 1272 907 qui
1295 866 1321 892 a
1343 851 1564 907 Capitolio
1585 867 1677 894 ma-

231 919 311 946 nus
333 906 550 948 abstinere
576 923 661 948 non
693 909 906 964 potuerit?
937 909 1053 964 quod
1085 909 1242 965 privati
1275 909 1472 951 homines
1505 909 1558 950 de
1590 910 1676 951 suis

231 963 427 1019 pecuniis
452 976 620 1015 ornant,
655 967 934 1022 ornaturique
963 976 1077 1017 sunt,
1100 966 1143 1007 id
1165 966 1215 1008 C.
1240 967 1392 1007 Verres
1415 967 1470 1008 ab
1500 967 1676 1023 regibus

167 1025 218 1064 72
231 1021 374 1063 ornari
395 1036 482 1062 non
505 1035 568 1063 est
590 1038 753 1078 passus,
800 1022 954 1078 Itaque
971 1023 1055 1064 hoc
1077 1023 1242 1065 nefario
1261 1024 1418 1065 scelere
1440 1036 1672 1081 concepto,

228 1078 339 1119 nihil
361 1088 511 1134 postea
532 1090 625 1121 tota
646 1081 690 1121 in
714 1080 863 1122 Sicilia
882 1095 1021 1136 neque
1051 1081 1174 1131 sacri,
1205 1096 1343 1137 neque
1366 1082 1556 1139 religiosi
1583 1096 1676 1124 esse

229 1136 381 1178 duxit:
414 1136 476 1178 ita
505 1152 595 1179 sese
618 1138 661 1179 in
685 1152 734 1179 ea
756 1139 982 1195 provincia
1011 1153 1086 1194 per
1115 1139 1348 1180 triennium
1370 1140 1520 1196 gessit,
1541 1149 1590 1180 ut
1619 1141 1675 1181 ab

228 1193 313 1234 isto
337 1208 425 1235 non
450 1195 587 1236 solum
616 1195 881 1247 hominibus,
905 1211 1052 1238 verum
1077 1197 1210 1237 etiam
1241 1196 1323 1238 diis
1356 1197 1674 1243 immortalibus

229 1251 389 1292 bellum
414 1253 626 1294 indictum
648 1263 884 1309 putaretur.

143 1305 214 1356 33
287 1309 468 1365 Segesta
499 1319 565 1351 est
592 1311 1035 1375 oppidum-pervetus
1073 1311 1117 1353 in
1148 1311 1310 1363 Sicilia,
1335 1311 1525 1367 judiees,
1558 1312 1675 1368 quod

227 1367 281 1408 ab
307 1367 446 1409 AEnea
467 1367 662 1425 fugiente
681 1384 706 1409 a
723 1368 869 1424 TroJa,
892 1379 1020 1424 atque
1043 1369 1087 1409 iu
1104 1369 1199 1411 haec
1216 1370 1311 1411 loca
1332 1370 1547 1421 veniente,
1569 1385 1673 1412 con-

224 1423 365 1465 ditum
387 1440 479 1466 esse
501 1427 813 1469 demonstrant.
875 1426 1028 1482 Itaque
1052 1427 1276 1482 Segestani
1301 1442 1389 1469 non
1413 1427 1550 1468 solum
1573 1442 1670 1484 per-

193 1511 199 1515 -
224 1491 357 1539 petua
378 1483 586 1525 societate
607 1494 736 1540 atque
761 1484 967 1535 amicitia,
991 1498 1140 1525 verum
1170 1485 1302 1525 etiam
1333 1485 1596 1541 cognatione
1629 1500 1673 1527 se

224 1554 325 1581 eum
364 1541 525 1597 populo
561 1542 761 1583 Romano
802 1542 1061 1597 conjunctos
1102 1557 1194 1583 esse
1231 1542 1508 1584 arbitrantur.
1572 1542 1673 1584 Hoc

225 1598 445 1652 quondam
468 1600 693 1656 oppidum,
715 1614 815 1640 cum
835 1599 905 1641 illa
923 1599 1076 1640 civitas
1094 1614 1193 1640 cum
1213 1599 1365 1641 Poenis
1386 1615 1462 1641 suo
1482 1601 1673 1652 nomine,

225 1669 276 1696 ac
299 1669 376 1696 sua
397 1667 551 1711 sponte
575 1657 765 1708 bellaret,
789 1673 813 1698 a
832 1656 1271 1712 Karthaginiensibus
1295 1657 1335 1698 vi
1359 1661 1399 1688 85
1409 1667 1586 1714 captum
1609 1667 1674 1698 at·

224 1727 309 1768 que
331 1713 520 1755 deletum
544 1724 629 1767 est3
662 1715 907 1770 omniaque,
929 1730 1027 1769 quae
1058 1724 1312 1756 ornamento
1335 1715 1431 1756 urbi
1461 1730 1552 1756 esse
1575 1730 1675 1772 pos-

226 1780 336 1822 sent,
370 1771 688 1828 Karthaginem
711 1782 811 1814 sunt
832 1787 887 1813 ex
910 1772 983 1813 illo
1011 1772 1107 1813 loco
1131 1773 1371 1829 deportata.
1435 1772 1537 1813 Fuit
1557 1772 1673 1829 apud

226 1828 486 1884 Segestanos
517 1845 573 1871 ex
600 1845 684 1871 aere
714 1829 991 1871 simulacrum
1023 1829 1194 1880 Dianae,
1229 1845 1327 1871 cum
1353 1845 1521 1871 summa
1541 1840 1672 1886 atque

224 1887 527 1942 antiquissima
549 1888 782 1944 praeditum
800 1888 1022 1944 religione,
1046 1898 1139 1928 tum
1159 1887 1364 1944 singulari
1384 1902 1513 1945 opere
1534 1887 1671 1929 artifi-

223 1944 381 2000 cioque
414 1945 670 2001 perfectum.
734 1945 834 1987 Hoc
869 1945 1122 1986 translatum
1161 1944 1491 2000 Karthaginem,
1524 1944 1670 1987 locum

222 2010 393 2043 tantum
412 2003 695 2059 hominesque
718 2012 930 2044 mutarat:
964 2003 1217 2058 religionem
1240 2003 1414 2059 quidem
1443 2003 1670 2059 pristinam

223 2061 523 2102 conservabat.
546 2077 646 2102 nam
680 2071 857 2117 propter
887 2061 1095 2102 eximiam
1126 2060 1506 2117 pulchritudinem,
1538 2060 1670 2102 etiam

160 2120 211 2160 7¹3
225 2116 422 2158 hostibus
444 2119 591 2175 digna,
613 2134 743 2174 quam
763 2119 1030 2160 sanctissime
1052 2118 1256 2170 colerent,
1288 2118 1531 2159 videbatur.
1575 2117 1670 2159 Ali-

86 2585 117 2616 p.
135 2576 206 2609 217.

174 2629 204 2650 a.

222 2185 329 2230 quot
353 2176 520 2217 saeculis
544 2187 656 2232 post,
689 2176 739 2217 P.
764 2177 912 2232 Scipio
941 2176 1051 2216 bello
1078 2176 1245 2217 Punico
1272 2176 1400 2217 tertio
1434 2175 1670 2231 Karthagi-

219 2247 319 2274 nem
342 2234 479 2290 cepit:
512 2249 597 2289 qua
619 2235 659 2275 in
685 2234 868 2275 victoria
888 2234 1051 2286 (videte
1073 2233 1261 2275 hominis
1280 2233 1484 2274 virtutem
1506 2243 1550 2274 et
1571 2233 1668 2274 dili-

220 2291 428 2346 gentiam,
460 2301 509 2332 ut
533 2301 577 2333 et
601 2292 849 2333 domesticis
883 2290 1224 2347 praeclarissimae
1256 2291 1426 2332 virtutis
1456 2290 1667 2347 exemplis

220 2350 459 2404 gaudeatis,
483 2359 526 2390 et
547 2364 598 2391 eo
621 2349 784 2404 majore
806 2349 907 2390 odio
930 2349 1108 2405 dignam
1128 2349 1250 2389 istius
1274 2348 1571 2390 incredibilem
1591 2363 1668 2388 au-

219 2406 388 2447 daciam
404 2407 632 2462 judicetis)
653 2407 903 2448 convocatis
924 2406 1080 2447 Siculis
1099 2407 1315 2456 omnibus,
1339 2406 1454 2461 quod
1474 2405 1668 2447 diutissi-

221 2477 289 2503 me
315 2465 636 2520 saepissimeque
657 2465 850 2506 Siciliam
865 2476 1066 2505 vexatam
1089 2480 1113 2504 a
1135 2463 1571 2519 Karthaginiensibus
1593 2478 1668 2504 co-

220 2532 391 2576 gnorat,
407 2522 538 2577 jubet
556 2523 703 2563 omnia
724 2522 943 2577 conquiri:
978 2522 1218 2578 pollicetur,
1251 2522 1331 2562 sibi
1355 2535 1525 2576 magnae
1548 2535 1664 2562 curae

220 2579 325 2631 fore,
349 2590 396 2620 ut
429 2581 575 2621 onmia
602 2581 869 2631 civitatibus,
901 2594 998 2635 quae
1032 2579 1242 2635 cujusque
1275 2578 1470 2629 fuissent,
1493 2578 1666 2619 restitu-

257 2746 296 2774 85
320 2754 346 2774 e.
375 2749 473 2784 alque
497 2745 638 2774 deletum
665 2744 724 2783 est]
758 2743 839 2773 Edd.
864 2754 911 2783 pr.
957 2743 1032 2774 fusa'
1046 2747 1125 2773 sunt
1142 2743 1175 2772 in
1199 2742 1299 2772 libris.
1345 2742 1505 2773 Similiter
1525 2753 1577 2783 ap.
1592 2743 1665 2774 Liv.

213 2787 314 2817 etiam
331 2786 416 2816 Vict.
432 2793 464 2816 et
481 2787 559 2817 Mss.
577 2787 709 2826 quidam
731 2785 891 2825 dejectum
905 2799 914 2815 .·
957 2789 1010 2822 31,
1027 2789 1078 2819 (29.
1097 2795 1154 2826 pro
1171 2786 1275 2815 deleta
1291 2785 1364 2816 libri
1391 2785 1524 2825 quidam
1539 2784 1670 2827 dejecta

214 2829 428 2869 placebatque
444 2830 586 2860 Grutcro
601 2842 606 2858 z
633 2839 698 2858 non
714 2828 807 2858 mihi.
845 2828 914 2859 De·
959 2830 1016 2860 erc.
1032 2839 1060 2859 r.
1074 2829 1118 2860 ibi
1133 2827 1304 2859 Drakenb.

215 2874 328 2910 letum,
345 2872 505 2902 delectam
517 2879 550 2904 et
564 2871 722 2913 deff-'eclam
737 2881 822 2912 serpe
837 2881 914 2902 con-
