1907 3231
500 68 624 106 ACT.
656 68 712 106 II.
753 65 942 104 LIBER
975 65 1299 106 SECUNDUS.
1527 72 1605 107 283

176 170 220 212 in
239 171 470 213 vendendis
487 171 610 212 istius
628 171 809 212 decretis
827 179 871 211 et
880 170 1074 226 judiciis,
1087 170 1458 226 transigendisque
1471 186 1604 229 nego-

177 228 262 280 tiis,
293 238 341 270 ut
373 242 507 285 prope
540 220 645 269 alter
679 227 972 269 Timarchides
1009 237 1316 269 numeraretur.
1378 228 1477 269 Hoc
1514 241 1603 271 erat
1618 240 1692 279 170

175 285 306 327 etiam
326 285 565 341 capitalior,
594 285 709 340 quod
740 286 853 326 idem
886 285 1114 340 pecuniam
1141 285 1208 335 iis,
1238 285 1312 339 qui
1345 285 1398 324 ab
1422 286 1504 325 isto
1527 286 1602 327 ali-

175 343 278 397 quid
299 343 612 393 mercabantur,
635 343 794 384 foenori
816 342 959 383 dabat.
1013 342 1076 383 Ea
1095 352 1240 382 autem
1264 341 1493 382 foeneratio
1511 353 1601 384 erat

173 398 435 454 hujusmodi,
459 399 644 454 judices,
685 410 735 440 ut
771 399 900 441 etiam
940 399 1010 440 hic
1049 409 1238 454 quaestus
1276 398 1378 439 huic
1415 399 1599 440 cederet.

173 470 287 507 nam,
317 471 421 511 quas
450 456 653 512 pecunias
677 457 728 497 iis
760 456 926 497 ferebat
954 471 1179 512 expensas,
1209 456 1466 511 quibuscum
1497 470 1646 520 con-b,

173 513 395 565 trahebat3
426 522 501 554 aut
522 514 674 554 scribae
697 514 834 565 istius,
865 522 939 554 aut
959 512 1239 563 'limarchidi‚
1270 522 1344 553 aut
1364 513 1495 553 etiam
1517 513 1600 568 ipsi

172 569 244 610 isti
266 570 476 612 referebat
497 580 708 627 acceptas.
770 570 891 612 Idem
920 581 1128 626 praeterea
1156 570 1358 626 pecunias
1381 570 1503 610 istius
1524 584 1601 610 ex-

172 627 474 668 traordinarias
497 628 676 683 grandes
699 643 775 669 suo
797 628 971 668 nomine
990 627 1297 668 foenerabatur.
1350 626 1438 668 Hic
1461 627 1684 682 p1i1n0171

175 683 450 748 Carpinatius
472 695 700 740 antequam
717 685 760 725 in
780 685 901 725 istius
919 694 1082 725 tantam
1101 684 1436 725 familiaritatem
1453 698 1602 748 perve-

171 741 319 793 nisset,
341 741 567 797 aliquoties
590 742 639 783 ad
665 742 803 783 socios
826 741 986 782 litteras
1009 742 1061 781 de
1079 741 1202 782 istius
1224 741 1391 795 injuriis
1412 742 1601 783 miserat.

174 797 404 840 Canuleius
428 814 542 863 vero,
565 800 638 854 qui
661 799 704 839 in
726 807 853 854 portu
878 798 1098 854 Syracusis
1121 813 1270 861 operas
1293 798 1437 848 dabat,
1459 801 1499 832 89
1513 797 1604 839 fur-

173 863 216 896 ta
236 871 408 912 quoque
428 856 550 897 istius
572 857 785 912 permulta
809 856 1066 896 nominatim
1090 856 1143 896 ad
1171 869 1310 896 socios
1343 855 1602 911 perscripse-

170 923 250 964 rat,
271 928 321 954 ea
339 928 435 968 quae
454 914 544 954 sine
563 913 755 968 portorio
775 913 832 954 Sv
837 913 995 954 racusis
1014 922 1134 954 erant
1151 920 1404 968 exportata:
1427 921 1602 968 portum

171 979 315 1011 antem
336 980 380 1011 et
398 970 653 1026 scripturam
674 970 823 1011 eadem
837 971 1017 1011 societas
1030 970 1231 1011 habebat.
1263 969 1331 1011 Ita
1343 968 1505 1010 factum
1522 978 1602 1021 est,

169 1037 219 1068 ut
238 1036 381 1068 essent
401 1027 625 1082 per,multa
654 1042 751 1083 quae
773 1042 827 1069 ex
851 1028 1067 1069 societatis
1087 1028 1219 1069 literis
1242 1026 1410 1067 dicere
1402 1040 1445 1067 ln
1468 1027 1600 1067 istum

169 1099 219 1125 ac
241 1083 431 1140 proferre
448 1099 683 1140 possemus.
743 1085 904 1126 Verum
925 1085 1098 1136 accidit,
1128 1094 1177 1125 ut
1200 1083 1490 1140 Carpinatius,
1524 1084 1598 1139 qui
1613 1095 1690 1134 172

161 1141 256 1196 jam
275 1156 374 1182 cum
396 1141 479 1182 isto
501 1156 668 1182 summa
688 1142 1013 1192 consuetudine,
1044 1152 1251 1197 praeterea
1272 1156 1330 1191 le,
1360 1156 1410 1182 ac
1432 1141 1600 1183 ratione

168 1198 427 1263 conjunctus
450 1209 573 1251 esset,
605 1200 774 1240 crebras
796 1208 945 1255 postea
975 1199 1135 1239 litteras
1159 1199 1209 1239 ad
1234 1199 1372 1239 socios
1402 1199 1455 1239 de
1476 1199 1599 1240 istius

169 1257 345 1297 summis
375 1256 529 1298 officiis
563 1257 606 1296 in
637 1270 726 1296 rem
759 1271 1032 1297 communem
1065 1255 1371 1310 beneficiisque
1394 1256 1600 1297 mitteret.

169 1311 344 1354 Etenim
366 1328 463 1354 cum
486 1313 566 1353 iste
595 1313 754 1363 omnia,
785 1327 1070 1368 quaecumque
1100 1312 1376 1368 Carpinatius
1410 1313 1601 1369 postula-

167 1370 257 1421 bat,
277 1369 417 1412 facere
432 1385 481 1411 ac
499 1370 724 1411 decernere
743 1371 931 1422 solebat;
963 1380 1054 1411 tum
1069 1370 1137 1410 ille
1155 1371 1285 1410 etiam
1304 1370 1424 1425 plura
1441 1369 1601 1410 scribe-

168 1427 244 1468 bat
265 1427 318 1468 ad
337 1427 501 1480 socios;
532 1439 594 1478 ut,
625 1428 659 1468 si
683 1437 840 1483 posset,
872 1442 969 1483 quae
992 1438 1119 1468 antea
1139 1428 1380 1482 scripserat,
1403 1441 1453 1467 ea
1475 1426 1601 1482 plane

167 1484 475 1541 exstingueret.
524 1483 591 1526 Ad
613 1494 854 1525 extremum
878 1499 993 1535 vero,
1016 1499 1116 1526 cum
1138 1485 1218 1525 iste
1234 1485 1328 1540 jam
1349 1484 1599 1535 decedebat,

167 1541 378 1596 ejusmodi
408 1541 570 1582 litteras
592 1542 646 1582 ad
674 1557 746 1583 eos
768 1543 900 1594 misit,
932 1553 980 1583 ut
1012 1542 1113 1582 huic
1146 1542 1403 1605 f1eqwuentes
1424 1541 1599 1582 obviam

166 1598 401 1654 prodirent
425 1599 668 1654 gratiasque
687 1608 888 1655 agerent3
919 1599 1108 1640 facturos
1131 1614 1188 1650 se,
1212 1599 1246 1639 si
1267 1598 1403 1654 quid
1394 1613 1600 1662 imperas-

166 1665 244 1707 set,
267 1656 457 1697 studiose
478 1656 794 1712 pollicerentur.
834 1656 988 1713 Itaque
1009 1656 1113 1697 socii
1137 1656 1511 1706 fecerunt,vete1e
1533 1670 1598 1696 in-

166 1713 320 1754 stituto
364 1713 717 1769 publicanorum:
748 1717 789 1750 90
803 1729 888 1755 non
930 1729 1016 1769 quo
1049 1714 1199 1754 istum
1218 1712 1304 1754 ullo
1338 1713 1501 1754 honore
1533 1713 1599 1754 di-

163 1784 299 1826 gnum
331 1770 651 1822 arbitrarentur,
688 1771 760 1811 sed
795 1771 911 1835 quod
947 1787 1023 1812 sua
1055 1772 1258 1811 interesse
1288 1771 1514 1826 putabant,
1553 1785 1598 1812 se

164 1842 374 1869 memores
395 1837 624 1884 gratosque
645 1829 897 1879 existimari,
929 1829 1088 1884 gratias
1111 1829 1182 1869 isti
1204 1837 1409 1884 egerunt:
1443 1827 1598 1883 Carpi-

164 1885 331 1926 natium
354 1899 469 1940 saepe
490 1885 543 1926 ad
565 1900 609 1926 se
629 1886 681 1927 de
702 1886 794 1941 ejus
824 1887 978 1927 officiis
1003 1886 1163 1926 litteras
1188 1886 1353 1926 misisse
1376 1885 1594 1925 dixerunt.

165 1941 255 1983 Iste
275 1957 375 1983 cum
393 1942 694 1998 respondisset,
718 1958 762 1984 se
779 1958 829 1984 ea
845 1944 1027 1984 libenter
1046 1942 1210 1994 fecisse,
1232 1956 1469 1998 opeiasque
1489 1941 1593 1982 Car-
1608 1939 1675 1994 71

163 2000 318 2055 pinatii
339 2014 602 2056 mavnopere
618 2000 856 2053 laudasset
886 2002 961 2043 dat
988 2001 1127 2041 amico
1158 2015 1234 2041 suo
1266 2000 1437 2041 cuidam
1460 2014 1591 2056 nego·
1608 2011 1680 2050 173

164 2058 288 2107 tium,
311 2072 384 2112 qui
403 2066 496 2097 tum
515 2058 719 2113 magister
733 2068 824 2099 erat
839 2059 875 2114 ej
885 2074 931 2099 us
954 2057 1187 2109 societatis,
1210 2067 1259 2098 ut
1276 2033 1541 2113 diligenter:³
1523 2072 1594 2097 ea-

163 2123 282 2156 veret
302 2124 431 2169 atque
454 2116 732 2170 prospiceret,
762 2130 816 2156 ne
837 2116 938 2171 quid
963 2125 1074 2156 esset
1104 2115 1147 2155 in
1180 2115 1333 2155 litteris
1364 2115 1594 2165 sociorum,

162 2172 279 2226 quod
294 2181 445 2213 contra
460 2186 584 2212 suum
602 2182 733 2228 caput
751 2183 879 2228 atque
897 2173 1264 2213 existimationem
1281 2172 1419 2212 valere
1437 2180 1595 2227 posset.
1608 2197 1637 2226 p,
1658 2189 1727 2220 144.

164 2228 317 2284 Itaque
345 2228 429 2281 ille,
460 2228 736 2271 multitudine
763 2231 978 2272 sociorum
1003 2239 1181 2280 remota,
1211 2229 1471 2270 decumanos
1494 2243 1642 2270 con-a-

162 2295 313 2328 vocat:
346 2300 436 2327 rem
468 2286 619 2328 defert.
681 2287 887 2328 Statuunt
918 2287 978 2328 illi
1011 2297 1140 2342 atque
1173 2286 1424 2337 decernunt,
1455 2295 1503 2327 ut
1535 2300 1598 2327 eae

160 2342 332 2395 litterae,
354 2344 510 2399 quibus
532 2344 798 2385 existimatio
824 2344 875 2386 C.
900 2344 1042 2385 Verris
1066 2344 1306 2393 laederetur,
1329 2357 1600 2385 removeren-

162 2408 246 2453 tur,
268 2415 483 2457 operaque
504 2401 688 2453 daretur,
711 2414 764 2443 ne
786 2416 836 2444 ea
857 2416 922 2443 res
947 2401 999 2443 C.
1022 2401 1144 2442 Verri
1165 2401 1304 2442 fraudi
1327 2415 1418 2442 esse
1440 2410 1598 2457 posset.

204 2559 244 2590 89
247 2556 353 2597 ,Τηνία
363 2558 458 2588 istius
465 2560 702 2599 perscripserat
718 2569 767 2594 ea,
791 2568 861 2598 qua>
904 2559 1064 2596 Graevius,
1079 2559 1155 2598 quia
1169 2559 1214 2589 sic
1229 2563 1279 2589 est
1301 2558 1336 2589 in
1356 2559 1450 2589 bonis
1470 2557 1549 2589 Mss.
1566 2562 1601 2589 et

162 2605 300 2630 —erunt
311 2601 496 2640 exportata]
512 2601 640 2641 Nempe
641 2601 747 2641 furta
758 2602 860 2632 etiam
904 2602 1056 2642 nuspiam
1070 2601 1110 2633 de
1125 2601 1186 2632 hoc
1206 2601 1357 2641 vectigali
1372 2600 1507 2641 pluralis
1521 2601 1602 2631 dici-

163 2641 319 2671 dicuntur
346 2652 396 2678 ea,
423 2652 495 2681 quae
523 2653 581 2683 per
609 2644 736 2674 furtum
763 2644 860 2674 fiunt.
904 2649 973 2674 tur.

164 2683 226 2713 Sed
241 2683 331 2714 locus
345 2690 395 2714 est
410 2684 456 2714 sie
471 2685 765 2725 interpungendus‚
789 2691 827 2716 ut
843 2698 862 2716 a
946 2690 987 2722 90
1009 2696 1070 2716 non
1097 2695 1157 2725 quo
1183 2684 1599 2725 tetum—arbitrarentur]

161 2726 255 2755 nobis
268 2726 390 2756 factum
402 2731 465 2763 est,
478 2732 515 2757 ut
527 2734 559 2757 et
573 2728 644 2758 edd.
658 2738 705 2768 pr.
722 2728 857 2764 habent,
902 2728 954 2758 Sic
975 2728 1048 2759 edd.
1062 2733 1144 2758 vett.
1162 2737 1228 2757 non
1251 2727 1336 2767 quod
1344 2740 1353 2756 .·
1377 2736 1453 2758 nam
1476 2728 1502 2758 si
1519 2726 1604 2767 quod

161 2774 279 2808 nempe
292 2775 365 2808 post
367 2770 620 2809 perscripserat,
631 2779 696 2800 non
705 2779 754 2800 ea.
779 2770 859 2800 Mox
901 2781 1015 2801 verum
1025 2775 1122 2806 esset,
1133 2770 1386 2802 arbitrabantur
1393 2770 1601 2802 scribendum

159 2811 359 2850 scripturam
372 2810 531 2849 dedimus,
546 2822 604 2852 pro
617 2811 810 2851 scripturas,
821 2818 860 2843 ut
902 2818 999 2851 esset,
1016 2818 1055 2844 ut
1070 2818 1144 2854 post
1159 2817 1209 2844 est
1219 2813 1395 2852 putabant.
