1907 3231
502 106 626 145 ACT.
654 105 714 144 11.-
743 103 931 142 LIBER
955 102 1256 143 QUARTUS.
1520 108 1601 147 377

158 219 394 268 toraequus
415 217 459 252 et
491 211 659 267 sapiens
682 209 842 251 dimitti
858 209 989 265 jubet
1017 216 1228 249 senatum.
1290 206 1523 250 Concurrit
1545 209 1600 251 ad

160 285 231 311 me
253 270 445 310 maxima
460 268 707 308 multitudo.
730 268 918 324 primum
934 275 1149 307 senatores
1166 265 1364 316 clamare,
1386 266 1493 321 eripi
1516 266 1599 308 sibi

150 327 242 382 jus,
285 327 391 382 eripi
433 324 699 366 libertatem:
753 324 935 381 populus
979 333 1173 364 senatum
1211 321 1397 372 laudare,
1439 324 1599 377 gratias

158 399 308 440 agere:
341 384 455 424 cives
481 382 667 422 Romani
692 397 716 422 a
747 396 816 423 me
845 396 1055 436 nusquam
1089 379 1320 422 discedere.
1382 379 1482 425 Quo
1504 381 1600 434 qui-

157 441 256 482 dem
278 441 361 492 die,
393 440 501 480 nihil
524 440 682 495 aegrius
716 438 880 480 factum
905 448 984 490 est,
1006 438 1144 479 multo
1166 437 1312 478 labore
1333 450 1445 487 meo,
1469 451 1599 491 quam

157 508 207 538 ut
228 513 379 538 manus
401 498 455 538 ab
478 497 549 537 illo
573 495 833 552 appellatore
868 496 1197 537 abstinerentur.
1259 493 1372 536 Cum
1402 493 1456 534 ad
1490 498 1689 549 pree-147

158 564 296 596 torem
319 555 361 595 in
378 554 451 610 jus
475 555 724 606 adissemus,
746 554 971 610 excogitat
995 568 1095 595 sane
1123 552 1352 608 diligenter
1385 559 1428 592 et
1460 559 1601 603 caute,

155 613 260 668 quid
295 612 512 653 decernat.
547 626 648 652 nam
681 621 794 663 ante,
824 626 954 666 quam
982 612 1162 652 verbum
1193 610 1393 660 facerem,
1414 608 1468 649 de
1500 607 1603 662 sella

157 670 358 720 surrexit,
392 679 520 725 atque
556 669 679 709 abiit.
742 668 895 724 Itaque
928 679 1020 709 tum
1054 669 1106 709 de
1140 667 1250 718 foro,
1281 680 1381 708 cum
1403 665 1498 722 jam
1527 664 1602 706 ad-

157 737 488 782 vesperasceret,
521 727 808 767 discessimus.
870 725 1085 767 Postridie
1107 739 1232 766 mane
1260 725 1314 765 ab
1337 737 1386 765 eo
1413 722 1602 780 postulo,
1613 725 1688 781 66

156 794 206 825 ut
229 785 509 840 Syracusanis
532 783 680 824 liceret
701 791 872 824 senatus
898 782 1160 834 consultum,
1182 782 1298 837 quod
1320 781 1457 836 pridie
1476 780 1602 822 fecis-

116 848 120 854 “
155 851 266 892 sent,
290 842 396 883 mihi
423 842 611 883 reddere.
673 840 751 882 Ille
773 840 991 881 enimvero
1018 851 1178 896 negat3
1210 848 1253 880 et
1276 839 1350 890 ait,
1373 839 1603 894 indignum

155 898 324 940 facinus
360 914 466 950 esse,
488 898 604 954 quod
637 912 719 954 ego
756 898 801 938 in
835 905 986 938 senatu
1021 897 1180 938 Graeco
1214 897 1346 938 verba
1378 896 1604 938 fecissem:

153 957 271 1012 quod
302 958 476 1013 quidem
509 955 623 1012 apud
656 956 836 997 Graeeos
869 955 1025 997 Graece
1053 954 1224 996 locutus
1257 967 1407 1004 essem,
1430 953 1474 994 id
1503 952 1605 994 ferri

153 1014 273 1061 nullo
310 1015 440 1055 modo
480 1027 619 1069 posse.
683 1012 906 1069 Respondi
941 1012 1124 1063 homini,
1146 1020 1195 1052 ut
1226 1011 1365 1068 potui,
1388 1021 1436 1052 ut
1473 1010 1606 1062 volui,

153 1084 204 1114 ut
235 1072 379 1113 debui.
414 1081 507 1111 tum
546 1069 697 1121 multa,
735 1080 828 1111 tum
859 1070 990 1111 etiam
1022 1070 1107 1111 hoc
1137 1084 1207 1110 me
1238 1068 1416 1110 memini
1449 1068 1606 1119 dicere,

157 1129 285 1176 facile
305 1143 396 1170 esse
415 1128 705 1184 perspicuum,
728 1136 939 1183 quantum
962 1128 1074 1168 inter
1095 1127 1226 1177 hunc,
1247 1135 1290 1167 et
1311 1126 1432 1167 illum
1450 1126 1608 1167 Numi-

154 1187 316 1238 dicum,
341 1201 488 1227 verum
509 1194 552 1226 et
574 1199 829 1241 germanum
852 1185 1082 1226 Metellum
1113 1186 1353 1226 interesset.
1376 1183 1496 1224 illum
1528 1198 1606 1236 no-

152 1243 283 1291 luisse
319 1259 394 1284 sua
430 1243 677 1284 laudatione
706 1243 862 1298 juvare
901 1242 949 1283 L.
984 1242 1228 1293 Lucullum,
1261 1242 1417 1282 sororis
1450 1241 1606 1293 virum,

154 1301 332 1357 quicum
372 1301 536 1357 optime
575 1301 871 1342 convenisset:
905 1299 1022 1341 hunc
1065 1300 1232 1340 homini
1273 1298 1549 1350 alienissimo,
1581 1314 1607 1340 a

154 1358 407 1400 civitatibus
430 1358 696 1399 laudationes
719 1372 794 1413 per
817 1358 904 1398 vim
928 1366 971 1398 et
990 1366 1154 1398 metum
1178 1371 1441 1412 comparare.
1474 1356 1605 1403 Quod
1620 1360 1694 1394 148

156 1416 231 1457 ubi
254 1416 462 1467 intellexi,
494 1415 679 1455 multum
711 1415 826 1471 apud
850 1414 969 1455 illum
993 1424 1186 1455 recentes
1210 1413 1399 1464 nuntios,
1422 1413 1606 1455 multum

154 1474 321 1520 tabulas
356 1488 443 1514 non
478 1472 876 1523 commendaticias,
900 1472 973 1513 sed
1008 1471 1258 1513 tributarias
1293 1472 1501 1522 valuisse3
1532 1471 1608 1513 ad-

155 1532 326 1572 monitu
367 1532 560 1586 ipsorum
595 1529 966 1585 Syracusanorum
1004 1529 1216 1585 impetum
1254 1529 1297 1569 in
1335 1544 1404 1570 eas
1441 1529 1608 1570 tabulas

157 1588 288 1643 facio,
312 1588 354 1629 in
379 1588 538 1643 quibus
562 1587 732 1643 singula
753 1587 993 1644 perscripta
1014 1595 1150 1628 erant.
1194 1585 1308 1627 Ecce
1330 1597 1474 1627 autem
1496 1596 1653 1628 novab.

155 1648 285 1687 turba
317 1655 447 1700 atque
482 1645 590 1686 rixa.
625 1660 679 1685 ne
715 1654 859 1687 tamen
894 1645 1025 1685 istum
1060 1643 1239 1685 omnino
1269 1644 1493 1700 Syracusis
1518 1644 1610 1686 sine

156 1704 322 1755 amicis,
347 1704 437 1744 sine
459 1702 720 1759 hospitibus,
752 1703 879 1759 plane
911 1702 1073 1743 nudum
1099 1716 1190 1743 esse
1221 1717 1269 1743 ac
1291 1703 1506 1755 desertum
1530 1717 1611 1758 pu·

156 1762 281 1812 tetis,
314 1761 497 1801 retinere
533 1760 673 1816 coepit
702 1759 870 1801 tabulas
902 1759 1222 1801 Theomnastus
1255 1759 1446 1814 quidam,
1478 1759 1610 1801 homo

157 1818 336 1860 ridicule
379 1818 569 1868 insanus,
611 1832 739 1872 quem
787 1817 1047 1873 Syracusani
1088 1816 1379 1858 Theoractum
1421 1825 1608 1860 vocant:

158 1877 233 1931 qui
257 1875 343 1916 illic
365 1875 580 1930 ejusmodi
609 1885 688 1926 est,
712 1884 760 1916 ut
796 1890 894 1916 eum
928 1875 1049 1932 pueri
1087 1884 1328 1926 sectentu1·;
1360 1883 1410 1916 ut
1442 1888 1608 1926 omnes,

156 1949 257 1974 cum
288 1933 406 1988 loqui
439 1933 639 1988 coeperit,
671 1933 890 1974 irrideant.
953 1932 1100 1989 Hujus
1127 1943 1271 1973 tamen
1297 1931 1477 1984 insania,
1507 1946 1606 1987 quae

155 1991 338 2038 ridicula
361 2000 426 2031 cst
448 1990 557 2041 aliis,
574 1990 683 2031 mihi
706 2000 796 2031 tum
819 1990 1001 2032 molesta
1019 2005 1120 2032 sane
1139 1990 1237 2030 fuit.
1258 2004 1360 2031 nam
1382 2004 1482 2030 cum
1505 2004 1606 2045 spu-

152 2064 246 2090 mas
279 2058 428 2104 ageret
462 2048 507 2089 in
545 2062 631 2099 ore,
664 2048 862 2089 arderent
891 2048 1019 2099 oculi,
1052 2062 1159 2089 voce
1193 2047 1387 2088 maxima
1417 2047 1504 2088 vim
1535 2061 1606 2088 me

157 2106 241 2147 sibi
265 2106 416 2147 afferre
438 2105 669 2157 clamaret3
701 2106 891 2162 copulati
915 2106 1048 2161 injus
1073 2105 1360 2162 pervenimus.
1416 2104 1504 2146 Hic
1522 2118 1604 2160 ego
1620 2115 1694 2152 149

154 2164 373 2221 postulare
405 2163 539 2220 coepi,
572 2172 620 2204 ut
650 2163 759 2204 mihi
790 2163 958 2204 tabulas
981 2163 1212 2219 obsignare
1235 2177 1285 2202 ac
1307 2162 1534 2219 deportare
1555 2162 1606 2202 li-

153 2231 284 2262 ceret.
346 2221 478 2262 861110
500 2230 666 2262 contra.
699 2221 857 2262 instare
884 2236 982 2277 ego,
1002 2221 1195 2261 omnium
1224 2220 1332 2260 1111111
1362 2220 1607 2272 tabularum

154 2289 199 2320 et
220 2279 460 2331 litterarum
493 2278 583 2319 fieri
617 2289 877 2334 potestatem
900 2287 1114 2334 oportere.
1177 2277 1357 2328 Contra,
1380 2277 1450 2317 ille
1471 2276 1607 2318 furio-

153 2351 223 2383 sus
246 2351 410 2393 urgere,
434 2335 543 2377 nihil
565 2337 617 2377 ad
639 2351 682 2376 se
699 2347 865 2377 nostras
885 2336 1000 2392 leges
1017 2336 1247 2392 pertinere.
1293 2334 1463 2376 Praetor
1480 2334 1607 2386 intel-

152 2394 291 2450 ligens
305 2409 464 2450 negare
485 2394 567 2434 sibi
584 2393 766 2450 placere,
784 2394 899 2448 quod
915 2403 1085 2443 senatus
1098 2392 1344 2443 consultum
1359 2400 1500 2443 ratum
1512 2406 1605 2444 esse

152 2465 238 2493 non
263 2452 453 2506 deberet,
477 2451 520 2493 id
548 2466 618 2493 me
653 2451 840 2492 Romam
871 2451 1112 2507 deportare.
1176 2450 1294 2496 Quid
1316 2449 1480 2491 multa?
1520 2449 1604 2492 nisi

195 2609 235 2641 86
262 2609 321 2640 Ille
335 2613 449 2639 contra
465 2608 538 2648 &c.]
580 2608 644 2639 Hie
670 2608 762 2638 locus
789 2617 856 2638 non
900 2608 1057 2638 balurum
1078 2612 1109 2638 et
1123 2607 1603 2648 litera7·umfieripotestatem.·

152 2656 202 2681 est
231 2652 299 2681 sine
322 2652 420 2681 vitio:
446 2661 505 2681 nec
530 2658 643 2681 tamen
673 2652 743 2681 sine
767 2651 857 2680 libris
899 2649 1362 2690 illefiaerz'osusurgere:nihil
1374 2651 1462 2680 adse
1473 2653 1602 2681 nostras

152 2694 231 2724 satis
258 2694 416 2723 constitui
440 2698 560 2733 potest.
608 2693 646 2723 In
670 2694 734 2724 Ms.
750 2693 858 2723 Guelf.
903 2694 988 2731 teges
997 2693 1173 2731 pertinere.
1198 2692 1330 2722 Proetor
1344 2694 1401 2723 810.
1427 2692 1509 2723 Haee
1523 2701 1602 2722 con-

151 2737 197 2766 sic
212 2741 279 2766 est:
306 2736 368 2766 Ille
380 2741 494 2766 contra
509 2737 633 2765 dicere:
656 2746 780 2774 negare
792 2746 857 2765 esse
900 2736 1052 2764 sentiunt
1075 2745 1150 2765 cum
1179 2734 1258 2766 Cod.
1280 2734 1391 2775 CuJac.
1410 2745 1438 2766 ν.
1452 2736 1546 2766 Grut.
1562 2734 1603 2765 ad

150 2780 237 2809 illud
252 2777 316 2808 SC.
343 2779 377 2808 in
391 2788 451 2817 quo
471 2784 596 2818 praetor
609 2780 797 2818 appellatus
811 2789 856 2808 es-
902 2777 934 2807 11.
950 2777 971 2807 1.
989 2779 1045 2816 qui
1060 2782 1110 2808 est
1126 2777 1213 2808 idem
1237 2778 1359 2818 regius:
1384 2783 1418 2809 et
1441 2778 1486 2808 sic
1500 2776 1603 2809 edidit

150 2825 217 2850 set:
251 2830 375 2859 negare
404 2821 440 2849 id
466 2821 546 2851 mim·
581 2822 672 2850 tradi
702 2825 856 2860 oportere.
902 2820 1062 2851 Graevius.

152 2863 229 2903 Ego
245 2865 348 2903 legem
364 2863 503 2893 recitare
513 2876 522 2892 .-
545 2863 692 2894 omnium
708 2864 790 2893 mihi
805 2867 856 2893 ta-
