1907 3231
236 106 317 147 472
750 102 1062 144 ¹..t0RAT10

239 217 305 251 est
325 209 456 253 satis?
480 209 732 267 Adspectus
752 218 1016 251 armatorum
1035 206 1088 248 ad
1106 205 1196 248 vim
1217 205 1688 264 probandamval'ebit'z

240 267 436 309 incursus
458 277 523 310 ,et
540 268 741 324 impetus
758 282 847 309 non
878 265 1061 307 valebit?
1092 264 1167 319 qui
1199 264 1369 315 abierit,
1401 263 1571 305 facilius
1604 264 1688 305 sibi

241 325 332 367 vim
353 325 514 372 factam
531 325 754 383 probabit,
771 337 902 379 quam
917 322 992 378 qui
1014 321 1242 378 effugerit?
1275 320 1336 362 At
1357 337 1441 379 ego
1459 322 1544 364 hoc
1565 322 1688 364 dicoz

178 394 231 430 46
244 383 294 435 si,
317 393 366 425 ut
385 385 526 440 primo
548 384 592 425 in
615 382 790 425 castello
816 380 1013 422 Caecinae
1041 379 1157 420 dixi-t
1181 379 1403 431 AEbutius,
1426 394 1470 421 se
1490 379 1690 421 homines

243 441 441 498 coiigisse
469 451 528 483 et.
545 454 745 490 armasse,
767 451 906 493 neque
924 436 1074 489 illum,
1104 437 1139 477 si
1171 451 1224 479 eo
1254 438 1519 489 accessisset,
1546 437 1691 479 abitu-

242 513 354 552 rum,
374 500 521 540 statim
544 497 722 540 Caecina
741 495 1032 547 discessisset3
1063 493 1264 536 dubitare
1282 509 1357 536 vos
1373 511 1461 537 non
1475 495 1692 546 debuisse,

241 557 350 612 quin
373 556 563 598 Caecinae
590 553 803 596 factavis
830 563 960 594 esset.
992 554 1028 594 si
1050 567 1168 603 vero,
1198 552 1378 594 simulac
1409 552 1561 610 procul
1587 567 1694 594 con-

192 656 195 657 .
243 615 390 671 spexit
425 623 628 663 armatos,
663 612 923 662 recessisset,
961 624 1012 652 eo
1045 610 1194 652 minus
1229 609 1502 652 dubitaretis.
1540 624 1692 652 omnes

243 673 360 714 enim
382 671 446 712 vis
467 679 546 721 est,
568 684 666 725 quae
693 668 887 725 periculo
918 678 994 710 aut
1012 668 1220 710 decedere
1238 682 1317 708 nos
1339 667 1538 710 alicunde
1554 669 1693 726 cogit,

245 739 322 770 aut
339 727 545 784 prohibet
565 727 785 769 accedere.
846 726 1017 773 Quodsi
1046 726 1170 768 aliter
1191 726 1416 768 statuetis:
1448 726 1607 778 videte,
1627 740 1695 767 'ne

243 786 330 827 hoc
353 801 428 827 vos
458 784 675 836 statuatis,
697 785 771 839 qui
802 785 927 826 vivus
949 783 1208 835 discesserit,
1229 784 1269 825 ei
1295 783 1384 824 vim
1408 797 1505 824 non*
1519 798 1611 825 esse
1633 783 1698 824 fa-

245 853 387 885 ctam:
419 858 473 884 ne
491 843 575 885 hoc
597 843 815 894 omnibus,
839 842 882 884 in
903 843 1224 899 possessionum
1247 840 1568 892 controversiis,
1579 853 1698 898 zprae-

247 901 462 951 scribatis,
492 911 540 942 ut
571 901 898 957 confligendum
929 901 1028 951 sibi,
1049 910 1094 942 et
1123 900 1252 941 arinis
1277 899 1587 940 decertandum
1617 913 1698 955 pu-

246 967 361 1000 tent:
393 974 463 1010 ne,
483 959 850 1015 quemadmodum
872 958 917 999 in
941 958 1052 1000 bello
1083 973 1219 1015 poena
1239 957 1409 1014 ignavis
1439 956 1700 1013 abimper'a*

248 1017 416 1081 toribus
437 1017 734 1068 constituitur,
757 1016 818 1057 sic
841 1016 885 1056 in
901 1016 1082 1072 judiciis
1101 1015 1288 1057 deterior
1305 1029 1434 1056 causa
1456 1014 1512 1055 sit
1532 1027 1699 1066 eorum,

249 1083 344 1130 qur·n
361 1071 568 1131 fn-ge'ffnt,
591 1089 722 1129 quam
748 1074 821 1129 qui
853 1074 907 1115 ad
941 1083 1185 1115 extremum
1216 1087 1352 1129 usque
1378 1072 1700 1114 contenderint:

188 1136 238 1174 47
253 1132 367 1174 Cum
387 1132 554 1188 dejure
583 1142 627 1173 et
656 1130 862 1189 legitimis
885 1131 1113 1173 hominum
1138 1131 1445 1173 controversiis
1469 1129 1702 1186 loquimur,

119 1194 150 1226 P·
166 1186 238 1219 994.
251 1200 294 1232 et
317 1190 361 1232 in
380 1189 446 1231 his
466 1191 592 1231 rebus
612 1190 699 1231 vim
717 1191 1009 1240 nominamus,
1030 1192 1071 1220 45
1084 1190 1303 1245 pertenuis
1333 1189 1398 1229 vis
1421 1188 1607 1244 intelligi
1627 1187 1703 1229 de-

208 1237 237 1259 a.
254 1249 338 1290 bet.
389 1248 490 1289 Vidi
512 1257 716 1299 armatos,
739 1248 936 1304 quamvis
954 1261 1142 1303 paucos:
1171 1261 1333 1304 magna
1353 1247 1418 1287 vis
1437 1254 1517 1287 est.
1538 1244 1703 1287 decessi

249 1306 377 1348 unius
404 1305 594 1347 hominis
628 1305 714 1347 telo
746 1306 1023 1362 perterritus:
1057 1303 1251 1359 deJectus
1280 1305 1566 1360 detrususque.
1592 1317 1704 1344 sum.

251 1364 354 1407 Hoc
385 1364 418 1405 si
442 1364 505 1405 ita
536 1364 759 1405 statuetis:
791 1365 928 1405 46'non
960 1363 1092 1404 modo
1119 1377 1208 1404 non
1238 1362 1334 1412 erit,
1356 1376 1432 1403 cur
1454 1362 1706 1418 depugnare

250 1423 480 1478 quisquam
514 1422 712 1478 posthac,
748 1421 1030 1478 possessionis
1067 1435 1212 1472 causa,
1246 1420 1372 1462 velit:
1407 1420 1480 1461 sed
1513 1434 1568 1460 ne
1598 1417 1706 1460 illud

252 1480 445 1535 quidem,
466 1494 543 1520 cnr
562 1493 818 1537 repugnare.
859 1479 935 1520 Sin
959 1488 1103 1519 autem
1126 1479 1215 1519 vim
1235 1478 1327 1518 sine
1347 1478 1482 1529 caede,
1505 1477 1596 1518 sine
1615 1475 1709 1517 vul-

256 1537 494 1588 neratione,
515 1537 606 1578 sine
625 1538 850 1593 sanguine,
870 1535 1031 1577 nulla-m
1050 1535 1324 1592 intelligetis:
1349 1534 1562 1586 statuetis,
1577 1537 1616 1568 47
1629 1533 1710 1575 ho-

174 1593 241 1647 17
258 1595 394 1637 mines
411 1595 695 1651 possessionis
713 1594 974 1651 cupidioreS,
991 1608 1122 1649 quam
1137 1595 1238 1635 vitae
1258 1607 1350 1634 esse
1363 1602 1578 1649 oportere.
1611 1591 1710 1648 Age

193 1665 244 1698 48
260 1667 374 1703 vero,
394 1653 447 1693 de
475 1653 518 1693 vi
549 1662 592 1694 te
623 1653 765 1709 ipsum
793 1652 965 1693 habebo
986 1652 1197 1707 judicem,
1221 1651 1392 1692 AEbuti.
1423 1649 1650 1707 responde,
1673 1648 1709 1690 si

258 1711 339 1752 tibi
359 1710 542 1751 videtur.
604 1709 657 1751 In
677 1710 860 1751 fundum
885 1709 1065 1751 Caecina
1093 1719 1238 1750 utrum
1268 1707 1410 1750 noluit
1442 1708 1631 1758 tandem,
1653 1722 1710 1749 an

255 1783 342 1810 non
366 1768 511 1824 potuit
530 1768 762 1809 accedere?
793 1782 894 1809 cum
919 1777 962 1808 te
983 1770 1024 1798 43
1039 1767 1260 1811 obstitisse
1282 1776 1327 1807 et
1347 1765 1555 1822 repulisse
1584 1765 1709 1816 dicis,

255 1835 371 1868 certe
402 1826 518 1867 hunc
541 1825 727 1867 voluisse
761 1825 979 1867 concedis.
1045 1824 1176 1866 Potes
1206 1825 1341 1881 igitur
1370 1824 1529 1875 dicere,
1556 1837 1644 1864 non
1669 1822 1710 1864 ei

254 1884 343 1925 vini
376 1883 508 1924 fuisse
537 1884 866 1940 impedimento,
898 1883 984 1935 cui,
1012 1897 1112 1923 cum
1143 1892 1335 1939 cuperet,
1363 1896 1502 1937 eoque
1529 1880 1712 1923 consilio

255 1942 458 1992 venisset,
481 1956 556 1997 per
578 1942 775 1983 homines
797 1950 972 1983 coactos
996 1955 1083 1981 non
1114 1941 1170 1982 sit
1199 1940 1367 1981 licitum
1398 1940 1632 1981 accedere?
1663 1938 1710 1980 Si

257 2001 373 2041 enim
398 1999 455 2050 id,
484 1999 601 2055 quod
630 2000 822 2041 maxime
848 1999 1002 2050 voluit,
1023 1997 1142 2040 nullo
1165 1999 1297 2039 modo
1319 1997 1490 2054 potuit:
1530 1997 1594 2038 vis
1612 2006 1713 2053 pro-

260 2057 376 2098 fecto
409 2057 610 2112 quaedam
636 2058 858 2099 obstiterit
886 2070 1059 2098 necesse
1091 2067 1182 2099 est:
1215 2066 1290 2097 aut
1317 2065 1363 2096 tu
1393 2055 1478 2105 dic,
1499 2055 1713 2111 quamob-

198 2125 248 2160 49
263 2130 367 2166 rem,
386 2129 487 2156 cum
504 2116 633 2156 vellet
663 2115 882 2166 accedere,
904 2130 992 2156 non
1021 2115 1267 2157 accesserit.
1315 2113 1341 2157 J
1347 2127 1416 2154 am
1439 2113 1524 2154 vim
1550 2112 1714 2154 factam

262 2187 421 2229 negare
445 2187 534 2214 non
567 2183 716 2230 potes:
748 2173 994 2229 49dejectus
1024 2172 1394 2228 quemadmodum
1427 2171 1499 2222 sit,
1527 2170 1714 2226 quinon

262 2231 506 2282 accesserit,
533 2231 575 2273 id
612 2232 837 2286 quaeritur.
866 2231 1086 2272 demoveri
1117 2231 1234 2272 enim
1265 2240 1310 2271 et
1341 2228 1498 2285 depelli
1530 2229 1584 2269 de
1616 2227 1714 2269 loco

260 2303 436 2330 necesse
459 2298 525 2330 est
556 2304 671 2340 eum,
697 2289 771 2345 qui
805 2289 1051 2346 dejiciatur.
1090 2289 1133 2330 id
1166 2298 1312 2330 autem
1344 2286 1540 2329 accidere
1568 2286 1608 2328 ei
1638 2284 1713 2342 qui

301 2406 343 2434 45
361 2404 531 2443 pertenuis
546 2406 595 2434 vis
610 2404 753 2443 intelligi
769 2404 872 2444 debet]
899 2406 920 2435 i.
935 2415 963 2435 e.
1006 2404 1089 2434 tiam
1110 2403 1248 2434 stultam
1265 2402 1463 2444 pronuntiat
1481 2409 1550 2432 esse
1565 2400 1716 2431 Passera-

262 2446 295 2476 in
318 2456 352 2476 re
367 2446 430 2476 levi
455 2448 502 2477 vis
528 2451 638 2487 potest
661 2447 817 2485 intelligi,
837 2448 965 2486 iateque
1008 2448 1086 2486 tius.
1109 2446 1172 2477 Sed
1186 2446 1330 2476 oratorie
1344 2444 1470 2475 dictum
1485 2449 1546 2474 est..
1575 2444 1716 2474 Senten-

263 2494 356 2529 patet
395 2489 483 2520 verbi
524 2490 624 2528 hujus
661 2489 718 2518 vis.
766 2489 967 2529 Exqui-itius
1010 2490 1059 2519 tia
1070 2495 1133 2525 est,
1150 2489 1299 2519 homines
1309 2487 1490 2518 retinendae.
1502 2485 1715 2527 possessionis

263 2533 401 2561 dictum.
446 2532 528 2562 Mox
555 2541 680 2571 magna
706 2533 755 2562 vis
778 2537 846 2563 est:
871 2535 903 2562 in
930 2543 969 2563 eo
1013 2541 1111 2562 causa
1125 2532 1166 2562 ad
1190 2531 1348 2561 ultimum
1365 2530 1512 2566 venient,
1529 2527 1716 2569 periculum

259 2575 345 2613 jam,
361 2575 541 2605 secundum
551 2576 607 2615 jus
623 2583 656 2605 et
679 2574 740 2605 fori
756 2575 966 2606 consuetudi·
1009 2575 1088 2605 vitae
1098 2575 1237 2606 adibunt
1250 2579 1309 2604 aut
1323 2572 1510 2603 adeundum
1527 2571 1714 2612 putabunt:

265 2625 356 2653 neni,
372 2627 492 2657 inagna
507 2617 552 2646 vis
567 2618 657 2648 facta
669 2622 818 2657 putatur.
962 2621 966 2624 '
1011 2627 1128 2657 nempe
1138 2622 1246 2657 ut‘per
1256 2616 1323 2646 v'nn
1337 2613 1456 2656 dejecti
1471 2614 1658 2645 videantur.

307 2659 349 2689 46
372 2669 434 2689 non
459 2660 550 2690 modo
573 2660 648 2699 ἐξα]
672 2661 791 2690 Sensus
815 2664 968 2697 cst,tnm
1054 2662 1094 2690 4ss
1117 2660 1274 2690 obstitisse
1287 2662 1319 2688 et
1332 2657 1503 2697 reJmIisse]
1530 2657 1584 2688 Sic
1598 2656 1716 2687 benee

267 2710 334 2731 non
352 2710 481 2732 neccsse
494 2703 557 2732 erit
573 2703 639 2733 vim
661 2703 831 2742 repellere,
848 2704 914 2732 sixe
930 2713 968 2732 co
1012 2702 1077 2732 Ms.
1093 2701 1163 2733 Erf.
1179 2701 1338 2732 Graevius.
1354 2700 1382 2730 V
1386 2701 1452 2741 ulg.
1467 2699 1664 2741 repudiasse.

266 2742 453 2783 procedere,
477 2752 515 2774 nt
531 2746 602 2783 jam
628 2746 675 2775 vis
694 2746 783 2776 facta
806 2745 969 2782 videatur,
1056 2748 1098 2778 49
1112 2743 1254 2785 dejectus
1263 2743 1538 2784 quemadmodum
1551 2741 1634 2781 δια]
1652 2740 1718 2772 Lo-

266 2786 387 2826 quippe
412 2786 499 2816 actio
525 2786 564 2816 de
579 2788 610 2816 vi
622 2790 694 2827 jam
720 2788 831 2818 locum
851 2787 968 2824 habet,
1013 2797 1070 2817 cus
1084 2787 1222 2826 insignis
1233 2791 1268 2817 et
1278 2785 1432 2817 studiosis
1443 2787 1525 2816 bene
1540 2783 1717 2821 tenendus,
1874 2788 1877 2818 ἱ

268 2827 324 2858 ubi
341 2826 437 2858 modo
451 2828 567 2868 procul
581 2829 626 2859 vis
641 2836 675 2861 et
689 2841 783 2861 arma
796 2831 866 2860 visa
879 2834 970 2861 sunt.
1011 2829 1054 2868 de
1067 2829 1214 2861 stultitia
1227 2829 1542 2871 interpretationum
1556 2825 1718 2870 etymolo-

309 2873 351 2905 47
373 2871 517 2903 homines
524 2880 608 2912 poss.
623 2872 698 2916 δια]
725 2873 822 2905 Hauc
837 2877 970 2906 senten·
1012 2873 1174 2913 gicarum.
