1907 3231
677 138 1047 177 DIVINATIO.
1518 143 1590 178 105

165 243 344 286 collecta
364 246 476 296 s'unt,
494 257 580 284 uno
599 249 793 299 tempore
813 243 1009 284 universa
1029 241 1268 298 perdamus.
1301 241 1588 297 Quapropter,
1601 259 1657 297 73.

158 302 343 357 judices,
375 310 562 343 vestrum
593 309 657 341 est
695 300 895 356 deligere,
936 313 1063 353 quem
1102 298 1357 339 existimetis
1391 298 1633 339 facillimos.

163 373 288 416 posse
317 357 657 414 magnitudinem
689 371 828 399 causae
863 371 912 397 ac
941 355 1096 411 judicii
1128 355 1334 395 sustinere
1367 354 1465 404 fide,
1495 355 1592 394 dili-

164 416 322 472 gentia,
345 414 539 464 consilio,
563 414 832 455 auctoritate.
895 413 982 453 Vos
1005 413 1038 453 si
1062 412 1166 453 mihi
1192 412 1248 458 Q.
1269 411 1495 452 Caecilium
1518 426 1591 451 an-

163 472 448 529 teposueritiS,
477 485 559 528 ego
592 485 658 512 me
688 471 900 527 dignitate
932 480 1175 526 superatum
1208 484 1291 509 non
1327 468 1590 510 arbitrabor:

163 529 345 587 populus
369 529 590 570 Romanus
613 543 680 579 ne,
704 539 790 569 tam
814 529 1052 578 honestam,
1076 537 1162 567 tam
1186 540 1389 575 severam,
1411 523 1592 580 diligen-

163 596 333 642 temque
363 586 679 627 accusationem
710 600 847 641 neque
878 585 998 626 vobis
1030 584 1252 640 placuisse,
1283 596 1420 638 neque
1451 581 1590 623 ordini

161 651 302 685 vestro
324 643 504 699 placere,
527 643 770 694 arbitretur,
794 643 1029 699 providete.

662 819 1088 879 PRoOEMIUM

836 934 909 959 SEU

159 1015 162 1019 ’
208 1000 753 1055 PRINCIPIUM
795 999 1092 1054 PRIMAE
1133 997 1542 1053 ACTIONIS

468 1174 549 1245 C.
632 1174 696 1240 V
742 1174 799 1239 E
843 1109 903 1239 ,Ξ
949 1174 1011 1239 R
1055 1173 1114 1238 E
1159 1173 1263 1244 M.

608 1291 843 1334 ORATIO
880 1290 1134 1339 QUINTA.

665 1477 1068 1515 ARGUROENTUM.

150 1556 205 1594 M.
240 1557 359 1593 Tullio
390 1562 597 1593 accusatore
628 1559 835 1599 constituto,
868 1561 977 1604 atque
1007 1569 1049 1592 ez*
1083 1556 1225 1600 Sicilia,
1259 1569 1328 1605 quo
1360 1559 1587 1595 instituendoe

200 1611 438 1645 accusationis
457 1622 564 1645 causa
589 1609 774 1659 profectus
798 1614 889 1650 erat,
909 1622 1060 1651 rei-erse,
1082 1610 1118 1646 C.
1144 1610 1279 1652 Verres,
1299 1622 1378 1645 cum
1403 1622 1475 1646 suoe
1502 1623 1586 1647 cau-

198 1674 245 1697 sae
262 1674 478 1710 magnopere
496 1662 687 1710 diffideret,
706 1674 819 1710 neque
843 1662 1036 1704 dubitaret,
1057 1664 1141 1710 quin
1170 1663 1293 1698 multis
1311 1666 1345 1698 et
1373 1665 1586 1699 testimoniis

202 1719 237 1750 et
256 1714 400 1756 tabulis,
422 1719 495 1750 tum
521 1715 686 1762 publicis,
708 1719 784 1750 tum
810 1716 964 1762 privatis
991 1716 1268 1758 convinceretur,
1289 1716 1467 1763 duplicem
1494 1717 1586 1751 inire

200 1767 378 1802 rationem
397 1768 499 1814 coepit
511 1783 522 1803 .·
550 1769 705 1815 primum
724 1771 764 1802 ut
794 1765 896 1813 liujus
915 1779 1029 1802 causoe
1054 1768 1149 1814 actio
1168 1769 1206 1802 in
1224 1780 1356 1803 annum
1380 1769 1586 1814 proximum

198 1819 349 1867 perduci
371 1823 503 1867 posset,
523 1820 618 1867 quod
643 1820 779 1855 scilicet
806 1821 842 1855 in
869 1831 948 1854 eum
972 1831 1105 1854 annum.
1124 1824 1159 1854 et
1180 1819 1220 1860 Q.
1240 1820 1455 1855 Hortensius
1473 1821 1585 1868 ipsius

201 1871 397 1913 Patronus,
425 1875 459 1906 et
489 1872 530 1912 Q.
550 1871 721 1907 stletellus
748 1870 903 1918 ejusdem
932 1873 1179 1913 amicissimus,
1207 1872 1372 1907 Consules
1404 1873 1586 1919 designati

198 1927 336 1959 essent:
365 1924 491 1959 deinde
510 1924 563 1960 M.
588 1924 750 1966 Glabrio,
766 1925 953 1971 prees-entis
971 1925 1057 1959 anni
1073 1929 1222 1972 proetor,
1243 1925 1337 1960 brevi
1356 1924 1585 1972 Magistratu

198 1975 327 2017 abiret,
357 1976 532 2023 multique
560 1974 663 2022 hujus
689 1976 830 2012 consilii
845 1974 988 2025 judices
1015 1976 1279 2024 Magum-atum
1308 1981 1488 2025 caperent,
1514 1989 1584 2025 quo

197 2031 355 2075 ternpore
376 2026 560 2074 judicibus
585 2029 660 2064 illis
677 2040 749 2064 esse
770 2040 842 2064 non
861 2029 995 2071 liceret,
1015 2030 1053 2064 in
1073 2041 1224 2077 quorum
1244 2030 1359 2065 locum
1376 2029 1430 2064 AM.
1451 2029 1583 2065 Metel-

199 2080 254 2115 lus
273 2079 401 2128 frater
421 2081 583 2116 Consulis
602 2081 745 2116 Praetor
764 2082 982 2128 designatus,
1002 2085 1037 2117 et
1066 2083 1133 2117 alii
1150 2081 1310 2122 Juclices,
1335 2093 1406 2117 non
1433 2086 1521 2124 tam,
1541 2087 1582 2118 ut

195 2133 376 2179 sperabat,
397 2134 445 2169 acl
463 2134 759 2181 corrumpendum
791 2133 968 2181 difficiles,
998 2135 1233 2170 succederent.
1294 2134 1385 2169 Tum
1404 2138 1583 2182 praeterea

196 2185 239 2221 L.
260 2185 444 2228 Metellus,
463 2186 609 2221 illorum
626 2184 766 2235 frater,
785 2185 952 2222 Siciliam
969 2188 1197 2234 provinciam
1223 2188 1373 2222 sortitus
1401 2191 1501 2228 esset,
1521 2199 1581 2222 cu-

186 2235 251 2284 J'us
268 2239 487 2274 auctoritate
513 2238 653 2274 Siculos
672 2240 884 2274 commoveri
903 2250 1006 2286 posse
1023 2239 1232 2288 corfidebat.
1290 2239 1336 2274 Id
1352 2243 1393 2274 ut
1410 2238 1581 2287 efficeret,

193 2291 365 2337 quoniam
393 2295 550 2339 quatuor
576 2292 754 2326 duntaxat
774 2302 904 2326 menses
930 2295 1015 2327 ante
1034 2291 1221 2327 Kalendas
1237 2291 1411 2328 Januarii
1436 2303 1580 2339 supere-

193 2347 292 2385 rant,
323 2345 502 2392 principio
533 2355 679 2379 cau-sam
711 2342 860 2378 alterius
889 2344 941 2379 rei
972 2344 1196 2392 interponere
1226 2348 1373 2380 conatus
1403 2348 1467 2386 est,
1500 2356 1580 2391 quse

193 2407 296 2431 omne
313 2400 452 2443 tempus
470 2397 518 2431 ad
535 2396 714 2443 agendum
731 2396 895 2430 idoneum
916 2396 1124 2432 absumeret.
1179 2395 1252 2432 Secl
1273 2394 1346 2442 ejus
1362 2408 1459 2444 spem
1481 2396 1579 2432 Cice-

191 2448 290 2482 ronis
309 2448 500 2495 diligentia
518 2448 622 2495 longe
638 2447 794 2497 fefellit.
849 2447 979 2495 Itaque
997 2460 1039 2483 ea
1061 2460 1123 2496 spe
1134 2447 1343 2497 frustratus
1362 2453 1501 2484 tentare
1517 2455 1577 2485 ra-

195 2501 326 2535 tionem
345 2502 459 2548 coepit.
514 2500 611 2536 Nam
630 2511 709 2535 cum
727 2512 768 2535 ea:
788 2499 852 2535 hoc
871 2504 1040 2548 tempore,
1060 2500 1175 2536 Nonis
1203 2501 1340 2536 scilicet
1369 2501 1576 2543 Sextilibus,

191 2563 262 2587 non
288 2553 441 2588 multum
472 2554 642 2601 temporis
669 2553 718 2588 acl
748 2553 926 2599 agendum
954 2557 1162 2600 superesset,
1191 2553 1284 2589 ludis
1306 2565 1421 2600 prope
1444 2565 1578 2590 menses

194 2608 264 2639 tres
282 2603 538 2654 auferentibus,
555 2606 755 2652 praesertim
771 2606 803 2640 si
822 2604 917 2640 horis
933 2606 1007 2640 suis
1026 2605 1208 2652 legitimis,
1223 2606 1262 2641 icl
1279 2609 1331 2641 est
1349 2606 1430 2641 XX
1442 2606 1575 2648 diebus,

192 2661 380 2692 accusator
397 2658 453 2692 uti
470 2657 661 2693 voluisset:
682 2657 868 2693 consilium
887 2657 952 2693 hoc
969 2658 1076 2705 cepit,
1096 2661 1138 2693 ut
1151 2659 1291 2705 partim
1309 2658 1470 2699 dicendo,
1485 2670 1575 2706 par-

193 2709 259 2743 tim
275 2710 488 2750 excusando,
506 2720 582 2744 rem
599 2711 779 2756 integram
795 2711 834 2744 in
851 2721 984 2745 annum
1001 2711 1442 2758 sequentem‘procluceret.
1478 2710 1576 2746 Huic

190 2760 292 2795 illius
310 2761 457 2797 consilio
478 2761 599 2797 Cicero
620 2763 672 2796 ita
689 2762 856 2797 occurrit.
911 2761 1053 2797 Statuit
1075 2767 1288 2810 perpetuam
1313 2764 1511 2798 orationem
1535 2764 1575 2798 in

191 2812 294 2848 aliud
308 2816 446 2862 tempus
464 2825 656 2856 reservare,
675 2818 711 2849 et
737 2814 888 2849 breviter
907 2817 1010 2850 testes
1038 2815 1293 2861 interrogando
1312 2816 1574 2850 accusationem

189 2865 362 2913 expedire.
418 2865 468 2902 Et
486 2866 655 2914 quoniam
681 2866 749 2902 sibi
766 2866 810 2903 ab
829 2867 967 2904 usitata
985 2867 1126 2903 ratione
1143 2867 1344 2910 Hortensii,
1363 2871 1398 2903 et
1415 2878 1574 2904 corrum-
