1907 3231
297 92 347 127 94
743 87 813 127 IN
845 87 1266 130 Q.CAECIL1UM

296 189 472 232 minime
495 205 558 233 res
581 199 674 234 tota
689 193 885 236 delectat.
918 194 1046 235 Videt
1067 195 1195 244 enim,
1218 193 1250 234 si
1274 207 1299 234 a
1321 193 1459 250 pueris
1482 191 1711 246 nobilibus,

295 261 403 301 quos
436 248 574 291 adbuc
610 250 755 302 elusit;
800 251 833 291 si
866 266 892 292 a
918 251 1332 306 quadruplatoribus,
1365 265 1471 306 quos
1505 265 1590 292 nou
1622 253 1711 293 sine

295 318 424 345 causa
452 307 680 348 contemsit
710 321 888 362 semper,
921 322 969 347 ac
1002 322 1077 363 pro
1109 307 1242 348 nihilo
1274 308 1452 363 putavit,
1484 309 1710 350 accusandi

297 361 491 403 voluntas
512 363 562 404 ad
587 364 695 404 viros
719 363 862 414 fortes,
884 373 1181 420 spectatosque
1208 363 1398 405 homiues
1423 364 1623 405 translata
1644 365 1713 416 sit,

250 411 340 459 Sse
371 418 413 459 in
437 420 613 473 judiciis
644 420 850 461 dominari
883 434 967 461 non
1000 435 1136 476 posse.
1198 420 1314 462 Huic
1335 436 1416 478 ego
1441 421 1712 476 limninijam

230 483 281 517 ‘25
293 486 393 515 ante
414 477 633 527 denuntio,
657 478 689 517 si
713 493 737 518 a
759 491 825 518 me
846 477 1016 518 causam
1041 479 1148 519 lianc
1170 493 1244 519 vos
1263 479 1332 534 agi
1358 478 1588 529 volueritis,
1611 479 1712 520 rati-

292 546 417 573 onem
438 533 494 573 illi
515 533 767 575 defendendi
791 543 923 574 totam
942 548 1032 574 esse
1047 535 1313 586 mutandam3
1335 545 1377 576 et
1392 536 1450 576 ita
1465 545 1604 576 tamen
1620 550 1714 576 mu·-

292 590 479 640 tandam,
492 601 537 630 ut
548 591 720 631 meliore
730 601 772 631 et
788 590 1028 632 honestiore
1041 592 1287 633 conditione
1301 592 1369 641 sit,
1383 607 1509 647 quam
1525 607 1608 647 qua
1622 593 1711 649 ipse

289 660 380 686 esse
393 647 501 696 vult;
517 658 562 687 ut
574 647 764 687 imitetur
776 647 967 688 homines
979 662 1181 704 eOS‚quos
1192 648 1282 704 ipse.
1294 649 1400 689 vidit
1412 649 1711 705 amplissimos,

293 701 340 742 L.
359 704 556 744 Crassum
571 714 613 744 ct
634 704 699 744 M.
715 703 975 756 Antonium3
997 706 1069 760 qui
1085 704 1189 746 nihil
1204 720 1246 746 se
1257 705 1712 761 arbitrabanturadju—

289 759 402 800 ‹licia
415 775 646 815 causasque
663 762 913 812 amicorum,
933 771 1086 818 praeter
1106 762 1231 803 fidem
1250 771 1294 803 et
1312 762 1546 818 ingenium,
1563 762 1712 804 afferre

291 828 500 871 oportere.
553 818 673 859 Mhi!
695 819 789 869 erit,
811 819 940 874 quod,
963 833 1030 860 me
1052 828 1220 875 agente,
1239 819 1481 870 arbitretur,
1496 819 1711 876 judicium

228 880 278 914 ‘26
292 874 381 914 sine
409 889 566 929 magno
595 875 825 916 multorum
867 876 1056 932 periculo
1092 890 1214 932 posse
1246 876 1477 933 corrumpi.
1540 875 1634 934 Ego
1667 877 1710 919 in

292 929 373 972 hoc
391 929 560 985 judicio
588 932 692 972 mihi
724 932 964 974 Siculorum
992 948 1163 974 causam
1193 942 1421 989 receptam,
1443 933 1591 990 populi
1623 933 1711 975 Ro—

291 990 402 1028 mani
428 1000 665 1045 susceptam
690 1004 780 1030 esse
808 990 1013 1031 arbitror:
1046 999 1094 1031 ut
1114 990 1219 1030 mihi
1242 1005 1328 1031 non
1353 1003 1461 1031 unus
1484 990 1613 1031 homo
1633 990 1712 1032 im-

181 1071 211 1100 p,
230 1063 277 1092 59.
293 1046 449 1100 probus
479 1047 781 1101 opprimendus
813 1047 881 1096 sit,
905 1047 946 1087 id
969 1047 1082 1102 quod
1123 1046 1254 1088 Siculi
1294 1047 1551 1103 petiverunt,
1585 1050 1621 1078 15
1640 1047 1712 1089 sed

249 1103 465 1143 acumino
495 1102 760 1158 improbitas,
784 1103 826 1144 id
851 1104 964 1158 quod
991 1103 1172 1160 populus
1204 1103 1424 1145 Romanus
1442 1103 1612 1159 ¹jamdiu
1635 1105 1711 1146 fla-

289 1158 413 1213 gitat,
445 1160 760 1216 exstinguenda
791 1170 918 1215 atque
950 1160 1128 1202 delenda
1166 1161 1234 1201 sit.
1295 1160 1346 1201 In
1379 1175 1464 1216 quo
1491 1176 1574 1218 ego
1606 1161 1711 1217 quid

287 1216 406 1266 eniti,
429 1226 503 1257 aut
528 1218 629 1272 quid
661 1218 828 1259 efficere
860 1218 1033 1274 possim,
1052 1218 1164 1259 malo
1196 1218 1239 1258 in
1270 1217 1450 1259 aliorum
1481 1232 1555 1275 spe
1585 1218 1711 1260 relin-

287 1287 430 1327 quere,
452 1289 580 1329 quam
604 1275 645 1315 in
669 1275 861 1316 oratioue
882 1289 977 1315 mea
995 1289 1165 1331 ponere.

225 1341 275 1378 ‘27
344 1329 408 1371 Tu
431 1345 546 1382 vero,
570 1331 734 1381 Caecili,
756 1332 858 1387 quid
882 1335 1033 1388 potes?
1064 1347 1149 1389 quo
1173 1339 1378 1389 ternpore,
1400 1340 1475 1373 aut
1495 1347 1580 1388 qua
1600 1331 1644 1374 in
1666 1346 1711 1374 re

287 1401 371 1428 nou
392 1388 519 1428 modo
542 1390 755 1444 specimen
777 1390 926 1430 ceteris
941 1389 1112 1444 aliquod
1134 1390 1305 1440 dedisti,
1327 1389 1399 1430 sed
1419 1398 1509 1430 tute
1533 1389 1593 1431 tui
1613 1403 1711 1454 per-

284 1444 444 1486 iculum
467 1444 606 1486 fecisti
627 1449 640 1487 Ξ·
674 1446 722 1486 [ιι
754 1456 939 1487 mentem
963 1447 1041 1487 tibi
1065 1461 1151 1488 non
1182 1446 1313 1497 venit,
1335 1446 1439 1502 quid
1459 1446 1624 1504 negotil
1655 1446 1712 1488 sit

282 1517 453 1543 causam
472 1503 686 1558 publicam
706 1504 939 1545 sustinere?
961 1504 1092 1544 vitam
1114 1503 1285 1545 alterius
1308 1512 1443 1544 totam
1466 1503 1710 1561 explicare?

282 1569 410 1614 atque
434 1574 527 1601 eam
551 1575 635 1601 nou
655 1561 783 1601 modo
805 1562 846 1601 in
869 1561 1022 1601 animis
1036 1561 1250 1616 judicum,
1272 1560 1343 1601 sed
1361 1559 1491 1602 etiam
1513 1561 1556 1601 in
1575 1560 1709 1602 oculis

285 1628 604 1673 conspectuque
634 1618 825 1658 omnium
857 1621 1099 1674 exponere?
1129 1619 1342 1659 sociorum
1373 1617 1565 1669 salutern,
1591 1632 1710 1659 com-

287 1674 414 1714 moda
435 1674 765 1730 provinciarum,
790 1676 875 1716 vim
899 1675 1056 1731 legum,
1079 1675 1332 1730 gravitatem
1350 1674 1615 1730 judiciorum
1637 1674 1710 1715 de-

240 1730 489 1798 9fendcre?
525 1731 752 1787 Cognosce
781 1746 835 1773 ex
866 1747 949 1783 me,
979 1733 1182 1787 quoniam
1214 1732 1295 1773 hoc
1326 1732 1511 1788 primum
1542 1741 1709 1788 tempus

286 1787 476 1829 discendi
500 1799 650 1829 nactus
671 1803 730 1839 es,
752 1804 879 1843 quam
901 1789 1036 1830 multa
1055 1804 1145 1830 esse
1174 1797 1372 1845 oporteat
1392 1790 1435 1829 in
1458 1803 1523 1840 eo,
1545 1789 1619 1844 qui
1649 1788 1710 1830 al-

285 1855 422 1885 terum
447 1855 644 1886 accuset:
677 1860 731 1886 ex
763 1847 917 1901 quibus
941 1848 974 1888 si
1007 1861 1139 1887 unum
1168 1846 1340 1901 aliquod
1363 1846 1407 1886 in
1431 1855 1471 1887 te
1492 1860 1710 1902 cognove-

283 1902 361 1953 ris3
392 1917 474 1958 ego
489 1903 583 1957 jam
607 1903 685 1944 tibi
718 1903 808 1959 ipse
839 1903 993 1954 isthuc,
1016 1905 1129 1959 quod
1159 1904 1341 1960 expetis,
1364 1917 1459 1944 mea
1488 1903 1707 1944 voluntate

282 1960 530 2001 concedam.
594 1959 785 2001 Primum
816 1961 1106 2018 integritatem
1140 1971 1267 2017 atque
1299 1960 1586 2002 innocentiam
1622 1960 1708 2000 sin-

284 2016 490 2072 gularem.
552 2017 671 2057 Nihil
694 2027 758 2058 est
778 2019 908 2068 enim,
929 2019 1043 2074 quod
1075 2018 1215 2058 minus
1243 2018 1463 2059 ferendum
1487 2018 1556 2069 sit,
1578 2031 1708 2073 quam

286 2074 495 2115 rationem
517 2074 571 2114 ab
601 2074 733 2115 altero
756 2076 856 2116 vitae
877 2089 1098 2131 reposcere
1119 2090 1230 2126 eum,
1253 2075 1326 2130 qui
1348 2090 1435 2116 non
1458 2075 1594 2130 possit
1618 2088 1707 2116 suae

222 2146 273 2183 23
287 2131 474 2172 reddere.
518 2130 606 2172 Hic
627 2146 709 2187 ego
731 2132 782 2172 de
804 2141 846 2173 te
868 2132 988 2188 plura
1007 2147 1089 2174 non
1112 2133 1276 2185 dicam3
1308 2146 1439 2172 unum
1458 2131 1560 2172 illud
1579 2131 1707 2179 credo

285 2202 433 2229 omnes
454 2188 803 2239 animadvertere,
827 2199 868 2230 te
891 2189 1029 2230 adhuc
1051 2191 1105 2230 ab
1128 2190 1266 2240 nullis,
1289 2189 1369 2230 nisi
1391 2204 1416 2229 a
1439 2187 1606 2239 Siculis,
1630 2202 1706 2244 po-

284 2245 415 2286 tuisse
441 2245 674 2302 cognosci:
709 2245 874 2287 Siculos
898 2247 980 2288 hoc
1011 2247 1166 2298 dicere,
1189 2260 1287 2288 cum
1317 2246 1456 2286 eidem
1487 2246 1573 2286 sint
1593 2245 1705 2296 irati,

282 2302 352 2343 cui
374 2312 418 2343 tu
442 2313 482 2343 te
499 2303 720 2344 inimicum
742 2317 833 2344 esse
851 2303 972 2354 dicis,
995 2318 1084 2345 sese
1107 2313 1263 2354 tamen,
1282 2312 1324 2344 te
1342 2311 1500 2353 actore,
1517 2303 1569 2344 ad
1584 2302 1705 2358 judi-

282 2359 397 2400 cium
418 2374 503 2401 non
526 2359 748 2401 affuturos.
809 2360 955 2407 Quare
973 2371 1146 2417 negent,
1167 2375 1220 2402 ex
1242 2374 1311 2401 me
1331 2374 1417 2400 non
1439 2360 1598 2400 audies.
1625 2359 1703 2400 hos

281 2426 428 2512 patere
458 2417 500 2458 id
531 2417 751 2473 suspicari,
775 2418 889 2472 quod
917 2432 1088 2459 necesse
1115 2427 1192 2460 est.
1255 2416 1319 2457 Illi
1350 2417 1537 2472 quidem,
1566 2425 1614 2456 ut
1639 2425 1704 2457 est

315 2473 507 2514 ominum
535 2488 669 2531 genus
702 2475 829 2515 nimis
856 2485 1029 2516 acutum
1057 2485 1100 2516 et
1131 2473 1428 2530 suspiciosum,
1456 2487 1542 2514 non
1574 2482 1617 2514 te
1646 2487 1702 2514 ex

285 2529 431 2571 Sicilia
457 2529 618 2572 litteras
647 2531 689 2571 in
720 2531 893 2573 Verrem
921 2532 1146 2588 deportare
1172 2531 1278 2573 velle
1310 2532 1583 2581 arbitrantur,
1614 2530 1703 2581 sed,

283 2600 382 2626 cum
423 2587 570 2629 iisdem
607 2587 757 2629 litteris
793 2588 902 2630 illius
941 2598 1127 2645 praetura
1162 2598 1205 2629 et
1240 2598 1314 2629 tua
1354 2597 1570 2644 quaestura
1599 2601 1702 2628 con-

279 2643 450 2700 signata
472 2645 540 2696 sit,
562 2655 780 2700 asportare
803 2655 844 2687 te
867 2645 971 2688 velle
991 2661 1045 2687 ex
1069 2645 1216 2687 Sicilia
1234 2645 1396 2687 litteras
1418 2644 1700 2701 suspicantur.

261 2779 269 2784 ·
318 2773 354 2803 15
377 2773 434 2803 sed
444 2775 573 2805 omnino
586 2776 688 2805 omnis
700 2774 810 2814 impr]
851 2774 966 2806 Delevi
1008 2775 1080 2806 edd.
1097 2785 1144 2816 pr.
1161 2780 1195 2806 et
1208 2774 1331 2806 Victor.
1344 2776 1450 2806 necin
1464 2774 1595 2806 Asconii
1609 2774 1703 2805 bonis
1719 2798 1722 2801 .

271 2816 375 2845 omnis
396 2825 470 2847 eum
494 2816 635 2854 Gremio,
660 2816 746 2857 quod
764 2827 835 2850 non
858 2823 908 2848 cst
931 2819 965 2849 in
1008 2817 1109 2850 libris.
1148 2818 1246 2849 Abest
1261 2823 1295 2848 et
1312 2817 1375 2848 Ms.
1391 2818 1454 2848 Gu.
