1907 3231
585 112 703 151 PRO
737 113 780 150 C,
805 109 1076 150 RABIRIO.
1480 107 1556 152 64'3

115 220 235 270 Quid
256 217 410 261 deillis
433 217 748 259 honestissimis
765 216 865 257 viris
888 223 1017 271 atque
1038 215 1214 272 optimis
1237 216 1419 268 civibus,
1434 218 1555 274 equi·
1567 223 1620 263 ²2¹7

116 280 232 320 tibus
249 275 710 326 Romanis,dicemus,
731 274 805 329 qui
828 282 920 314 tum
952 287 1038 314 una
1066 287 1164 314 cum
1197 284 1346 315 senatu
1376 275 1557 318 salutem

103 335 365 391 reipublicae
395 332 709 374 defenderunt?
749 331 939 386 quidde
971 329 1156 371 tribunis
1186 331 1361 381 aerariis,
1393 343 1558 374 cetero-

114 406 296 448 rumque
332 390 532 432 ordinum
564 389 758 429 omnium
791 388 1054 439 hominibus,
1087 387 1161 444 qui
1196 396 1289 428 tum
1328 403 1446 430 arma
1478 405 1556 446 pro

112 448 334 490 communi
366 447 564 488 libertate
597 449 826 502 ceperunt?
859 446 942 487 Sed
964 446 1068 501 quid
1090 452 1172 502 ego
1192 446 1245 486 de
1268 446 1318 486 iis
1341 447 1557 499 omnibus,
1575 436 1642 485 10

112 507 188 562 qui
206 505 433 547 ·consulari
466 504 646 560 imperio
669 512 918 560 paruerunt,
940 503 1118 558 loquor?
1149 503 1202 543 de
1233 504 1425 559 ipsorum
1455 519 1559 546 con*-

114 564 254 604 sul·um
279 561 396 603 fama
426 562 530 617 quid
561 561 754 601 futurum
777 563 866 603 est?
901 561 948 601 L.
974 561 1191 612 Flaccum,
1216 559 1435 602 hominem
1460 577 1561 603 cum

114 634 283 675 semper
312 620 356 660 in
394 618 631 674 republica,
661 627 751 659 tum
784 618 825 658 in
861 618 1186 673 magistratibus
1220 618 1433 674 gerendis,
1461 619 1564 660 40in

113 676 748 730 sacerdotio·caeremoniisque,
767 675 924 730 quibus
948 685 1144 730 praeerat,
1166 675 1563 731 diligentissimum,

113 734 266 775 nefarii
289 734 458 775 sceleris
481 749 531 774 ac
553 733 772 789 parricidii
798 743 1017 772 mortuum
1040 733 1454 776 condemnabimus?
1487 735 1563 775 ad-

99 792 345 847 ·jungemus
366 795 404 822 4¹
421 791 470 831 ad
495 791 607 831 hanc
629 789 768 830 labem
789 789 1160 844 ignominiamque
1181 791 1491 841 mortis‚etiam
1507 791 1560 834 C.

117 849 251 890 Marii
283 851 470 890 nomen?
514 847 566 888 C.
591 846 797 897 Marium,
817 860 943 901 quem
967 860 1064 886 vere
1096 856 1261 902 patrem
1294 849 1461 904 patriae,
1484 864 1562 905 pa-

116 916 296 958 rentem,
319 907 510 961 inquam,
531 914 686 945 vestrae
710 903 935 954 libertatis,
954 912 1083 958 atque
1107 903 1286 959 hujusce
1308 905 1559 960 reipublicae

114 978 342 1019 possumus
362 964 519 1011 dicere,
537 961 705 1002 sceleris
729 976 778 1001 ac
802 961 1019 1016 parricidii
1044 961 1192 1002 nefarii
1214 971 1435 1003 mortuum
1457 977 1561 1004 con-

112 1022 443 1062 demnabimus?
484 1018 672 1069 Etenim,
706 1018 740 1058 si
779 1018 831 1059 C.
853 1018 1049 1069 Rabirio,
1089 1019 1205 1073 quod
1243 1020 1294 1060 iit
1332 1020 1385 1061 ad
1425 1035 1557 1072 arma,
1572 1035 1623 1070 23

113 1093 287 1120 crucem
328 1076 379 1118 Τ.
405 1076 620 1117 Labienus
662 1076 706 1116 in
736 1090 890 1132 campo
929 1075 1094 1116 Martio
1124 1077 1399 1133 defigendam
1432 1087 1560 1134 puta-

114 1137 202 1188 vit3
239 1135 356 1190 quod
389 1135 561 1175 tandem
607 1134 931 1189 excogitabitur
964 1134 1007 1174 in
1041 1148 1140 1174 eum
1173 1135 1449 1191 supplicium,
1484 1136 1559 1191 qui

113 1194 317 1234 vocavit?
367 1191 448 1243 Ac,
472 1192 506 1232 si
535 1192 642 1233 fides
673 1191 906 1232 Saturnino
937 1190 1037 1231 data
1067 1201 1146 1242 est,
1168 1192 1284 1247 quod
1308 1193 1384 1233 abs
1415 1201 1457 1233 te
1480 1208 1558 1234 sae-
1570 1208 1600 1239 b.

99 1251 290 1305 -pissime
322 1250 510 1300 dicitur3
544 1263 631 1290 non
664 1263 758 1289 eam
793 1248 845 1289 C.
872 1248 1091 1300 Rabirius,
1114 1249 1185 1290 sed
1222 1249 1273 1290 C.
1295 1249 1463 1291 Marius
1486 1251 1561 1292 de-

110 1308 203 1360 dit3
235 1308 435 1362 idemque
459 1306 654 1357 violavit,
678 1306 712 1346 si
736 1307 779 1346 in
803 1306 886 1346 lide
909 1321 994 1346 non
1019 1307 1154 1348 stetit.
1198 1307 1310 1354 Quae
1334 1308 1454 1358 fides,
1479 1308 1562 1349 La·-

105 1366 255 1415 ·biene‚
286 1365 359 1421 qui
393 1365 536 1420 potuit
574 1364 665 1404 siue
698 1363 1072 1418 senatusconsulto
1103 1364 1223 1406 dari?
1281 1364 1461 1406 Adeone
1484 1366 1563 1407 ho-

112 1437 210 1479 spes
230 1423 413 1478 hujusce
435 1422 568 1472 urbis,
590 1421 755 1462 adeone
778 1421 952 1477 ignarus
988 1435 1032 1461 es
1064 1421 1306 1478 disciplinae
1330 1434 1562 1464 consuetu-

110 1480 311 1536 diuisque
344 1488 519 1530 nostrae,
542 1486 591 1518 ut
626 1479 721 1519 liaec
757 1479 947 1520 nescias?
980 1487 1027 1518 ut
1063 1480 1326 1536 peregrinari
1356 1480 1399 1521 in
1423 1481 1562 1522 aliena

110 1538 304 1589 civitate,
325 1551 412 1578 non
438 1536 480 1577 in
505 1545 579 1576 tua
598 1536 901 1592 magistratum
924 1549 1070 1591 gerere
1093 1537 1286 1579 videare?
1331 1538 1448 1584 Quid
1464 1539 1559 1593 jam
1571 1545 1622 1581 <29

104 1595 196 1636 >ista
226 1594 278 1637 C.
302 1594 463 1644 Mario,
496 1593 651 1649 inquit,
682 1608 837 1635 nocere
870 1595 1339 1650 possu11t,42q11011iam
1370 1610 1495 1636 sensu
1519 1607 1564 1637 et

112 1653 203 1694 vita
217 1655 362 1694 caret?
414 1651 538 1692 Itane
569 1654 694 1692 vero?
717 1651 848 1692 tantis
872 1651 914 1691 in
937 1650 1158 1693 laboribus
1183 1651 1234 1694 C.
1259 1651 1428 1694 Marius
1452 1654 1564 1708 peri-

111 1710 306 1765 culisque
328 1709 523 1759 vixisset,
544 1709 576 1749 si
601 1708 707 1750 nihil
731 1709 918 1765 longiuS,
941 1724 1071 1764 quam
1098 1710 1198 1751 vitae
1223 1710 1392 1751 termini
1414 1722 1564 1767 postu-

114 1767 276 1819 labant,
299 1781 374 1823 spe
392 1776 522 1821 atque
543 1767 689 1807 animo
711 1767 764 1808 de
786 1781 844 1817 se,
867 1775 910 1806 et
932 1767 1070 1822 gloria
1093 1783 1168 1808 sua
1189 1767 1424 1823 cogitasset
1443 1772 1455 1810 ?
1502 1769 1564 1810 At

113 1825 258 1876 credo,
280 1838 379 1866 cum
402 1823 734 1865 innumerabiles
766 1823 956 1864 hostium
979 1825 1126 1881 copias
1150 1826 1193 1866 in
1218 1825 1346 1866 Italia
1366 1825 1562 1878 fudisset,

103 1884 244 1937 'atque
277 1881 507 1923 obsidione
540 1881 850 1937 rempublicam
882 1881 1118 1933 liberasset,
1142 1883 1289 1924 omnia
1321 1897 1398 1924 sua
1415 1898 1561 1925 secum

106 1955 200 1980 >una
231 1939 442 1980 moritura
473 1939 779 1980 arbitrabatur.
841 1939 943 1980 Non
974 1949 1040 1980 est
1074 1940 1147 1992 ita,
1172 1941 1390 1987 Quirites:
1423 1957 1563 1998 neque

113 1998 342 2052 qnisquam
363 1996 562 2037 nostrum
586 1997 629 2037 in
652 1996 902 2053 reipublicae
926 1997 1126 2053 periculis
1148 2013 1246 2038 cum
1270 1997 1394 2038 laude
1411 2014 1460 2039 ac
1477 2001 1563 2040 vir-

115 2064 207 2096 tute
226 2063 431 2104 versatur,
453 2054 558 2109 quin
582 2068 657 2110 spe
683 2054 950 2110 posteritatis
981 2054 1212 2110 fructuque
1233 2055 1432 2097 ducatur.
1473 2057 1563 2098 Ita-

103 2126 197 2168 ·que
215 2127 315 2153 cum
338 2111 484 2151 multis
514 2111 607 2152 aliis
630 2112 683 2152 de
704 2112 844 2152 causis
867 2112 1056 2153 virorum
1078 2114 1289 2154 bonorum
1314 2123 1478 2155 mentes
1498 2115 1563 2156 di-

113 2170 227 2210 vinae
251 2169 358 2210 mihi
382 2179 512 2224 atque
543 2178 716 2210 aeternae
742 2170 942 2210 videntur
963 2185 1068 2220 esse,
1093 2180 1184 2211 tum
1218 2171 1422 2222 maxime,
1446 2173 1561 2227 quod

112 2227 268 2283 optimi
288 2237 332 2267 et
354 2226 658 2282 sapientissimi
679 2226 890 2282 cujusque
912 2229 1079 2268 animus
1103 2229 1163 2269 ita
1182 2228 1407 2284 praesentit
1422 2229 1466 2269 in
1486 2244 1564 2286 po-

151 2343 193 2371 40
214 2341 251 2370 in
271 2341 448 2371 sacerdotio
472 2340 544 2380 &c.]
563 2341 626 2371 int.
649 2340 811 2378 flaminio,

109 2387 168 2413 aut
182 2383 378 2423 pontificatu
394 2383 442 2412 M.

153 2428 191 2456 41
209 2426 256 2455 ad
267 2427 352 2455 hanc
365 2427 468 2463 legem
479 2425 601 2462 ignom.
619 2424 745 2464 martis]
761 2425 814 2455 Sic

111 2471 162 2498 est
176 2468 211 2497 in
225 2468 275 2498 ed.
290 2468 424 2498 Gruteri
438 2479 444 2496 :
469 2468 504 2496 in
518 2476 590 2496 eam
603 2466 694 2496 venit
708 2477 747 2496 ex
763 2467 813 2497 ed.

114 2510 333 2541 Lambiniana
355 2509 498 2540 secunda
523 2509 656 2549 majoris
685 2508 814 2546 formae,

115 2552 148 2581 in
171 2561 236 2591 qua
256 2557 368 2582 textus
389 2557 483 2582 vetus
507 2551 693 2587 restitutus,
708 2562 815 2582 corre-

112 2594 278 2624 ctionibus
304 2594 455 2624 Lambini
483 2595 516 2623 in
544 2594 725 2632 marginem
753 2596 815 2632 eje-

113 2637 188 2673 ctis,
215 2646 312 2675 quam
339 2637 468 2667 videtur
493 2635 585 2665 basin
612 2645 681 2665 snae
703 2635 816 2666 fecisse

114 2679 288 2709 Gruterus.
332 2678 372 2709 In
401 2689 472 2709 eam
501 2679 592 2708 venit
617 2679 687 2708 sine
717 2678 816 2708 dnbio

113 2730 224 2751 errore
239 2729 414 2761 operarum
430 2733 436 2751 :
454 2730 533 2750 uam
548 2719 619 2750 edd.
635 2722 818 2760 superiores

112 2771 242 2804 omneS,
265 2763 365 2793 etiam
402 2763 519 2793 Lamb-
548 2764 666 2802 prima,
695 2762 819 2794 habent

111 2806 233 2836 labem.
264 2804 337 2836 dac.
363 2805 548 2835 Gronovius
583 2804 820 2836 animadvertit

113 2847 325 2877 Gruterianae
346 2857 504 2883 errore-m,
523 2847 603 2884 (non
627 2847 683 2876 ille
705 2853 820 2878 tamen

113 2889 301 2921 discernens
313 2889 493 2921 editionem
516 2889 609 2920 illam
631 2890 692 2919 sub
714 2891 819 2920 nomi-

855 2350 896 2371 ne
912 2340 1065 2371 Lambini
1089 2342 1129 2373 ab
1153 2341 1257 2372 altera
1277 2346 1311 2372 et
1334 2342 1437 2381 vera‚)
1455 2347 1489 2374 et
1508 2347 1564 2374 v'o-

855 2383 920 2413 luit
936 2385 1067 2424 corrigi,
1085 2384 1140 2414 sed
1154 2394 1261 2424 operae
1286 2394 1352 2414 nou
1368 2392 1562 2425 paruerunt.

857 2426 1006 2464 Graevius
1035 2427 1138 2456 etiam
1167 2427 1249 2456 nihil
1280 2427 1473 2457 admonuit:
1508 2429 1564 2459 sed

857 2468 924 2508 ipse
940 2468 1032 2498 dedit
1048 2470 1167 2505 labem,
1183 2469 1278 2508 idque
1295 2475 1329 2499 et
1344 2479 1403 2499 nos
1419 2471 1564 2501 restitui-

859 2520 942 2540 mus.
987 2511 1095 2541 Labes
1109 2511 1168 2541 illa
1188 2515 1221 2540 et
1244 2512 1428 2547 ignonzima
1450 2515 1565 2544 morsis

858 2558 908 2582 cst
923 2553 957 2582 in
972 2564 1023 2589 eo,
1039 2553 1126 2591 quud
1142 2554 1314 2593 parricidio
1329 2556 1563 2592 contaminati,

858 2600 895 2623 ut
912 2596 1077 2635 parricidzi
1093 2598 1151 2631 rei,
1167 2597 1289 2625 mortui
1302 2602 1422 2627 essent.
1468 2599 1564 2628 Cete-

859 2647 932 2667 rum
946 2637 1045 2667 lectio
1056 2648 1155 2678 perse
1171 2647 1237 2667 non
1253 2644 1302 2668 est
1316 2639 1470 2677 absurda3
1487 2650 1564 2672 nam

859 2684 894 2709 et
915 2686 990 2719 post
1014 2681 1046 2709 in
1070 2680 1183 2710 eadem
1197 2690 1230 2711 re
1254 2680 1336 2711 dixit
1351 2683 1565 2713 conditionem

860 2723 986 2752 mortis.
999 2732 1027 2751 e.
1045 2725 1091 2752 11.
1105 2732 1154 2761 pr.

903 2766 944 2794 422
967 2765 1122 2803 quoniam
1145 2773 1239 2795 sensu
1259 2765 1332 2804 δια]
1362 2766 1400 2795 In
1423 2766 1484 2797 hac
1499 2767 1566 2796 for-

863 2815 918 2836 ma
943 2806 1181 2846 interrogandi,
1208 2808 1291 2838 ratio
1313 2817 1380 2838 non
1403 2809 1486 2839 solet
1508 2818 1566 2849 per

862 2849 1015 2888 quoniam
1031 2848 1115 2879 addi.
1153 2849 1288 2889 Conjcci
1304 2850 1496 2882 Ciceronem
1511 2851 1566 2882 de-

864 2890 947 2921 disse
962 2890 1101 2932 quijam
1116 2891 1167 2922 vel
1181 2891 1405 2933 quandojam.

775 2939 900 2974 Tt2
