1907 3231
438 110 513 149 DE
538 109 683 148 LEGE
708 109 831 149 AGR.
859 108 1078 148 CONTRA
1104 110 1352 153 RULLUM.
1541 118 1618 158 595

169 212 228 255 ab
249 212 397 255 invitis
419 229 622 272 expressa
652 215 930 273 proponitur:
960 230 1065 268 non,
1087 216 1306 258 dubitanti
1328 218 1454 260 fidele
1473 220 1618 262 consi-

168 270 298 313 lium:
320 287 433 325 non,
455 273 667 315 laboranti
691 283 857 314 certum
882 274 1123 315 subsidium
1150 275 1393 317 nobilitatis
1423 279 1617 320 ostendi-

169 338 255 370 tur.
317 330 486 377 Quodsi
508 330 620 371 solus
644 331 687 372 in
710 331 942 372 discrimen
965 331 1139 387 aliquod
1166 331 1414 384 adducerer,
1444 334 1661 395 ferrem,3

169 387 379 440 Quirites,
409 387 555 429 animo
578 389 789 444 aequiore:
823 389 893 430 sed
918 388 1026 430 mihi
1050 390 1249 431 videntur
1271 391 1379 431 certi
1400 391 1650 452 homines,6

169 445 203 485 si
226 446 376 500 quain
409 460 454 486 re
483 460 551 486 me
583 460 670 488 non
698 447 826 488 modo
860 447 1057 499 consilio,
1080 462 1229 488 verum
1255 449 1388 489 etiam
1422 464 1524 490 casu
1553 451 1614 492 la-

167 515 294 558 psum
315 516 408 544 esse
427 503 768 557 arbitrabuntur,
783 519 858 546 vos
881 505 1119 557 universos,
1141 505 1215 561 qui
1236 520 1307 546 me
1329 507 1616 550 antetuleritis

164 559 400 612 nobilitati,
424 562 724 618 vituperaturi.
788 561 906 604 Mihi
939 572 1099 614 autem,
1126 564 1335 615 Quirites,
1358 564 1506 605 omnia
1538 580 1618 622 po·-

164 617 251 658 tius
273 619 554 675 perpetienda
575 634 667 661 esse
690 620 817 672 duco,
840 635 970 676 quam
997 635 1085 661 non
1109 621 1170 662 ita
1192 622 1430 677 gerendum
1460 637 1619 664 consu-

162 673 313 727 latum,
336 685 385 718 ut
407 677 450 718 in
472 678 674 719 omnibus
697 678 804 719 meis
826 677 953 719 factis
985 687 1115 733 atque
1137 679 1327 720 consiliis
1349 690 1541 721 vestrum
1563 681 1617 723 de

160 745 233 773 me
253 732 418 776 factum
440 735 756 791 consiliumque
776 734 987 776 laudetur.
1047 735 1233 776 Accedit
1253 737 1384 778 etiam
1407 737 1478 779 ille
1505 738 1616 780 mihi

162 798 354 833 summus
374 792 495 834 labor
516 808 566 835 ac
587 793 844 834 difficillima
866 793 977 832 ratio
999 793 1248 834 consulatus
1272 795 1465 849 gerendi,
1497 796 1616 852 quod

159 861 249 889 non
272 850 436 902 eadem,
459 866 545 906 qua
568 850 861 907 superioribus
890 850 1156 901 consulibus,
1179 850 1274 906 lege
1296 861 1340 892 et
1361 854 1614 896 conditione

159 907 371 948 utendum
393 922 485 950 esse
514 908 710 950 decrevi:
743 907 817 963 qui
849 907 1015 948 aditum
1040 907 1169 964 hujus
1196 908 1277 949 loci
1307 920 1614 967 conspectum-

160 978 245 1019 que
266 974 457 1007 vestrum
481 965 638 1022 partim
660 979 928 1022 magnopere
949 965 1170 1022 fugerunt,
1193 967 1353 1022 partim
1370 982 1460 1009 non
1482 969 1612 1010 vehe-

157 1031 328 1064 menter
344 1023 479 1064 secuti
502 1032 616 1064 sunt.
676 1022 772 1079 Ego
795 1032 940 1064 autem
969 1038 1058 1065 non
1091 1024 1228 1066 solum
1253 1024 1337 1066 hoc
1359 1025 1405 1066 in
1426 1026 1524 1067 loco
1545 1027 1611 1068 di-

157 1090 269 1132 cam,
291 1081 366 1122 ubi
388 1089 454 1122 est
475 1081 519 1123 id
541 1082 661 1123 dictu
683 1080 954 1133 facillimum,
982 1081 1056 1123 sed
1079 1082 1123 1122 in
1145 1083 1242 1138 ipso
1265 1092 1431 1134 senatu,
1453 1084 1498 1124 in
1522 1099 1609 1140 quo

156 1150 250 1178 esse
270 1137 390 1179 locus
412 1138 515 1180 huic
537 1139 633 1181 voci
655 1153 744 1180 non
768 1139 1010 1191 videbatur,
1034 1140 1292 1196 popularem
1312 1155 1383 1182 me
1412 1141 1609 1184 futurum

155 1207 248 1236 esse
268 1196 506 1250 consulem,
528 1198 669 1253 prima
688 1211 787 1238 mea
807 1197 880 1239 illa
901 1198 1098 1239 oratione
1121 1200 1140 1228 5
1155 1197 1363 1239 Kalendis
1386 1198 1413 1241 J
1417 1201 1606 1242 anuariis

154 1251 264 1293 dixi.
327 1254 482 1312 Neque
511 1255 628 1296 enim
659 1254 744 1296 ullo
775 1255 908 1298 modo
941 1254 1082 1296 facere
1114 1270 1306 1311 possum,
1329 1265 1392 1307 ut,
1415 1272 1515 1298 cum
1536 1272 1644 1313 me7

153 1309 411 1369 intelligam,
433 1328 522 1354 non
543 1312 771 1354 hominum
792 1313 1039 1370 potentium
1063 1313 1221 1365 studio,
1244 1328 1332 1355 non
1354 1315 1608 1357 excellenti-

152 1368 235 1409 bus
258 1371 409 1426 gratiis
432 1385 685 1427 paucorum,
709 1371 783 1411 sed
819 1371 1005 1412 universi
1035 1371 1185 1428 populi
1216 1371 1405 1413 Romani
1434 1373 1607 1429 judicio

151 1426 376 1469 consulem
398 1429 460 1470 ita
480 1428 661 1479 factum,
683 1438 733 1469 ut
754 1428 1036 1469 nobilissimis
1058 1429 1312 1470 hominibus
1342 1430 1473 1487 longe
1495 1446 1607 1488 prae-

151 1497 349 1540 ponerer,
373 1485 493 1527 6non
515 1486 621 1527 etin
644 1487 729 1527 hoc
750 1486 1008 1543 magistratu
1031 1494 1074 1526 et
1103 1487 1148 1528 in
1170 1487 1289 1528 omni
1313 1488 1402 1528 vita
1424 1489 1504 1529 sim
1528 1504 1606 1546 po-

150 1540 326 1596 pularis.
387 1543 473 1585 Sed
491 1544 600 1585 mihi
616 1544 669 1585 ad
693 1543 873 1599 hujusce
891 1544 1011 1586 verbi
1032 1544 1119 1586 vim
1137 1553 1181 1584 et
1198 1544 1603 1601 interpretationem

150 1599 429 1643 vehementer
457 1616 567 1658 opus
590 1611 656 1643 est
679 1611 821 1643 vestra
837 1602 1062 1658 sapientia.
1116 1605 1135 1636 7
1152 1602 1357 1643 Versatur
1375 1604 1491 1644 enim
1510 1614 1603 1645 ma-

149 1671 262 1714 gnus
278 1673 409 1711 error,
424 1669 601 1716 propter
614 1660 840 1701 insidiosas
856 1659 1163 1702 nonnullorum
1177 1660 1494 1704 simulationes:
1528 1663 1645 1718 quib.

147 1729 250 1757 cum
273 1717 422 1773 populi
444 1732 534 1760 non
555 1718 695 1759 solum
717 1718 961 1770 commoda,
984 1732 1134 1760 verum
1156 1718 1288 1759 etiam
1312 1718 1493 1761 salutem
1524 1735 1603 1777 op-

147 1784 348 1831 pugnant
365 1785 409 1816 et
424 1775 683 1832 impediunt,
705 1776 901 1817 oratione
922 1776 1092 1831 assequi
1115 1775 1280 1827 volunt,
1303 1786 1352 1817 ut
1372 1777 1602 1834 populares

147 1844 240 1872 esse
265 1832 504 1874 videantur.
566 1832 662 1890 Ego
685 1833 854 1890 qualem
878 1833 1117 1875 ssKalendis
1139 1833 1336 1876 Januarii
1358 1836 1636 1892 acceperimS

146 1890 477 1947 rempublicam,
497 1891 707 1943 Quirites,
729 1891 952 1948 intellig03
986 1891 1156 1948 plenam
1176 1891 1494 1945 sollicitudinis,
1510 1893 1602 1950 ple-

145 1959 249 1988 nam
271 1948 462 1990 timoris:
494 1949 539 1990 in
556 1964 656 2005 qua,
678 1950 787 1991 nihil
804 1959 895 1991 erat
911 1950 1028 2000 mali,
1048 1948 1159 1990 nihil
1177 1950 1360 2002 adversi,
1382 1951 1500 2006 quod
1512 1966 1602 1994 non

148 2004 252 2046 boni
289 2015 546 2059 metuerent,
585 2008 774 2065 improbi
810 2015 1130 2064 exspectarent.
1167 2008 1315 2049 omnia
1351 2008 1602 2051 turbulenta

144 2063 328 2105 consilia
349 2074 501 2106 contra
524 2064 641 2107 hunc
671 2065 924 2122 reipublicae
959 2075 1136 2116 statum,
1160 2074 1204 2106 et
1234 2075 1387 2107 contra
1407 2077 1600 2109 vestrum

143 2121 286 2162 otium
319 2123 477 2178 partim
516 2123 631 2175 iniri,
655 2123 862 2180 9partim,
895 2123 1022 2165 nobis
1060 2122 1310 2165 consulibus
1344 2124 1597 2181 designatis,

143 2177 255 2220 inita
274 2193 366 2221 esse
387 2181 656 2222 dicebantur.
681 2181 850 2223 sublata
865 2190 957 2222 erat
972 2181 1026 2222 de
1041 2179 1140 2222 foro
1161 2180 1281 2232 fides,
1305 2196 1392 2223 non
1409 2182 1498 2223 ictu
1520 2183 1598 2224 ali-

142 2250 231 2291 quo
252 2251 380 2280 novae
402 2239 676 2291 calamitatis,
693 2240 766 2280 sed
791 2242 829 2270 ¹⁰
843 2239 1090 2296 suspicione
1108 2253 1159 2280 ac
1179 2240 1508 2295 perturbatione
1521 2241 1597 2296 ju-

141 2294 371 2348 diciorum,
403 2296 696 2338 infirmatione
725 2312 867 2338 rerum
892 2297 1214 2353 judicatarum?
1248 2311 1374 2338 novae
1397 2298 1596 2340 domina·

142 2352 298 2406 tiones,
320 2355 677 2408 extraordinaria,
698 2370 787 2398 non
818 2355 1015 2412 imperia,
1037 2355 1111 2396 sed
1139 2369 1287 2411 regna,
1309 2356 1446 2410 quaeri
1468 2366 1595 2413 puta-

183 2470 202 2499 5
225 2467 307 2500 Kal.
333 2468 528 2510 «Ianuarii-³]
563 2469 666 2502 Recte
695 2469 844 2501 Graevius
910 2472 948 2501 -8
972 2468 1053 2501 Kal.
1067 2467 1151 2500 Jan.
1167 2469 1362 2509 acceperim]
1388 2469 1477 2501 Hine
1493 2470 1592 2503 intel-

140 2519 201 2550 pro
222 2511 397 2551 Januarii.
433 2512 516 2544 Edd.
542 2524 592 2553 pr.
613 2513 738 2544 habent
759 2513 841 2545 Kal.
887 2512 1016 2552 ligitur,
1050 2511 1136 2542 hanc
1161 2512 1347 2544 orationem
1371 2522 1439 2543 non
1467 2513 1593 2546 dictam

138 2553 222 2585 Jan.
236 2560 296 2585 aut
310 2555 400 2586 aliud
413 2556 658 2598 compendium.
887 2565 955 2586 esse
971 2554 1130 2586 Kalendis
1152 2553 1228 2584 Jan.
1267 2554 1312 2585 Et
1338 2555 1426 2586 infra
1445 2566 1590 2588 comme-

182 2597 203 2627 6
224 2606 450 2629 non—essem
484 2598 670 2639 popularis]
715 2596 841 2629 Pendet
885 2602 999 2629 morat
1013 2597 1198 2627 orationem
1210 2596 1367 2628 Kalendis
1378 2598 1442 2629 illis
1453 2598 1590 2631 dictam.

138 2639 276 2670 verbum
303 2650 342 2670 ex
371 2641 449 2679 illis,
476 2643 566 2672 nullo
595 2643 686 2673 modo
708 2651 843 2682 possum
927 2644 947 2674 9
963 2640 1107 2680 partim,
1122 2640 1210 2670 nobe's
1235 2649 1260 2671 c.
1276 2640 1356 2681 des]
1388 2641 1440 2672 An
1457 2643 1588 2681 partim

126 2680 262 2722 faeere,
285 2687 334 2713 ut.
359 2694 432 2723 quae
454 2685 625 2724 requirunt
639 2685 754 2724 utique
767 2684 840 2715 sim.
876 2682 956 2725 jam
973 2684 1043 2713 nob.
1059 2682 1091 2712 d.
1507 2723 1513 2728 ἱ

182 2727 202 2758 7
227 2724 389 2756 Versatur
412 2727 499 2757 enim
518 2737 563 2758 m.
577 2727 619 2768 e.]
668 2727 734 2758 Hie
754 2726 845 2758 deest
933 2729 972 2757 10
993 2725 1173 2765 suspicione
1187 2734 1228 2755 ac
1235 2725 1485 2765 perturbatione
1490 2725 1585 2766 jud.)

138 2765 276 2806 aliquid,
292 2773 332 2799 ut
346 2768 382 2799 iu
403 2770 461 2804 hoe
472 2771 580 2808 verbo,
596 2774 667 2807 aut,
684 2770 760 2811 quia
774 2779 845 2800 ver·
889 2767 1091 2809 Hendiadys,
1107 2777 1166 2808 pro
1189 2768 1373 2809 suspicione
1392 2769 1586 2809 perturban-

140 2810 218 2840 bum
231 2812 300 2851 jam
314 2813 494 2854 praecessit,
512 2814 546 2844 in
561 2822 605 2846 eo.
643 2813 697 2845 Sic
710 2811 846 2846 Lambi-
887 2811 1005 2842 dorum
1014 2811 1086 2853 jud.

141 2859 215 2883 nus.

784 2903 923 2954 9q2
