1907 3231
588 127 707 165 PRO
739 108 786 164 Α.
820 107 1151 168 ῦιῑῑΕῑὶῑΤΙο.
1535 102 1615 163 529'

152 227 339 276 mortem
353 228 542 289 ³ejus‚ne
562 230 703 274 lituris
725 230 906 298 coargui
935 227 1098 288 posset,
1113 232 1420 276 testamentum
1437 224 1481 271 in'
1503 228 1608 276 alias

155 291 326 333 tabulas
345 288 694 347 transscriptum,
717 290 854 348 signis
869 285 1122 347 adulterinis
1144 286 1411 344 opsignavit.
1460 284 1609 335 Multa

152 348 365 404 praetereo
407 348 624 391 consulto.
662 349 826 390 etenim
868 349 1032 400 vereor,
1073 361 1148 398 ne„
1168 345 1271 396 haec
1296 345 1391 401 ipsa
1420 343 1605 386 nimium

149 406 287 449 multa
307 421 398 447 esse
421 406 663 448 videantur.
685 421 762 448 vos
785 411 934 453 tamen
953 406 1054 448 eum
1068 407 1117 462 ‚34¹
1129 394 1313 447 s'irriilem
1328 400 1393 452 sui
1414 400 1545 443 fuisse
1561 402 1604 443 in

147 464 303 511 ceteris
326 464 427 506 vitae
451 463 648 520 partibus
667 461 919 510 existir'n'ai‘e
940 458 1123 520 debetis.
1185 460 1313 515 Illum
1334 457 1502 502 tabulas
1525 473 1605 515 pu-

150 512 285 587 bliffas
307 521 451 563 Larini
481 522 698 564 censorias
719 520 978 579 corrupisse,
1000 517 1255 564 decuriones
1277 516 1465 560 universi
1481 516 1643 576 judi-tp,
1661 536 1713 567 26.

146 571 368 637 ⁰³¹V¹erunh
388 622 406 629 ,f
432 579 546 621 Cum
568 579 754 636 illojam
782 581 911 622 nemo
943 580 1172 630 rationem,
1193 591 1322 619 nemo
1352 590 1443 617 rem
1473 574 1604 616 ullam
1616 587 1646 608 a.

145 633 461 692 contrahebat:
496 640 624 680 nemo
647 637 769 680 illum
801 652 857 680 ex
890 647 978 679 tam
1002 636 1151 679 multis
1174 634 1373 692 cognatis
1395 642 1440 674 et
1462 631 1605 674 affini-

145 690 434 753 bu'sst'utorem
455 710 663 752 umquam
684 695 831 738 liberis
852 695 938 736 suis
959 694 1157 752 scripsitz
1189 707 1317 735 nemo
1333 691 1454 734 illum
1467 689 1607 750 aditu,

144 766 275 807 nemo
297 754 621 811 congressione,
644 768 772 795 nemo
795 767 1008 804 sermone,
1029 767 1159 794 nemo
1191 750 1396 793 convivio
1418 749 1605 805 dignum

137 809 372 866 judicabat
387 828 395 854 ε
417 827 566 854 omnes
580 812 938 869 aspernabantur,
949 825 1099 852 omnes
1114 808 1422 858 abhorrebant,
1437 821 1612 860 omnes,¹

143 871 194 909 iit
227 867 418 926 aliquam
453 869 688 923 immanem
725 884 775 910 ac
809 869 1100 925 perniciosam
1134 866 1319 908 bestiam
1349 874 1602 922 pestemque

140 925 387 984 fugiebant.
448 925 584 970 Hun'c
618 936 764 968 tamen
794 926 1020 968 hominem
1043 935 1131 968 tam
1156 924 1380 975 audacem,
1415 932 1505 964 tam
1526 936 1599 963 ne·
1614 931 1662 966 42

140 979 316 1037 sarium,
331 998 421 1027 tam
443 993 940 1040 nocentem,numquam
956 991 1201 1026 accusasset
1221 981 1395 1033 Avitus,
1411 979 1602 1037 judices,

142 1041 178 1082 si
222 1041 264 1084 id
298 1043 646 1099 praetermittere,
680 1041 797 1084 salvo
829 1043 974 1100 capite
1016 1057 1108 1094 suo,
1154 1040 1381 1097 potuisset.
1441 1040 1482 1070 35
1497 1036 1603 1079 Erat

142 1098 246 1142 huic
266 1099 468 1155 inimicus
493 1100 793 1159 Oppianicus:
827 1101 900 1142 sed
935 1110 1081 1142 tamen
1099 1108 1192 1141 erat
1213 1097 1416 1139 vitricus:
1449 1095 1604 1137 crude-

141 1157 193 1199 lis
220 1158 270 1200 et
291 1157 395 1201 huic
429 1158 589 1206 infesta
623 1166 786 1200 mater:
830 1168 1024 1200 attamen
1051 1167 1203 1199 mater.
1236 1165 1459 1213 postremo
1491 1153 1605 1196 nihil

139 1224 231 1257 tam
252 1227 469 1259 remotum
491 1217 548 1259 ab
565 1217 857 1269 accusatione,
879 1231 1010 1273 quam
1035 1215 1281 1265 Cluentius,
1302 1222 1346 1255 et
1369 1221 1535 1263 natura,
1558 1220 1604 1253 et

141 1272 382 1327 voluntate,
416 1285 461 1317 et
493 1276 696 1317 instituta
726 1274 896 1316 ratione
929 1274 1047 1316 vitae.
1110 1273 1195 1314 Sed
1228 1286 1328 1313 cum
1362 1279 1474 1311 esset
1504 1269 1602 1312 haee

140 1330 201 1372 illi
225 1334 451 1390 proposita
472 1333 686 1385 conditio,
718 1342 767 1374 ut
789 1331 1000 1389 autjiiste
1029 1333 1071 1364 36
1085 1331 1243 1389 pieque
1266 1336 1504 1374 accusaret,
1526 1336 1602 1386 aut

138 1391 590 1449 acerbe‘indigneque
611 1400 876 1443 moreretur3
907 1403 1125 1442 accusare,
1146 1402 1323 1445 quoquo
1346 1385 1477 1428 modo
1500 1400 1602 1443 pos-

138 1457 218 1500 set,
241 1451 371 1504 quam
392 1449 467 1492 illo
488 1448 621 1510 modo
643 1448 794 1500 emori,
812 1447 981 1490 maluit.

195 1505 360 1562 Atque,
381 1511 435 1550 ut'
453 1507 549 1549 haec
579 1507 643 1548 ita
663 1521 755 1547 esse
787 1505 1032 1563 perspicere
1063 1503 1256 1563 possitis,
1278 1516 1496 1560 exponam
1523 1517 1598 1544 vo-
1610 1511 1659 1546 43

139 1562 206 1604 bis
239 1563 477 1621 Oppianici
510 1563 680 1607 facinus
710 1563 944 1606 manifesto
977 1572 1252 1620 compertum
1285 1571 1416 1616 atque
1446 1559 1598 1617 depre-

136 1619 344 1665 hensum:
377 1638 432 1665 ex
455 1637 543 1679 quo
566 1623 694 1665 simul
717 1632 963 1679 utrumque,
983 1631 1027 1664 et
1049 1621 1151 1664 huic
1172 1633 1389 1670 accusare,
1407 1629 1451 1659 et
1475 1617 1594 1660 illum

137 1679 435 1736 condemnari,
457 1695 633 1723 necesse
663 1680 796 1722 fuisse
828 1680 1096 1737 intelligetis.
1158 1675 1386 1721 Martiales
1416 1676 1594 1735 quidam
1614 1677 1680 1728 15

138 1736 286 1780 Larini
319 1738 664 1796 appellabantur,
684 1738 874 1781 ministri
907 1738 1069 1796 publici
1103 1735 1279 1788 Martis,
1302 1747 1431 1792 atque
1452 1733 1491 1775 e‘i
1513 1735 1595 1778 deo

135 1794 357 1838 veteribus
388 1797 600 1839 institutis
633 1796 1005 1855 religionibusque
1037 1794 1303 1837 Larinatium
1329 1793 1596 1838 consecrati:

136 1867 322 1908 quorum
344 1869 445 1898 cum
468 1855 573 1897 satis
599 1870 785 1912 magnus
817 1870 1021 1897 numerus
1044 1863 1170 1905 esset,
1193 1866 1379 1910 cumque
1403 1851 1522 1904 item,
1547 1861 1597 1893 ut

136 1910 182 1951 in
217 1911 366 1954 Sicilia
400 1913 604 1970 permulti
641 1913 826 1955 Venerei
861 1922 976 1965 sunt,
1008 1912 1069 1955 sic
1103 1911 1162 1953 illi
1188 1909 1330 1952 Larini
1368 1910 1410 1952 in
1436 1907 1596 1952 Martis

136 1969 306 2012 familia·
324 1981 679 2025 numerarentur3
712 1981 889 2028 repente
909 1969 1181 2029 Oppianicus
1204 1984 1277 2010 eos
1301 1983 1465 2019 omneS,
1488 1966 1596 2009 libe-

137 2041 208 2068 ros
237 2033 344 2081 esse,
366 2030 571 2086 civesque
594 2029 819 2072 Romanos
851 2031 991 2087 coepit
1013 2028 1259 2071 defendere.
1323 2026 1528 2069 Graviter
1550 2025 1595 2068 id

135 2086 393 2128 decuriones
419 2084 952 2145 Larinatiiim,cunctique
971 2087 1212 2143 municipes
1236 2084 1442 2127 tulerunt.
1503 2083 1594 2126 Ita-

135 2149 222 2200 que
244 2145 299 2186 ab
322 2144 457 2187 Avito
484 2146 744 2203 petiverunt,
763 2155 812 2188 ut
834 2161 928 2188 eam
960 2160 1135 2188 causam
1167 2143 1419 2200 susciperet,
1450 2142 1595 2199 publi-

136 2208 274 2258 ceque
292 2202 559 2246 defenderet.
617 2203 777 2247 Avitus
799 2219 899 2246 cum
924 2219 968 2246 se
990 2205 1044 2245 ab
1068 2203 1188 2245 omni
1210 2200 1426 2258 ejusmodi
1458 2215 1595 2257 nego-

134 2261 199 2302 tio
222 2261 490 2314 removisset,
521 2273 667 2304 tamen
690 2277 768 2320 pro
790 2262 902 2316 loco,
935 2278 1013 2319 pro
1035 2261 1296 2317 antiquitate
1318 2259 1488 2316 generis
1512 2259 1593 2311 sui,

134 2333 216 2374 pro
238 2334 306 2371 eo,
328 2320 443 2376 quod
480 2335 523 2361 se
555 2335 646 2362 non
681 2320 766 2362 suis
789 2321 927 2363 solum
950 2318 1207 2372 commodis,
1231 2318 1304 2360 sed
1335 2317 1468 2358 etiam
1491 2332 1591 2373 suo·
1604 2327 1635 2359 h.

132 2378 512 2436 nummunieipum
537 2389 866 2435 ceterorumque
885 2377 1223 2421 necessariorum
1242 2384 1394 2433 natum
1415 2390 1508 2434 esse
1527 2390 1594 2416 ar-

134 2435 395 2490 bitrabatur,
419 2446 552 2480 tantae
573 2436 787 2479 voluntati
809 2435 1109 2479 universorum
1145 2433 1415 2477 Larinatium
1446 2433 1594 2475 deesse

176 2574 217 2604 34
239 2574 380 2605 similem
401 2575 454 2605 sui
467 2572 504 2615 f.
529 2576 562 2605 in
585 2576 701 2606 ceteris
721 2584 844 2615 quoque
885 2578 995 2605 terum
1010 2577 1084 2604 erat
1099 2572 1217 2610 delevi,
1233 2581 1339 2612 neque
1352 2571 1442 2602 enim
1455 2570 1510 2602 hic
1524 2571 1594 2602 effi-

138 2616 216 2646 vitoe
252 2618 409 2655 partibus
443 2618 636 2648 existimare
651 2628 655 2633 ’
677 2617 841 2657 debebitis]
887 2617 1011 2648 eaciam
1036 2617 1150 2654 habet,
1164 2621 1216 2646 et.
1231 2615 1325 2646 abest
1345 2614 1409 2645 ed:
1423 2624 1471 2655 pr.
1500 2617 1555 2648 147
1566 2617 1590 2645 1.

135 2657 284 2688 Primum
299 2660 350 2689 sui
365 2669 433 2690 non
447 2659 552 2691 habet
569 2660 621 2691 ed.
641 2663 731 2695 1471.
747 2660 847 2691 male.
888 2659 978 2691 Med.
1004 2659 1154 2691 Primum
1165 2659 1271 2699 reperi
1284 2659 1320 2688 in
1333 2657 1385 2688 ed„
1402 2657 1592 2689 MBOamde
1653 2688 1657 2694 ,

135 2709 260 2740 quoque
274 2706 392 2733 contra
407 2703 492 2734 bene
513 2703 608 2734 abest
620 2703 671 2734 ed.
687 2713 736 2745 pr.
751 2703 841 2734 Med.
884 2703 992 2734 duma
1005 2708 1040 2733 et
1052 2701 1155 2733 Aldus
1169 2710 1327 2734 sumsere.
1515 2720 1517 2723 v

135 2743 209 2773 Ald.
227 2742 314 2774 vict.
329 2745 387 2776 διε.
410 2741 551 2785 denique
566 2746 687 2778 debetis
702 2747 774 2777 edd.
791 2756 842 2786 pr.
929 2746 971 2776 36
988 2746 1106 2785 pieque
1127 2743 1316 2783 ασθαι-τινα]
1328 2742 1469 2777 Mariua
1491 2741 1596 2782 Opin.
1619 2764 1624 2770 .

134 2785 237 2825 longa
250 2785 344 2817 serie.
390 2788 506 2827 {taque
529 2798 653 2829 quoque
673 2789 792 2825 delevi,
807 2793 843 2820 et
888 2787 936 2824 11,
953 2790 984 2819 2.
999 2787 1143 2828 explieat
1157 2788 1289 2823 leniter,
1297 2786 1512 2827 placabiliter
1533 2785 1593 2815 &c-

131 2828 252 2858 debetis
265 2831 405 2869 reposui.
422 2841 438 2859 .·
450 2830 511 2861 Ed.
533 2832 650 2863 ‹luntae
663 2833 768 2864 etiam
780 2831 841 2862 ha·
881 2831 1017 2862 frustra.
1032 2829 1128 2872 juste
1143 2831 1262 2876 pieque
1276 2827 1604 2865 -izoeusaredicitnr,

131 2871 188 2909 het
203 2872 278 2901 victe
291 2882 366 2902 suoe.
391 2873 489 2904 male.
683 2885 685 2887 ¹
805 2890 807 2893 f
881 2879 922 2904 ut
937 2873 1024 2914 apud
1047 2872 1179 2904 Livium
1191 2876 1327 2915 justum
1343 2871 1515 2912 piumque.
1528 2870 1610 2902 heb-2

171 2915 213 2944 35
250 2913 609 2957 Erat—Oppianicus:
641 2921 715 2949 erae
728 2916 751 2957 :]
785 2914 841 2946 Al·
886 2918 968 2948 lum.

192 2971 212 2996 V
225 2970 252 2997 O
262 2970 301 2998 L.
327 2972 382 2999 11.
791 2973 826 3000 Μ
853 2974 896 3001 m
