1907 3231
171 325 292 364 p.111.

305 152 383 192 670

844 151 1094 190 ORATIO
1131 153 1203 190 ΠΙ.

605 313 1448 372 ἈιΊῚηᾸᾸΙΟΙΟΕΒΟΝΙε

516 484 590 549 L.
691 421 1525 555 CATlNLINAM

855 595 1171 651 TERTIA

981 691 1030 714 &D

568 861 796 902 ORATIO
835 863 1029 900 PRIMA
1065 863 1140 900 ET
1178 864 1485 902 VICESIMA.

269 1025 294 1071 1
312 1004 819 1081 REMPUBLICAM‚
852 1030 1060 1081 Quirites,
1082 1032 1300 1087 vitamque
1321 1029 1514 1071 omnium
1538 1027 1743 1080 vestrum,

279 1096 297 1129 1
316 1088 441 1136 bona,
483 1084 691 1137 fortunas,
741 1087 965 1144 conjugeS,
1006 1087 1246 1144 liberosque
1283 1097 1458 1138 vestros,
1493 1095 1621 1142 atque
1659 1086 1742 1126 hoe

313 1142 579 1185 domicilium
620 1143 843 1184 clarissimi
869 1145 1052 1201 imperii,
1087 1144 1469 1186 fortunatissimam
1508 1142 1742 1200 pulcherri-

313 1214 514 1255 mamque
538 1200 701 1251 urbem,
732 1200 942 1243 hodierno
976 1202 1060 1253 die,
1084 1202 1261 1244 deorum
1294 1201 1599 1243 immortalium
1629 1214 1743 1240 sum-

314 1273 386 1299 mo
408 1271 511 1313 erga
534 1272 606 1298 vos
627 1273 786 1310 amore,
808 1258 1042 1310 laboribus,
1072 1260 1277 1316 consiliis,
1308 1258 1592 1315 periculisque
1622 1257 1743 1307 meis,

315 1330 369 1357 ex
394 1316 567 1355 flamma
587 1325 716 1370 atque
736 1315 863 1367 ferro,
892 1331 942 1357 ac
973 1331 1096 1372 paene
1124 1331 1178 1358 ex
1202 1317 1399 1358 faucib-us
1429 1314 1508 1356 fati
1537 1323 1743 1370 ereptam,

279 1382 360 1416 2et
384 1372 503 1413 vobis
525 1383 821 1414 conservatam
842 1389 892 1415 ac
914 1374 1155 1415 restitutam
1178 1374 1357 1415 videtis(
1410 1372 1479 1424 Et,
1503 1373 1536 1413 si
1556 1387 1640 1427 nou
1663 1371 1746 1412 mi·

316 1445 396 1471 nus
420 1429 546 1470 nobis
562 1429 746 1484 jucundi
769 1440 898 1486 atque
933 1431 1113 1472 illustres
1146 1442 1246 1473 sunt
1276 1431 1305 1472 ii
1328 1431 1432 1481 dies,
1465 1430 1620 1485 quibus
1642 1443 1746 1470 con-

317 1501 549 1537 servamur,
567 1501 694 1542 quam
714 1487 787 1539 illi,
802 1489 958 1543 quibus
979 1490 1218 1542 nascimur3
1250 1488 1365 1543 quod
1384 1487 1530 1528 salutis
1543 1496 1661 1528 certa
1673 1485 1746 1526 lae-

312 1546 411 1586 titia
428 1552 508 1595 est,
527 1544 729 1585 nascendi
748 1545 911 1586 incerta
931 1546 1139 1597 conditio,
1161 1556 1205 1586 et
1223 1546 1338 1601 quod
1356 1545 1446 1585 sine
1463 1558 1586 1585 sensu
1608 1542 1746 1584 nasci·

309 1616 420 1652 mur,
447 1605 574 1642 lcum
603 1601 824 1656 voluptate
856 1617 1093 1644 servamur:
1126 1602 1339 1659 profecto,
1371 1601 1574 1657 quoniam
1609 1600 1744 1651 illum,

310 1659 383 1714 qui
416 1658 526 1699 hanc
549 1659 698 1699 urbem
728 1659 937 1710 condidit,
961 1662 980 1691 2
997 1659 1247 1711 Romulum,
1278 1660 1331 1701 ad
1362 1660 1463 1700 deos
1485 1656 1747 1699 immortales

310 1715 604 1757 benivolentia
634 1715 832 1771 famaque
866 1717 1128 1769 sustulimus,
1166 1731 1256 1758 esse
1287 1716 1400 1773 apud
1423 1730 1498 1757 vos
1530 1725 1745 1771 posteros-

310 1788 395 1829 que
428 1782 589 1813 vestros
612 1773 655 1813 in
687 1772 849 1814 honore
871 1774 1047 1815 debebit
1076 1774 1126 1826 is,
1156 1775 1230 1830 qui
1252 1774 1430 1815 eandem
1463 1772 1575 1813 hanc
1598 1772 1746 1812 urbem

311 1830 532 1871 conditam
566 1829 960 1886 amplificatamque
994 1832 1193 1872 servavit.
1224 1846 1323 1872 nam
1347 1830 1461 1871 3toti
1496 1829 1608 1880 urbi,
1642 1838 1749 1869 tem-

313 1887 409 1944 plis,
432 1887 634 1938 delubris,
658 1888 782 1929 tectis
805 1903 854 1929 ac
876 1889 1097 1930 moenibus
1120 1889 1339 1944 subjectos
1362 1901 1497 1944 prope
1511 1887 1606 1942 jam
1626 1886 1748 1942 ignes

312 1945 687 1999 elrcumdatosque
724 1946 1022 1988 restinximus:

1057 1946 1271 2001 iidemque
1302 1945 1470 2002 gladios
1503 1959 1547 1985 m
1580 1957 1750 1998 tempu.-

314 2002 470 2043 blicam
494 2002 719 2042 destrictos
743 2003 993 2054 retudimus,
1027 2017 1336 2058 mucronesque
1357 2016 1505 2043 eorum
1535 2016 1560 2042 a
1584 1999 1750 2056 jugulis

276 2062 301 2097 3
318 2059 466 2101 vestris
493 2062 514 2090 4
527 2059 776 2114 dejecimus.

360 2203 372 2230 l
397 2209 473 2230 cum
487 2201 654 2239 voluptate
663 2199 850 2239 servamur]
869 2200 931 2230 Pro
943 2210 1015 2230 con-

313 2252 487 2273 servamur
509 2252 526 2272 e
544 2242 609 2271 suis
625 2242 703 2271 Mss.
726 2242 828 2272 edidit
851 2242 1012 2272 Grzevius:

314 2286 360 2315 sic
374 2285 474 2315 etiam
490 2284 561 2315 edd.
575 2284 628 2314 W.
669 2283 704 2313 ld
717 2284 910 2324 recepimus,
934 2294 1014 2321 non,

315 2335 356 2357 ne
379 2327 427 2357 bis
449 2326 537 2357 brevi
562 2325 737 2356 intervallo
750 2333 833 2356 esset
847 2336 1014 2357 conserua-

315 2379 393 2399 mur
403 2381 412 2397 .·
435 2379 512 2399 nam
524 2374 558 2398 et
570 2368 635 2398 alia
647 2368 797 2408 exempla
808 2368 906 2408 hujus
919 2379 1016 2408 gene-

316 2411 359 2441 ris
374 2416 463 2448 sunt,
480 2415 516 2441 ut
535 2411 611 2440 infr.
626 2421 653 2440 c.
670 2410 700 2440 6.
715 2410 869 2440 similiter
882 2411 930 2441 bis
945 2416 1015 2441 tra-

316 2454 474 2483 derentur
484 2466 492 2482 .·
516 2452 571 2482 sed
593 2453 671 2491 quia
690 2452 761 2482 haec
788 2458 837 2482 est
866 2453 1014 2484 Ciceroni

319 2495 535 2525 usitatissima
552 2495 678 2524 numeri
691 2495 806 2525 forma.
832 2494 949 2534 Itaque
963 2505 1015 2525 su-

317 2547 377 2577 pra
387 2538 431 2568 11.
449 2549 477 2568 c.
493 2541 519 2567 l.
534 2547 599 2567 non
613 2542 743 2567 secutus
754 2546 824 2566 sum
834 2536 1015 2574 Graevium‚

317 2580 373 2618 qui
387 2589 457 2620 pro,
465 2590 539 2610 cum
550 2585 594 2609 esc
604 2589 644 2609 esc
654 2580 733 2609 urbe
743 2579 904 2619 depulsus,
916 2579 1017 2609 edidit

317 2630 392 2651 cum
407 2632 446 2652 ex
460 2623 540 2652 urbe
552 2626 598 2651 est
613 2622 772 2660 depulsus.
810 2621 890 2651 Mox
903 2621 1017 2651 eadem

317 2670 367 2693 est
380 2664 486 2694 fornia
498 2676 504 2693 t
529 2664 829 2704 amplificatamque
843 2665 995 2694 servavit.

359 2708 378 2736 2
402 2705 596 2745 Romulum]
622 2706 754 2736 Delevit
768 2710 841 2745 post
854 2705 1011 2745 Ald.jun.

317 2747 477 2783 Graevius,
492 2748 568 2787 quia
582 2749 615 2777 in
630 2758 696 2777 uno
712 2747 793 2778 libro
809 2757 874 2777 non
889 2757 1013 2787 repere-

316 2796 369 2820 rat
379 2790 542 2826 Muretus,
558 2791 624 2829 ipse
638 2799 704 2820 non
717 2790 751 2820 in
766 2799 833 2819 uno
845 2799 913 2819 suo.
957 2791 1014 2820 Sa-

316 2832 366 2871 pit
377 2841 453 2862 sane
468 2831 621 2871 glossam,
636 2831 662 2861 si
679 2842 745 2862 rem
761 2834 896 2871 spectes.
910 2832 935 2861 si
953 2842 1012 2862 nu-

315 2882 458 2912 merum,
474 2883 541 2904 non
551 2874 695 2904 alienum
704 2878 752 2904 est
762 2884 782 2905 a
790 2874 1011 2906 Ciceroniana:

849 2061 961 2107 Quae
1003 2061 1209 2115 quoniam
1250 2061 1295 2101 in
1336 2068 1485 2100 senatu
1526 2058 1750 2108 illustrata,

1059 2209 1150 2231 more.
1177 2204 1211 2230 et
1234 2209 1314 2230 sono
1336 2200 1511 2231 orationis:
1535 2197 1686 2228 similiter
1707 2197 1754 2228 sic

1057 2242 1201 2273 occurrit
1213 2243 1289 2272 infr.
1305 2253 1332 2272 c.
1350 2245 1379 2273 8.

1100 2287 1118 2315 :3
1143 2285 1201 2315 totz'
1214 2285 1302 2325 urbi]
1329 2284 1380 2314 Sic
1395 2294 1412 2314 e
1425 2283 1550 2314 Mureti
1572 2285 1606 2312 et
1627 2280 1693 2312 suis
1715 2281 1755 2311 li·

1056 2326 1121 2357 bris
1131 2327 1278 2357 Graevius
1290 2336 1349 2367 pro
1361 2327 1457 2356 totius
1468 2325 1568 2356 urbis.
1590 2324 1642 2354 Sic
1653 2324 1755 2354 etiam

1058 2369 1109 2399 ed.
1126 2369 1178 2399 W.
1222 2369 1305 2399 Aliae
1321 2369 1435 2408 primae
1449 2368 1522 2398 totis
1536 2367 1636 2396 urbis.
1680 2365 1756 2395 Est-

1058 2421 1120 2450 que
1136 2411 1345 2442 Ciceroniani
1360 2412 1472 2447 moris,
1495 2417 1596 2449 genus
1611 2408 1754 2448 primum

1059 2463 1194 2493 ponere,
1210 2453 1326 2483 deinde
1339 2457 1459 2493 partes.
1504 2451 1583 2482 Mox
1599 2450 1684 2480 idem
1700 2450 1756 2480 de-

1058 2495 1107 2525 dit
1124 2506 1141 2525 e
1159 2494 1251 2525 libris
1269 2495 1461 2535 quibusdam
1482 2493 1636 2524 moenilms
1653 2493 1756 2522 omni-

1060 2539 1133 2567 bus:
1156 2538 1189 2566 in
1205 2547 1270 2576 quo
1286 2537 1405 2577 duplex
1419 2537 1517 2567 lectio
1529 2534 1754 2575 conjungitur.

1059 2580 1147 2610 Nam
1176 2579 1231 2609 alii
1260 2580 1384 2610 habent
1410 2579 1500 2609 tectis
1526 2578 1684 2614 omnibus,
1716 2580 1756 2606 ut

1059 2621 1130 2651 edd.
1146 2621 1187 2652 R.
1202 2621 1257 2651 ΒΓ.
1268 2622 1356 2652 Med.
1372 2621 1427 2652 alii
1440 2622 1578 2651 tectisue
1588 2619 1755 2655 moenibue,

1060 2669 1100 2694 ut
1112 2664 1162 2694 ed.
1175 2663 1229 2694 W.

1097 2709 1117 2736 4
1139 2705 1329 2746 dejecimus]
1358 2705 1432 2736 Hoc
1454 2703 1661 2745 praetulimus
1682 2701 1754 2733 vul-

1055 2753 1133 2787 gato
1147 2747 1330 2787 rejecimus,
1346 2748 1421 2787 quia
1437 2757 1456 2777 a
1471 2746 1602 2776 Mul-eto
1617 2749 1651 2775 et
1664 2745 1754 2775 Grae—

1055 2791 1109 2820 vio
1127 2790 1160 2820 in
1178 2789 1268 2820 libris
1284 2799 1345 2819 scr.
1370 2795 1535 2829 repertum
1558 2793 1627 2818 est:
1652 2792 1686 2817 et
1710 2787 1756 2817 sic

1055 2832 1154 2863 habet
1166 2832 1215 2862 ed.
1232 2832 1285 2862 W.
1308 2837 1381 2862 tum
1397 2831 1472 2871 quia
1494 2830 1683 2868 exquisitius
1706 2836 1755 2858 est

1055 2884 1114 2915 pro
1135 2873 1319 2915 prohibere,
1336 2884 1454 2905 arcere.
1477 2873 1528 2904 Sic
1543 2878 1654 2903 noster
1666 2871 1757 2902 Verr-
