1907 3231
610 141 730 185 PRO
757 141 804 180 A.
832 140 1078 180 CAECINA.
1493 147 1571 184 465

124 252 244 287 metu
273 245 504 304 perterriti,
535 245 902 301 quemadmodum
933 245 1104 289 illorum
1137 254 1288 288 testem
1320 248 1462 290 dicere
1492 263 1568 290 au-

124 302 263 344 distis.
324 303 409 345 His
430 304 556 344 rebus
576 304 637 345 ita
658 305 806 361 gestis,
830 304 882 345 P.-
905 303 1133 346 Dolabella
1153 315 1314 360 praetor
1335 304 1627 347 22iute1·di-23

121 359 205 411 xit,
229 370 277 401 ut
305 370 371 402 est
391 361 676 413 consuetudo,
702 376 764 404 DE
791 376 856 414 v1‚
880 375 1170 404 HOMINIBUS
1205 375 1444 413 ARMATis,
1475 363 1568 408 sine

122 416 209 458 ulla
245 418 518 474 exceptione,
557 428 742 471 tantum,
781 429 851 472 ut,
878 420 993 461 unde
1029 419 1274 475 dejecisset,
1308 420 1567 462 restitueret.

120 475 162 505 93
178 474 437 516 Restituisse
466 490 525 527 se,
546 477 674 518 dixit.
736 477 923 534 Sponsio
945 477 1063 519 facta
1081 486 1161 520 est.
1222 477 1331 524 Hae
1352 477 1406 518 de
1437 492 1569 533 spon-

118 529 241 573 sione
264 533 386 574 vobis
403 533 691 588 judicandum
711 545 792 576 est.

178 587 380 631 Maxime
410 590 494 632 fuit
514 593 754 648 optandum
779 592 987 644 Caecinae,
1017 601 1355 649 recuperatores,
1385 599 1434 633 ut
1461 586 1612 643 con-9

117 647 341 694 troversiae
371 648 482 690 nihil
511 648 713 693 haberet:
746 650 934 692 secundo
956 650 1068 702 loco,
1090 660 1139 695 ut
1168 664 1343 697 nereum
1367 658 1455 691 tam
1486 650 1567 692 im-

114 705 257 760 probo
279 704 478 748 homine:
514 708 657 758 tertio,
679 716 728 749 ut
749 722 849 749 cum
871 717 959 748 tam
981 708 1114 750 stulto
1137 708 1332 749 haberet.
1391 706 1568 750 Etenim

114 776 206 803 non
227 762 371 805 minus
392 779 470 806 nos
494 764 678 806 stultitia
698 765 810 806 illius
832 765 1043 815 sublevat,
1063 780 1192 821 quam
1215 765 1336 807 laedit
1357 765 1568 822 improbi-

117 828 198 861 tas.
230 820 455 877 improbus
485 821 583 873 fuit,
604 823 722 878 quod
754 822 950 863 homines
974 823 1139 878 co‘tigit‚
1163 823 1371 865 armavit:
1403 823 1567 864 coactis

109 874 380 934 armatisque
404 879 491 921 vim
515 880 632 921 fecit.
666 879 800 921 Laesit
822 879 864 920 in
884 894 935 920 eo
956 878 1195 922 Caecinam.
1218 881 1461 921 sublevavit
1482 881 1566 922 ibi-

109 935 230 977 dem.
261 951 363 978 nam
394 937 437 978 in
467 952 538 978 eas
568 937 683 992 ipsas
715 951 794 987 ωε,
820 951 925 992 quas
957 937 1418 994 improbissimefecit‚
1442 939 1563 979 testi-

109 993 263 1034 monia
295 995 462 1045 sumsit,
491 1004 536 1035 et
564 996 626 1035 eis
662 994 705 1035 in
738 1009 869 1036 causa
899 995 1160 1037 testimoniis
1196 996 1347 1037 utitur.
1408 994 1625 1051 Itaque&

110 1050 225 1092 mihi
246 1061 412 1093 certum
433 1061 514 1103 est,
544 1062 879 1108 recuperatores,
903 1062 1136 1108 antequam
1166 1054 1220 1095 ad
1250 1067 1393 1094 meam
1413 1053 1562 1095 defen-
1572 1052 1606 1083 b.

110 1107 286 1151 sionem·
302 1123 508 1165 meosque
530 1118 660 1151 testes
682 1110 825 1161 venio,
848 1110 959 1151 illius
991 1111 1054 1151 uti
1080 1111 1353 1153 confessione
1375 1121 1420 1152 et
1443 1112 1564 1153 testi-

113 1165 288 1208 moniis.
351 1167 471 1215 Quid
492 1167 739 1219 confitetur,
770 1177 899 1223 atque
930 1168 992 1209 ita
1022 1168 1206 1210 libenter
1235 1169 1483 1220 confitetur,
1515 1180 1564 1210 ut

107 1236 202 1264 non
232 1223 372 1266 solum
395 1224 536 1276 fateri,
568 1226 640 1267 sed
663 1226 794 1266 etiam
825 1225 1020 1282 profiteri
1052 1226 1262 1276 videatur,
1289 1235 1564 1284 recuperato-

107 1283 206 1323 res?
265 1282 520 1325 convocavi
550 1283 772 1325 homines:
804 1283 958 1339 coegi:
999 1285 1186 1325 armavi:
1221 1295 1381 1325 terrore
1412 1285 1563 1326 mortis

103 1353 165 1379 :ac
202 1340 393 1395 periculo
431 1341 601 1397 capitis,
638 1355 690 1382 ne
731 1341 971 1392 accederes,
1009 1342 1188 1384 obstiti:
1237 1341 1365 1393 ferro,
1406 1343 1562 1398 inquit,

111 1394 242 1448 ferro,
273 1402 338 1451 (et
367 1397 451 1440 hoc
479 1398 588 1440 dicit
618 1399 663 1439 in
694 1397 900 1453 judici0,)
935 1408 977 1439 te
1008 1398 1138 1454 rejeci
1171 1408 1301 1454 atque
1336 1400 1563 1455 perterrui.

112 1453 262 1500 Quid?
293 1464 422 1497 testes
447 1455 551 1511 quid
581 1456 734 1512 ajunt?
768 1455 1042 1507 P.'Vetilius,
1074 1457 1343 1513 propinquus
1374 1457 1563 1509 AEbutii,

105 1525 156 1552 se
182 1511 366 1554 AEbutio
396 1528 498 1554 cum
528 1514 704 1555 armatis
736 1514 867 1554 servis
898 1513 1066 1555 venisse
1104 1514 1380 1556 advocatum.
1442 1515 1568 1562 Quid

104 1573 349 1624 ‚pr-aeterea?
381 1570 516 1612 fuisse
543 1570 788 1628 complures
819 1581 1022 1613 armatos.
1085 1572 1205 1618 Quid
1236 1572 1380 1614 aliud?
1422 1573 1562 1614 mina-

110 1635 203 1668 tum
224 1641 318 1670 esse
338 1627 570 1670 AEbutium
592 1628 800 1670 Caecinae.
840 1629 960 1676 Quid
982 1643 1066 1685 ego
1087 1629 1141 1671 de
1163 1629 1247 1671 hoc
1271 1640 1379 1671 teste
1400 1630 1559 1681 dicam,

108 1684 192 1726 nisi
215 1685 315 1738 hoc,
335 1696 672 1743 recuperatoreS,
693 1689 735 1719 24
747 1696 796 1728 ut
826 1686 990 1728 idcirco
1013 1701 1101 1728 non
1133 1687 1274 1728 minus
1296 1688 1335 1728 ei
1359 1688 1559 1740 credatis,

105 1743 227 1797 quod
248 1744 381 1786 homo
403 1745 546 1786 minus
567 1745 747 1786 idoneus
769 1744 979 1787 habetur:
1003 1745 1076 1786 sed
1099 1745 1196 1786 ideo
1218 1745 1417 1797 credatis,
1440 1746 1557 1802 quod

104 1813 165 1841 ‚ex
186 1800 259 1843 illa
280 1809 403 1858 parte
423 1803 469 1844 id
489 1802 610 1854 dicit,
632 1802 750 1859 quod
772 1802 833 1843 illi
853 1813 997 1844 causae
1028 1803 1220 1844 maxime
1242 1814 1308 1844 est
1337 1803 1524 1845 alienum
1543 1807 1558 1845 Ξ

104 1856 164 1898 A.
188 1857 430 1912 Terentius,
460 1859 567 1902 alter
598 1863 735 1911 testis,
764 1874 854 1901 non
886 1861 1017 1901 inodo
1043 1860 1290 1912 AEbutium,
1322 1862 1394 1903 sed
1425 1862 1618 1903 etiam⁶25

105 1916 148 1947 25
159 1930 204 1957 se
226 1917 369 1973 ipsum
390 1919 549 1975 arguit.
607 1917 662 1959 In
684 1917 916 1959 AEbutium
946 1918 1031 1959 hoc
1053 1918 1175 1969 dicit,
1197 1931 1385 1960 armatos
1417 1919 1557 1960 homi-

106 1985 183 2014 nes
214 1973 372 2018 fuisse:
404 1976 458 2017 de
488 1990 532 2017 se
562 1985 706 2018 autem
738 1975 822 2017 hoe
859 1976 1094 2032 praedicat3
1126 1975 1363 2028 Antiocho,
1386 1977 1559 2019 AEbutii

105 2044 248 2083 servo,
279 2033 527 2090 imperasse,
557 2045 606 2076 ut
637 2034 680 2075 in
715 2032 939 2075 Caecinam
968 2033 1285 2085 advenientem,
1313 2049 1414 2076 cum
1443 2034 1558 2077 ferro

104 2086 345 2133 invaderet.
407 2092 526 2138 Quid
548 2091 699 2148 loquar
719 2091 902 2147 amplius
927 2091 1009 2133 hoc
1040 2092 1093 2132 de
1124 2091 1327 2134 homine?
1361 2092 1404 2133 in
1426 2107 1559 2148 quem

103 2159 189 2202 ego
211 2147 368 2200 dicere,
390 2164 490 2191 cum
522 2164 697 2207 rogarer
726 2164 753 2191 a
774 2148 967 2200 Caecina,
988 2164 1228 2205 numquam
1252 2149 1384 2202 volui,
1405 2165 1460 2191 ne
1491 2165 1560 2192 ar-

104 2218 238 2260 guere
268 2206 388 2248 illum
420 2208 480 2249 rei
511 2207 708 2264 capitalis
740 2206 930 2258 viderer3
962 2207 1016 2248 de
1044 2221 1095 2248 eo
1119 2207 1273 2248 dubito
1294 2222 1425 2259 nunc,
1449 2223 1561 2263 quo-

103 2262 236 2304 modo
258 2273 334 2306 aut
363 2265 529 2320 loquar,
550 2275 627 2307 aut
656 2277 839 2316 taceam,
860 2279 961 2306 cum
992 2265 1084 2321 ipse
1116 2265 1199 2306 hoc
1229 2265 1283 2306 de
1314 2280 1357 2306 se
1381 2266 1554 2320 juratus

102 2320 328 2376 praedicet.
391 2322 563 2365 Deinde
596 2323 645 2364 L.
679 2322 847 2365 Coelius
883 2337 972 2364 non
1010 2322 1149 2364 solum
1185 2322 1415 2364 AEbutium
1452 2332 1616 2368 cum‘26

103 2379 278 2420 armatis
301 2380 416 2423 dixit
437 2380 569 2422 fuisse
591 2380 901 2437 compluribus,
924 2395 1072 2422 verum
1092 2381 1223 2422 etiam
1246 2395 1342 2422 cum
1367 2380 1552 2423 advoca-

103 2437 159 2479 tis
194 2439 422 2495 perpaucis
452 2454 504 2480 eo
526 2440 694 2480 venisse
717 2438 957 2480 Caec'mam.
1019 2437 1087 2480 De
1118 2438 1202 2479 hoc
1233 2452 1317 2495 ego
1341 2448 1449 2479 teste
1479 2439 1552 2480 de-
1569 2442 1638 2492 10

101 2495 299 2550 traham3
330 2497 402 2538 cui
438 2511 563 2554 aeque
597 2507 727 2553 atque
762 2510 859 2537 meo
895 2496 996 2537 testi
1028 2507 1078 2538 ut
1112 2496 1313 2548 credatis,
1347 2496 1551 2553 postulo?

146 2655 187 2685 22
209 2654 382 2686 interdixit
407 2654 481 2694 &c.]
509 2654 574 2686 Hic
599 2655 715 2696 legant
737 2659 807 2684 stu·
849 2657 888 2684 ut
915 2663 956 2685 ne
979 2654 1100 2685 ideirco
1129 2654 1261 2684 minue:
1293 2653 1380 2694 quod
1405 2654 1555 2686 Graevius

101 2696 185 2727 diosi
207 2696 330 2728 Justin.
355 2697 440 2728 Inst.
463 2697 522 2735 lV,
542 2701 591 2730 10.
612 2704 647 2729 et
668 2698 715 2729 ibi
737 2696 808 2728 Ho-
851 2706 920 2727 non
944 2697 1031 2728 male
1055 2696 1207 2738 praefert:
1231 2702 1283 2727 est
1304 2697 1396 2728 enim
1423 2697 1556 2737 elegan-

101 2744 304 2770 tomannum
318 2747 353 2775 et
367 2739 552 2781 Cujacium.
851 2740 929 2770 tius.

143 2784 184 2813 23
209 2781 402 2813 Restitaisse
429 2793 473 2819 se,
497 2783 597 2823 datie]
625 2782 691 2814 vid.
711 2782 804 2815 elav.
891 2784 932 2813 ⁶25
953 2791 987 2812 se
1007 2782 1117 2822 ipsum
1129 2782 1259 2823 arguit]
1285 2781 1351 2813 Ms.
1369 2781 1441 2812 Erf.
1463 2781 1561 2814 addit

99 2824 135 2855 in
150 2824 182 2855 h.
199 2835 228 2854 v.
245 2834 279 2855 n.
296 2826 333 2865 ἐὰν
344 2834 463 2865 nempe
482 2825 567 2857 idem
581 2833 634 2858 est
655 2836 711 2858 ac:
735 2835 805 2856 non
837 2823 1019 2865 facinoris,
1055 2824 1143 2865 quod
1176 2829 1213 2855 et
1240 2825 1388 2861 Gravius
1420 2825 1556 2866 recepit.

100 2866 205 2907 dejeci
220 2877 278 2907 per
293 2867 370 2904 vim.
849 2867 922 2908 Ego
937 2867 1082 2909 glossam
1095 2876 1164 2901 esse
1178 2871 1273 2909 pusso.

142 2911 184 2941 24
205 2914 244 2940 ut
263 2910 383 2942 idcirco
406 2920 471 2942 non
495 2909 618 2952 minus]
644 2910 710 2944 Ms.
732 2911 803 2943 Erf.

161 2966 272 2994 vm„
307 2967 362 2995 11.
791 2968 822 2997 H
846 2953 878 2996 h
