1907 3231
289 97 361 132 138
813 95 882 132 IN
919 94 1195 134 VERREM

176 222 207 252 p.
222 211 271 242 36.
287 198 389 238 bas?
420 197 504 238 fuit
527 197 609 239 ulla
631 198 843 254 cupiditas
867 207 999 250 tanta,
1021 215 1116 255 quae
1144 207 1307 240 tantam
1330 196 1624 251 exstingueret
1653 208 1716 237 re-

243 254 519 310 a·ligi011em?
550 264 607 306 et,
630 256 664 296 si
695 266 786 297 tum
815 256 909 296 haec
939 270 1025 296 non
1047 256 1284 311 cogitabas,
1315 268 1368 293 ne
1396 267 1510 293 nunc
1542 252 1715 307 quidem

286 312 534 362 recordaris,
557 313 719 354 nullum
747 327 837 353 esse
868 320 1035 353 tantum
1065 313 1240 363 malum,
1262 310 1377 366 quod
1407 325 1493 350 non
1525 309 1604 350 tibi
1635 323 1712 364 pro

206 364 274 417 19
287 368 513 410 sceleribus
546 369 628 410 tuis
653 369 819 424 jamdiu
852 369 1084 410 debeatur?
1118 368 1167 409 In
1190 368 1339 409 Asiam
1365 381 1464 407 vero
1487 376 1716 422 postquam

222 435 273 468 -19
287 426 416 477 venit,
439 426 539 481 quid
563 441 644 481 ego
667 426 874 467 adventus
904 426 1026 466 istius
1055 426 1244 481 prandia,
1267 439 1429 475 coenaS,
1452 438 1599 478 equos,
1622 437 1715 462 mu-

284 497 469 538 neraque
501 485 861 524 commemorem?
905 481 1027 524 Nihil
1065 497 1164 523 cum
1198 482 1327 522 Verre
1365 481 1417 520 de
1454 478 1716 535 quotidianis

280 540 531 580 criminibus
563 550 733 580 aeturus
767 553 875 579 sum.
936 539 1049 580 Chio
1071 538 1254 594 pervim
1285 538 1409 593 signa
1429 535 1716 592 pulcherrima

279 596 378 638 dico
417 596 666 637 abstulisse:
700 596 802 636 item
837 594 1048 651 Erythris,
1084 604 1128 636 et
1163 594 1479 635 Halicarnasso.
1538 593 1713 634 Tenedo

278 657 506 723 (praetereo
529 653 770 708 pecuniam,
793 667 919 708 quam
944 653 1119 708 eripuit)
1142 651 1303 692 Tenem
1324 651 1479 706 ipsum,
1503 651 1575 705 qui
1598 650 1712 704 apud

277 710 305 750 'l
316 710 488 750 enedios
510 709 800 751 sanctissimus
827 709 943 750 Deus
965 709 1161 760 habetur,
1185 709 1257 763 qui
1289 709 1438 748 urbem
1465 707 1580 748 illam
1603 706 1710 747 diei-

279 776 347 808 tur
369 766 626 818 condidisse,
648 767 771 822 cujus
794 781 847 807 ex
870 767 1045 808 nomine
1067 766 1262 807 Tenedus
1292 765 1561 817 nominatur3
1595 763 1719 805 hunc·

279 824 436 922 gisum,
468 824 658 879 inquam,
683 824 858 875 Tenem,
891 824 1175 880 pulcherrime
1205 822 1382 872 factum,
1413 836 1541 877 quem
1570 835 1709 876 quon-

309 896 377 922 am
397 882 490 922 40in
512 882 689 922 comitio
712 881 892 932 vidistis,
915 881 1093 922 abstulit
1113 895 1271 936 magno
1294 894 1392 920 cum
1415 878 1578 935 gemitu
1602 878 1708 919 civi-

218 939 398 979 50'tatis:
455 938 534 979 Illa
555 953 655 979 vero
677 938 943 994 expugnatio
965 937 1053 979 fani
1076 937 1362 992 antiquissimi
1386 947 1429 976 et
1450 934 1708 977 nobilissimi

277 994 463 1037 Junonis
494 995 666 1047 Samiae,
689 1010 817 1051 quain
849 995 1044 1036 luctuosa
1074 995 1228 1036 Samiis
1258 993 1367 1035 fuit?
1398 1008 1526 1049 quam
1556 992 1712 1033 acerba

278 1053 358 1093 toti
381 1052 525 1094 Asiae?
556 1067 684 1108 quam
707 1052 820 1093 clara
843 1052 955 1107 apud
978 1055 1154 1094 omnes?
1185 1065 1313 1106 quam
1335 1050 1496 1091 nemini
1521 1048 1712 1090 vestrum

275 1109 494 1151 inaudita?
522 1110 576 1150 de
598 1125 683 1164 qua
703 1109 1026 1165 expugnatione
1051 1123 1148 1149 cum
1179 1107 1309 1164 legati
1340 1107 1392 1148 ad
1415 1107 1466 1148 C.
1491 1107 1710 1148 Neronem

276 1167 319 1207 in
350 1165 498 1207 Asiam
538 1167 667 1208 Samo
706 1167 944 1218 venissent,
980 1180 1230 1222 responsum
1261 1164 1462 1214 tulerunt,
1495 1163 1710 1218 ejusmodi

275 1224 578 1279 querimonias,
599 1227 636 1254 4¹
652 1239 746 1279 quae
770 1225 822 1265 ad
845 1223 1034 1279 legatum
1057 1223 1204 1278 populi
1227 1221 1413 1263 Romani
1433 1222 1710 1277 pertinerent,

274 1295 359 1322 non
383 1280 436 1322 asl
461 1291 701 1336 praetorem,
724 1282 794 1321 sed
820 1280 1005 1322 Romam
1027 1280 1181 1321 deferri
1209 1288 1420 1335 oportere.
1481 1280 1521 1309 42
1537 1278 1636 1324 Qua
1657 1277 1711 1318 de

270 1353 319 1379 ‘re
342 1338 649 1380 Charidemum
681 1337 841 1380 Chium
872 1338 1166 1379 testimonium
1198 1337 1338 1393 priore
1367 1335 1538 1376 actione
1567 1334 1709 1375 dicere

274 1396 477 1439 audistis:
510 1410 613 1447 sese,
645 1410 743 1436 cum
777 1404 887 1436 esset
922 1394 1191 1445 trierarchus,
1225 1403 1268 1434 et
1300 1393 1477 1433 Verrem
1514 1407 1569 1432 ex
1603 1390 1710 1432 Asia.

273 1452 552 1494 decedentem
573 1462 913 1509 prosequeretur,
938 1452 1063 1507 jussu
1088 1450 1325 1493 Dolabella}
1349 1449 1480 1490 fuisse
1502 1463 1586 1490 una
1608 1463 1707 1489 cum

271 1511 356 1551 isto
379 1510 520 1552 Sami:
553 1524 727 1565 seseque
747 1519 835 1550 tum
861 1510 968 1550 scire
990 1509 1218 1565 spoliatum
1242 1522 1332 1548 esse
1351 1506 1498 1547 fanum
1519 1505 1707 1548 Junonis

271 1577 314 1608 et
346 1568 554 1624 oppidum
596 1567 797 1608 Samum:
832 1576 1064 1622 posteaque
1107 1581 1150 1606 se
1191 1579 1362 1606 causam
1404 1564 1517 1619 apud
1552 1562 1703 1614 Chios,

270 1625 385 1666 cives
405 1640 518 1676 suos,
539 1624 693 1666 Samiis
715 1624 1031 1674 accusantibus,
1051 1626 1089 1654 43
1102 1622 1273 1679 publice
1294 1621 1478 1662 dixisse:
1502 1634 1639 1675 eoque
1661 1634 1705 1660 se

270 1696 361 1723 esse
383 1682 641 1733 absolutum,
663 1681 779 1736 quod
801 1680 975 1737 planum
997 1681 1182 1731 fecisset,
1205 1694 1268 1730 ea,
1291 1692 1388 1734 quae
1411 1677 1542 1733 legati
1565 1677 1705 1718 Sami-

270 1754 394 1780 orum
432 1739 637 1789 dicerent,
675 1738 727 1779 ad
761 1738 949 1788 Verrem,
987 1753 1074 1778 non
1112 1738 1164 1778 ad
1199 1751 1256 1787 se,
1295 1735 1521 1792 pertinere.
1584 1734 1703 1781 Quas

271 1796 352 1837 iste
375 1796 539 1837 tabulas
561 1796 692 1845 illinc,
715 1810 811 1850 quae
835 1795 958 1851 signa
980 1794 1177 1836 sustulit?
1202 1809 1298 1849 quae
1320 1792 1508 1849 cognovi
1530 1800 1704 1847 egomet

272 1854 386 1910 apud
408 1854 538 1894 istum
560 1854 604 1894 in
635 1852 800 1893 aedibus
821 1866 970 1908 nuper,
993 1867 1090 1893 cum
1114 1851 1371 1907 obsignandi
1403 1849 1542 1906 gratia
1565 1848 1703 1889 venis-

209 1915 255 1951 5‘1
272 1926 375 1952 sem.
437 1912 548 1958 Quae
579 1910 703 1966 signa
725 1924 853 1961 nunc,
876 1909 1043 1960 Verres,
1066 1909 1139 1950 ubi
1172 1910 1296 1949 sunt?
1328 1907 1400 1948 illa
1419 1921 1580 1962 quaero,
1603 1920 1700 1961 quae

268 1968 382 2025 apud
405 1976 446 2010 te
474 1982 611 2025 nuper
640 1967 692 2008 ad
716 1981 863 2008 omnes
885 1966 1120 2017 columnas,
1143 1966 1342 2007 omnibus
1365 1964 1494 2005 etiam
1516 1964 1702 2004 interco-

305 2085 346 2113 40
368 2084 404 2114 in
429 2082 568 2122 comitio]
599 2081 727 2122 Nempe
749 2081 882 2111 inludis
898 2081 958 2111 eir-

263 2126 425 2162 censibus,
457 2125 572 2164 quibus
600 2125 706 2154 sorum
733 2127 768 2153 et
795 2124 867 2160 viae,
895 2133 958 2162 qua

262 2177 382 2208 pompa
403 2169 484 2204 ibat,
505 2166 708 2197 ornabantur
729 2166 841 2205 signis,
865 2165 959 2195 undi-

262 2220 337 2248 que,
358 2211 457 2241 etiam
485 2219 502 2239 e
525 2208 750 2239 remotissimis
770 2207 957 2247 provinciis,

262 2252 475 2292 comportatis
501 2251 698 2281 ornabatur:
735 2249 819 2280 unde
838 2248 960 2289 ιἰὸνιιυι

259 2299 415 2325 ornatum
428 2298 477 2324 est
489 2294 588 2323 etiam
602 2292 688 2333 apud
701 2297 863 2327 nostrum,
879 2291 958 2321 item

249 2334 370 2374 „lin-um
412 2337 641 2375 comitiumque
681 2335 891 2365 adornatum.
930 2344 958 2363 v.

259 2378 351 2409 (lav.
366 2378 534 2418 injbrztm.

283 2423 336 2451 ’41
363 2430 432 2461 quoe
453 2422 497 2451 acl
520 2422 664 2458 legatum
688 2428 722 2458 p.
750 2418 793 2448 R.
814 2419 958 2457 pertine⁴

257 2462 346 2502 rent]
385 2463 494 2493 Etiam
524 2461 622 2501 legati
658 2461 895 2500 imperatorum
924 2460 957 2490 in

257 2505 466 2540 exercitibus,
499 2511 533 2534 et
570 2503 819 2543 provincialium
855 2503 958 2541 magi-

258 2551 434 2582 stratuum,
461 2547 560 2585 legati
585 2544 698 2585 populi
724 2545 763 2574 R.
790 2544 958 2581 dicuntur,

258 2593 295 2617 ut
322 2589 393 2620 aliis
418 2589 506 2619 locis.
553 2588 643 2617 Infra
666 2597 688 2616 e
719 2590 770 2616 31.
815 2586 867 2617 De
894 2585 956 2616 hoc

257 2630 366 2668 legato
388 2640 581 2670 cognoscere
607 2629 696 2658 Nero
723 2638 789 2658 non
813 2633 956 2668 poterat,

255 2673 331 2711 quia
354 2683 420 2702 non
440 2677 510 2702 erat
535 2672 662 2710 legatus
687 2671 800 2710 ipsum,
826 2677 860 2700 et
881 2676 956 2699 tan-

254 2721 328 2744 1um
353 2725 410 2755 per
431 2725 522 2744 suam
546 2713 748 2754 provinciam
774 2713 838 2742 iter
860 2712 956 2742 faeie-

255 2756 323 2786 b'at.

296 2801 338 2828 4⁶3
360 2798 438 2838 Qua
453 2798 491 2827 cle
507 2807 540 2826 re
559 2796 897 2827 Charidemum—uon
911 2795 956 2824 ad

253 2845 286 2870 sk
313 2840 494 2881 pertinere]
533 2839 613 2869 Haec
640 2839 674 2868 in
704 2838 855 2867 omnibus
884 2836 954 2867 edd.

1002 2085 1079 2111 sunt
1100 2080 1134 2110 in
1148 2090 1176 2110 c.
1192 2082 1243 2111 ⁶20.
1266 2078 1439 2119 principio,
1455 2082 1529 2118 post
1542 2077 1640 2107 verba
1654 2086 1700 2108 se·

1002 2127 1183 2162 cloremque
1191 2131 1357 2162 pugnare.
1389 2121 1437 2150 Ea
1450 2121 1515 2150 huc
1529 2119 1699 2156 transtuli,

1001 2166 1076 2204 quia
1090 2165 1262 2195 manifeste
1284 2163 1453 2204 pertinent
1473 2162 1513 2193 ad
1533 2161 1700 2201 spoliatio-

1003 2217 1077 2237 nem
1101 2211 1232 2237 tanturn
1255 2205 1384 2245 templi,
1405 2214 1464 2235 nec
1488 2204 1546 2234 illo
1570 2204 1605 2234 in
1629 2203 1701 2233 loeo

1003 2260 1079 2279 cum
1097 2247 1363 2279 antecedentibus
1379 2247 1555 2277 cohaerent.
1600 2246 1700 2285 Spero

1004 2301 1055 2321 ine
1069 2291 1153 2321 hane
1162 2289 1450 2330 transpositionem
1460 2288 1612 2318 omnibus
1626 2297 1700 2328 pro·

1003 2333 1157 2363 baturuin
1170 2345 1176 2362 :
1193 2333 1368 2371 mirorque,
1385 2331 1549 2361 neminem
1564 2329 1617 2360 hic
1632 2329 1699 2360 hae-

1003 2376 1091 2405 sisse.

1043 2420 1084 2448 43
1101 2417 1230 2456 publice
1250 2414 1380 2454 dixisse]
1407 2414 1474 2445 Cur
1494 2414 1624 2453 publice
1649 2412 1698 2442 di-

1000 2459 1051 2489 xit
1079 2459 1248 2489 caussam?
1287 2458 1392 2487 Immo
1421 2456 1575 2497 privatim
1603 2455 1698 2492 dixit,

1003 2511 1080 2531 nani
1104 2501 1170 2541 ipse
1192 2500 1272 2530 furti
1294 2509 1366 2529 rcus
1389 2499 1494 2529 factus
1515 2505 1597 2528 erat.
1641 2497 1702 2526 Su-

1002 2547 1150 2582 spectum
1167 2542 1246 2572 mihi
1263 2541 1325 2571 fuit
1342 2550 1469 2581 semper
1482 2540 1628 2569 verbum.
1665 2539 1699 2568 Si

1000 2592 1049 2615 ost
1073 2596 1092 2614 a
1107 2585 1276 2620 Cicerone,
1292 2583 1332 2613 ad
1346 2581 1575 2613 antecedentia
1597 2580 1699 2621 perti-

1001 2633 1071 2663 net,
1097 2627 1136 2656 ad
1161 2626 1397 2656 accusantibus,
1441 2624 1626 2655 Samiorum
1654 2623 1700 2652 le-

1000 2669 1067 2707 gati
1105 2680 1122 2697 e
1157 2668 1287 2698 decreto
1323 2667 1465 2697 civitatis
1501 2669 1697 2695 accusarunt

1001 2711 1244 2741 Charidemum.
1288 2710 1403 2748 Itaque
1433 2710 1477 2738 sic
1508 2707 1697 2748 interpunxi

996 2753 1119 2792 potius,
1148 2763 1246 2791 quam
1275 2752 1409 2782 verbum
1439 2751 1546 2790 ipsum
1578 2749 1696 2784 delevi,

999 2794 1084 2833 quod
1107 2799 1155 2825 est
1179 2795 1213 2825 in
1235 2794 1389 2825 omuibus
1410 2792 1513 2830 libris,
1528 2801 1588 2823 nec
1611 2791 1697 2832 glos-

1000 2847 1068 2867 sam
1086 2837 1182 2877 sapit.
