1907 3231
341 125 418 171 490
895 132 1147 176 ORATIO

339 235 400 276 mi
439 235 605 291 civitas,
637 240 954 281 nbn'omnibus
987 239 1194 296 patriciiS,
1231 234 1432 281 omnibus
1460 239 1770 295 antiquissimis

255 291 508 335 IOQcivibus
544 295 695 351 possit.
757 296 868 338 Nam
907 297 959 337 ad
990 299 1101 337 hanc
1134 296 1308 352 quidem
1340 311 1512 338 causam
1544 297 1652 338 nihil
1676 297 1771 339 rhoc

339 351 609 406 pertinuisse,
641 353 827 409 primum
848 368 902 394 ex
935 367 987 393 eo
1010 352 1192 409 intelligi
1214 363 1371 409 potest,
1393 355 1509 410 quod
1533 369 1611 395 vos
1635 369 1687 395 ea
1709 355 1770 395 >de

336 408 591 463 rejudicare
614 425 697 451 non
721 410 911 451 debetis:
943 410 1098 451 deinde
1119 413 1233 465 quod
1255 411 1371 452 Sulla
1392 413 1483 468 ipse
1514 412 1575 452 ita
1597 412 1696 452 tulit
1716 412 1769 452 de

335 465 527 516 civitate,
551 475 598 507 ut
631 481 716 507 non
752 465 970 506 sustulerit
1005 467 1158 508 horum
1191 481 1304 509 nexa
1334 479 1463 524 atque
1495 469 1768 510 hereditates.

328 521 459 577 jubet
479 524 592 564 enim
613 524 762 564 eodem
779 523 880 578 jure
900 537 1005 574 esse,
1027 539 1113 579 quo
1136 524 1295 565 fuerint
1314 525 1629 567 Ariminenses:
1661 540 1768 581 quos

331 580 430 634 quis
449 581 618 636 ignorat
639 580 866 620 duodecim
887 580 1153 622 coloniarum
1184 581 1330 632 fuisse,
1351 591 1394 623 et
1417 586 1435 614 5
1449 599 1474 624 a
1493 583 1654 640 populo
1679 582 1769 623 Ro-

331 650 463 677 mano
493 636 748 677 hereditates
771 650 923 692 capere
945 639 1159 693 potuisse?
1191 639 1360 686 Quodsi
1389 640 1519 681 adimi
1537 641 1690 684 civitas
1712 639 1766 680 A.

333 693 525 734 Caecinae
547 693 640 748 lege
663 694 886 749 potuisset,
910 695 1047 751 magis
1080 696 1195 737 illam
1218 697 1426 737 rationem
1454 706 1594 738 tamen
1617 711 1766 738 omnes

334 750 437 790 boni
474 765 776 806 quaere1·emuS,
814 754 1176 807 quemadmodum
1210 754 1572 810 spectatissimum
1605 755 1768 810 puden-

333 807 633 863 tissimumque
675 808 908 860 hominem,
952 825 1119 852 summo
1159 811 1354 861 consilio,
1391 826 1558 852 summa
1592 812 1767 861 virtute,

334 878 501 905 summa
532 866 790 907 auctoritate
821 867 1058 909 domestica
1094 869 1339 924 praeditum,
1371 868 1565 909 levatum
1595 868 1767 925 injuria,

195 921 471 966 r·305-civem
496 923 676 964 retinere
698 938 934 980 possemus,
966 940 1095 980 quam
1117 926 1178 966 uti
1203 941 1330 976 nunc,
1353 940 1452 966 cum
1473 925 1639 980 dejure
1658 926 1766 966 civi-

290 977 321 997 ²·
334 980 433 1020 tatis
462 980 570 1021 nihil
598 981 789 1036 potuerit
819 981 1064 1037 deperdere,
1096 983 1323 1038 quisquam
1356 983 1551 1033 exsistat,
1574 983 1655 1023 nisi
1686 982 1764 1034 tui,

332 1036 479 1088 Sexte,
502 1038 651 1078 similis
671 1048 714 1079 et
743 1039 925 1079 stultitia
947 1049 990 1079 et
1012 1040 1293 1096 impudentia,
1324 1041 1397 1095 qui
1422 1040 1765 1081 liuic'civitatem

245 1089 318 1123 103
332 1095 543 1136 ademtam
565 1109 657 1136 esse
677 1096 807 1136 dicat.
848 1097 938 1143 Qui
957 1098 1176 1151 quoniam,
1199 1107 1531 1153 recuperatoreS‚
1553 1112 1674 1138 suum
1693 1097 1765 1152 jus

330 1166 417 1192 non
452 1153 654 1203 deseruit,
686 1167 824 1207 neque
855 1154 1088 1208 quicquam
1124 1154 1236 1195 illius
1268 1154 1459 1195 audaeiae
1494 1154 1767 1211 petulantiae-—

234 1216 237 1218 '
328 1223 411 1263 que
434 1210 697 1262 6concessit3
728 1211 1086 1266 derelinquojam
1116 1226 1389 1252 communem
1411 1226 1598 1261 causam,
1625 1227 1742 1268 popu

245 1251 443 1321 ssfilique
466 1266 652 1308 Romani
668 1268 742 1323 jus
767 1268 808 1308 in
832 1278 969 1309 vestra
990 1269 1073 1309 fide
1092 1285 1142 1310 ac
1164 1269 1372 1325 religione
1393 1269 1577 1325 depono.
1622 1269 1664 1310 Is
1689 1273 1764 1310 lio-

327 1338 400 1365 mo
421 1324 481 1365 ita
502 1339 544 1365 se
567 1325 797 1381 probatum
821 1326 943 1367 vobis
964 1328 1178 1382 vestrique
1198 1327 1410 1368 similibus
1429 1337 1594 1382 semper
1613 1326 1765 1377 voluit,

327 1391 375 1423 ut
397 1382 439 1422 id
474 1396 558 1422 non
590 1383 731 1423 minus
767 1383 809 1424 in
844 1383 924 1424 hac
946 1398 1076 1424 causa
1097 1384 1350 1434 7laborarit,
1381 1398 1462 1425 nec
1493 1383 1766 1425 contenderit

323 1439 457 1489 aliud,
478 1455 605 1495 quam
631 1455 682 1481 ne
698 1441 772 1495 jus
795 1455 918 1481 suum
941 1440 1148 1482 dissolute
1170 1441 1407 1495 relinquere
1433 1441 1664 1491 videretur,
1685 1455 1765 1481 nec

325 1497 467 1537 minus
491 1506 720 1549 vereretur,
740 1512 795 1539 ne
817 1506 1092 1539 contemnere
1114 1498 1360 1549 AEbutium,
1381 1513 1511 1553 quam
1530 1512 1583 1538 ne
1606 1501 1624 1529 8
1639 1499 1693 1539 ab
1711 1510 1763 1539 eo

325 1563 569 1594 contemtus
591 1569 682 1596 esse
701 1564 1036 1596 exrstlmaretur.

238 1607 314 1640 104
385 1612 661 1667 Quapropter
683 1612 714 1652 si
740 1611 843 1666 quid
872 1620 997 1653 extra
1011 1611 1228 1666 judicium
1251 1620 1328 1663 est,
1351 1612 1466 1667 quod
1487 1611 1654 1652 homini
1690 1611 1765 1652 tri-

325 1668 543 1709 buendum
578 1669 657 1710 sit:
690 1668 858 1709 habetis
898 1669 1118 1710 hominem
1152 1669 1356 1725 singulari
1391 1669 1569 1725 pudore,
1603 1669 1762 1710 virtute

323 1725 516 1781 cognita,
538 1735 580 1766 et
604 1734 797 1782 spectata
819 1725 917 1776 fide,
951 1727 1256 1783 9amplissi1nis
1279 1727 1380 1767 viris
1408 1726 1590 1767 Etruriae
1613 1727 1762 1778 totius,

321 1782 366 1822 in
389 1792 569 1838 utraque
591 1783 764 1824 fortuna
786 1784 1012 1839 cognitum
1034 1783 1181 1824 multis
1205 1784 1340 1840 signis
1362 1792 1406 1823 et
1427 1783 1598 1824 virtutis
1621 1793 1664 1824 et
1685 1784 1764 1824 hu-

319 1840 557 1882 manitatis.
620 1840 665 1882 Si
689 1841 792 1897 quid
816 1841 858 1882 in
883 1841 1101 1883 contraria
1124 1851 1246 1898 parte
1272 1842 1316 1883 in
1343 1841 1520 1882 homine
1543 1840 1765 1882 offenden-

360 2008 379 2036 5
395 2015 424 2036 α
444 2007 564 2045 populo
595 2005 703 2045 Rom]
752 2006 791 2036 In
826 2005 911 2036 libro
939 2005 1018 2037 Ant.
1062 2004 1256 2037 Lambinus.
1301 2005 1442 2036 Modum
1457 2004 1610 2045 loquendi
1634 2005 1764 2036 Cicero·

316 2048 493 2088 Augustini
522 2058 579 2089 per
602 2055 698 2079 notas
719 2048 758 2079 A.
781 2049 817 2079 C.
840 2048 879 2079 R.
907 2059 928 2078 α
953 2049 1020 2078 cive
1063 2049 1113 2079 nis
1137 2049 1323 2088 elegantem
1347 2048 1382 2078 in
1402 2048 1572 2088 particulis
1595 2048 1642 2077 ita
1668 2055 1701 2078 et
1725 2052 1764 2078 ut

315 2090 413 2122 Rom.
436 2091 511 2120 fuit.
532 2091 626 2121 bene.
654 2100 730 2121 nam
757 2091 802 2121 sic
823 2100 952 2131 semper
972 2090 1019 2120 lo·
1063 2100 1129 2120 non
1146 2091 1283 2121 asset-uti
1295 2095 1384 2120 sunt.
1399 2101 1429 2119 v.
1442 2090 1532 2121 Clav.
1547 2091 1581 2120 in
1594 2090 1660 2120 Ila.
1683 2091 1763 2120 Sen-

317 2138 466 2172 quuntur
480 2133 591 2163 Latini
603 2132 712 2163 dehac
725 2143 768 2163 re.
802 2133 885 2164 Eam
904 2138 1016 2162 notam
1061 2142 1115 2163 sus
1130 2138 1195 2163 cst:
1220 2132 1325 2162 voluit
1348 2133 1477 2172 quidem
1501 2141 1631 2172 semper
1643 2132 1762 2172 proba-

318 2175 475 2215 repererit
490 2185 617 2205 necesse
630 2179 681 2204 est
695 2180 729 2205 et
739 2175 907 2215 Angelius.
931 2175 1019 2205 Nam
1061 2179 1115 2205 tus
1140 2185 1222 2211 esse,
1237 2175 1293 2204 sed
1314 2175 1463 2215 inprimis
1478 2175 1593 2211 etiam,
1608 2183 1676 2204 non
1699 2174 1761 2205 mi-

316 2217 418 2247 edidit
441 2227 462 2247 α
484 2218 616 2248 civitate
639 2217 733 2247 Rom.
748 2218 835 2248 Tum
860 2227 920 2256 pro
935 2227 1018 2257 pru·
1062 2226 1125 2247 nus
1142 2218 1174 2246 in
1190 2217 1251 2247 hae
1267 2227 1392 2248 caussa.

315 2260 541 2290 (lentissimum
562 2269 638 2289 cum
663 2259 825 2290 Lambino
846 2259 931 2290 edidi
950 2269 1014 2299 pu-
1100 2263 1118 2290 8
1141 2260 1182 2289 ab
1203 2270 1237 2289 eo
1258 2259 1452 2299 contemtus]
1474 2257 1558 2289 Edd.
1580 2267 1630 2299 pr.
1650 2258 1689 2288 de
1712 2268 1757 2288 eo.

314 2302 560 2332 densissimum:
587 2311 665 2332 nam
694 2302 870 2342 prudentia
898 2303 1012 2332 statim
1056 2301 1223 2332 itemMss.
1235 2301 1383 2332 restituit
1393 2301 1552 2338 Graevius,
1567 2310 1644 2330 usus
1654 2300 1757 2332 etiam

315 2348 594 2374 commemoratur
603 2344 792 2384 separatim.
807 2350 840 2375 et
853 2350 927 2385 post
943 2345 1014 2375 Cae-
1056 2344 1226 2384 exemplis,
1242 2343 1296 2373 sed
1312 2353 1378 2374 non
1394 2342 1529 2374 idoneis.
1573 2342 1652 2372 Non
1667 2351 1756 2382 quae·

315 2386 399 2416 cinae
413 2396 561 2416 summus
576 2386 681 2426 pudor
694 2387 864 2417 tribuitur.
1056 2387 1152 2422 ritur,
1168 2395 1210 2416 an
1234 2386 1273 2415 de
1292 2385 1460 2416 interdum
1483 2394 1558 2415 eum
1573 2394 1596 2414 α
1618 2384 1757 2424 promis-

357 2429 376 2459 6
399 2429 564 2460 concessit:
599 2429 784 2468 derelinquo
803 2428 883 2469 jam
917 2439 944 2459 c.
971 2428 1012 2468 0.]
1059 2438 1118 2458 cue
1133 2428 1195 2458 dici
1211 2427 1325 2468 possit,
1338 2428 1394 2458 sed
1408 2437 1451 2458 an
1463 2437 1539 2457 cum
1551 2426 1674 2457 talibus
1689 2436 1760 2456 ver-

314 2470 479 2500 Excidisse
503 2470 628 2509 aliquid
651 2476 726 2510 post
744 2472 906 2507 concessit,
925 2472 1015 2511 judi—
1058 2470 1107 2501 bis
1122 2471 1268 2511 passivis,
1290 2474 1330 2499 ut
1343 2473 1522 2500 contemtus
1535 2473 1582 2499 est
1596 2472 1631 2499 et
1643 2468 1759 2499 simili-

313 2522 426 2543 cavere
450 2513 509 2543 viri
533 2513 634 2549 docti,
660 2518 740 2543 nota
761 2513 890 2544 lacunae
913 2514 1015 2544 etiam
1058 2512 1132 2543 bus:
1157 2512 1244 2552 quod
1267 2512 1360 2542 nobis
1375 2521 1441 2542 non
1464 2511 1636 2552 persuasit.
1681 2510 1760 2541 Vul-

313 2554 434 2584 addita.
465 2554 508 2584 At
520 2554 554 2584 P.
569 2554 671 2585 Faber
684 2555 818 2595 corrigit
833 2556 871 2586 de
881 2557 1013 2595 reliquo.
1058 2561 1187 2595 gamm,
1204 2554 1290 2594 quod
1304 2559 1353 2583 est
1367 2554 1407 2584 ab
1422 2553 1519 2587 Amo,
1535 2553 1744 2584 servavimus.

312 2595 422 2626 Etiam
449 2597 633 2636 derelinquo
656 2603 783 2627 rectum
805 2608 873 2629 esse
889 2603 1011 2638 potest,
1099 2601 1119 2631 9
1140 2595 1351 2637 amplissimis
1373 2597 1454 2625 viris
1469 2594 1623 2626 Etr-wrioe
1643 2595 1755 2635 totius]

312 2639 337 2667 si
353 2638 496 2668 molliori
511 2648 607 2669 sensu
627 2640 818 2679 accipiatur,
834 2650 901 2671 non
923 2640 1012 2670 dese·
1056 2639 1110 2670 Sic
1124 2638 1209 2670 edidi
1224 2650 1262 2670 ex
1277 2637 1326 2668 ed.
1339 2638 1394 2668 W.
1410 2638 1463 2668 cui
1479 2638 1646 2668 consentit
1660 2637 1756 2668 Junt.

311 2680 402 2710 rendi
422 2680 558 2718 scilicet,
574 2680 630 2711 sed
644 2681 834 2718 omittendi,
861 2691 927 2713 non
942 2692 1012 2714 am-
1057 2681 1119 2711 nisi
1133 2681 1218 2720 quod
1233 2681 1361 2712 nomine
1372 2679 1502 2710 sustuli.
1537 2680 1758 2720 Amplissimis

307 2722 396 2762 plius
415 2722 541 2760 agendi.
587 2723 666 2753 Mox
691 2723 874 2763 relinquere
896 2724 1011 2755 eodem
1055 2723 1195 2753 servavit
1223 2723 1272 2754 ed.
1294 2722 1333 2752 R.
1360 2721 1416 2752 ΒΓ.
1440 2722 1495 2752 sed
1523 2723 1605 2752 viris
1631 2723 1753 2752 omisit.

307 2764 406 2795 modo
422 2764 554 2801 dicitur,
572 2766 681 2804 itaque
699 2765 823 2796 addidit
839 2768 1003 2804 dissolute,
1046 2765 1191 2805 Vulgata
1203 2765 1332 2804 quidem
1346 2765 1586 2804 amplissimum
1600 2763 1635 2794 E
1638 2765 1753 2794 truriae

306 2811 345 2837 ut
361 2806 503 2836 deterior
518 2816 629 2836 sensus
644 2808 837 2838 efficeretur.
1048 2809 1177 2838 nomine
1192 2809 1301 2844 tatius,
1317 2815 1450 2839 sensum
1469 2816 1537 2837 non
1551 2806 1661 2837 habet.
1698 2806 1748 2837 Ea

349 2851 367 2881 7
401 2848 575 2888 laborarit]
617 2844 682 2879 {lic
719 2860 847 2889 quoque
883 2849 1007 2889 aliquid
1050 2849 1189 2881 debetur
1202 2850 1296 2882 Aldo.

304 2890 460 2922 excidisse
487 2895 689 2932 putaverunt
714 2892 950 2925 Hotomanuus
973 2897 1007 2922 et
