1907 3231
426 111 503 152 ΒΕ
530 111 676 150 LEGE
701 111 826 151 AGR.
858 82 1080 150 cONTRA
1105 110 1354 150 RULLUM.
1540 113 1616 150 εει

171 218 475 276 restrisagris
498 217 735 261 resistetis?
785 216 1014 275 'Adjungit
1037 215 1260 258 Stellatem
1289 229 1494 274 campum
1515 229 1625 272 agro

175 275 418 333 Campano,
446 285 491 317 et
511 276 555 318 in
577 290 629 317 eo
651 276 852 318 duodena
882 274 1089 321 describit
1121 274 1166 315 in
1197 274 1392 330 singulos
1423 274 1627 315 homines

163 333 338 390 jugera.
399 333 537 382 Quasi
574 348 676 376 vero
709 334 901 391 paullum
935 332 1108 376 differat
1143 346 1248 388 ager
1287 331 1537 387 Campanus
1571 345 1623 372 ac

169 391 373 434 Stellatis.

230 448 289 491 Et
308 449 560 501 multitudo,
593 449 804 502 Quirites,
835 449 1060 505 quaeritur,
1089 462 1176 504 qua
1197 446 1269 489 illa
1291 445 1439 487 omnia
1459 444 1622 501 oppida
1633 455 1686 491 36

170 507 484 564 compleantur.
546 507 662 548 Nam
694 508 787 549 dixi
815 517 956 557 antea,
985 507 1080 562 lege
1103 504 1312 562 permitti,
1342 513 1405 555 ut,
1428 517 1524 558 quae
1550 517 1622 543 ve-

171 565 256 611 lint
287 565 542 622 municipia,
582 581 688 622 quas
724 565 858 608 velint
886 575 1053 606 veteres
1091 563 1299 614 colonias,
1335 560 1501 603 colonis
1535 560 1623 600 suis

171 633 404 678 occupent.
466 623 680 665 Calenum
717 623 1005 678 municipium
1044 621 1349 678 complebunt:
1394 618 1623 660 Theanum

174 681 446 737 oppriment:
467 681 670 733 Atellam,
682 680 859 731 Cumas,
876 680 913 721 N
921 680 1108 736 capolia,
1121 679 1369 735 Pompeios,
1387 676 1623 718 Nuceriam

173 739 262 780 auis
294 739 508 795 praesidiis
538 740 811 781 devincient:
848 738 1054 780 Puteolos
1082 752 1198 787 vero,
1228 736 1302 791 qui
1325 749 1441 777 nunc
1471 734 1519 774 in
1547 748 1625 775 sua

175 805 392 853 potestate
428 806 543 849 sunt,
574 812 651 838 suo
676 797 777 852 jure
810 797 1096 849 libertateque
1125 805 1323 845 utuntur,
1356 802 1472 833 totos
1506 806 1622 832 novo

175 854 339 911 populo
374 864 506 911 atque
538 855 795 896 adventiciis
828 853 968 910 copiis
1006 853 1300 908 occupabunt.
1360 849 1484 892 Tunc
1517 849 1621 891 illud
1635 843 1706 890 32

175 912 417 969 Campanae
441 912 648 954 vexillum
672 911 875 961 coloniae,
908 909 1184 951 vehementer
1219 909 1319 950 huic
1354 908 1537 964 imperio
1569 907 1625 947 ti-

175 972 397 1022 mendum,
438 970 639 1026 5Capuae
679 985 704 1011 a
751 968 1007 1011 decemviris
1049 967 1278 1009 inferetur:
1329 975 1433 1007 tunc
1474 974 1628 1006 contra

173 1028 288 1070 hanc
322 1027 526 1079 Romam,
558 1042 836 1069 communem
868 1027 1053 1083 patriam
1087 1024 1284 1067 omnium
1315 1023 1530 1075 nostrum,
1555 1022 1626 1063 illa

176 1086 310 1129 altera
340 1085 485 1127 Roma
524 1096 756 1141 quaeretur.
818 1085 870 1126 In
904 1085 947 1126 id
986 1084 1197 1141 oppidum
1234 1083 1431 1124 homines
1474 1079 1691 1124 nefariis?

176 1143 491 1200 rempublicam
525 1154 718 1185 nostram
753 1143 984 1185 transferre
1016 1154 1244 1193 conantur,
1276 1140 1431 1196 quoin
1464 1138 1628 1195 oppido

175 1202 363 1258 majores
386 1202 516 1243 vestri
539 1202 699 1243 nullam
723 1201 902 1243 omnino
924 1199 1238 1258 rempublicam
1260 1213 1351 1240 esse
1374 1197 1631 1240 voluerunt:

177 1261 254 1316 qui
277 1269 362 1302 tres
385 1259 523 1301 solum
547 1260 672 1302 urbes
707 1261 752 1301 in
785 1261 910 1301 terris
942 1259 1160 1310 omnibus,
1187 1256 1520 1313 Karthaginem,
1543 1254 1632 1297 Co-

177 1317 388 1369 rinthum,
425 1318 622 1374 Capuam
655 1327 900 1360 statuerunt
934 1332 1059 1374 posse
1092 1315 1262 1372 imperii
1288 1315 1547 1371 gravitatem
1580 1327 1632 1354 ac

178 1391 339 1419 nomen
373 1377 598 1418 sustinere.
661 1375 819 1418 Deleta
853 1375 1081 1431 Karthago
1104 1385 1184 1424 est,
1207 1373 1324 1429 quod
1356 1387 1455 1414 cum
1491 1371 1633 1414 homi·

177 1449 285 1478 num
322 1434 477 1490 copiis,
512 1443 604 1475 tum
636 1434 730 1490 ipsa
766 1443 921 1475 natura
942 1449 992 1474 ac
1025 1433 1137 1483 loco,
1161 1432 1383 1473 succincta
1406 1431 1633 1486 portubus,

179 1500 346 1534 armata
375 1492 524 1544 muris,
556 1507 785 1533 excurrere
806 1507 860 1533 ex
884 1491 1050 1541 Africa,
1074 1491 1093 1521 6
1108 1491 1333 1531 imminere
1357 1489 1417 1529 ita
1440 1488 1633 1530 fructuo-

180 1549 359 1592 sissimis
382 1549 532 1591 insulis
565 1550 715 1607 populi
748 1549 938 1592 Romani
970 1549 1213 1590 videbatur.
1276 1546 1479 1588 Corinthi
1503 1546 1634 1586 vesti·

179 1608 303 1665 gium
335 1607 408 1650 vix
441 1608 641 1649 relictum
674 1617 753 1650 est.
777 1617 868 1650 erat
889 1607 1004 1649 enim
1038 1606 1180 1663 posita
1198 1605 1243 1646 in
1266 1604 1480 1661 angustiis
1504 1613 1635 1660 atque

182 1667 228 1708 in
261 1665 460 1708 faucibus
485 1666 674 1708 Graeciae
697 1667 774 1718 sic,
798 1677 846 1708 ut
879 1675 992 1707 terra
1024 1665 1211 1706 claustra
1236 1662 1433 1705 locorum
1454 1671 1634 1712 teneret,

180 1733 225 1766 et
246 1724 333 1766 duo
356 1724 506 1775 maria,
530 1728 547 1758 7
564 1724 756 1766 maxime
790 1723 1059 1780 navigationi
1089 1723 1273 1772 diversa,
1305 1735 1428 1778 paene
1451 1720 1636 1777 conjun-

182 1791 318 1839 geret,
354 1797 455 1824 cum
488 1783 686 1839 pertenui
716 1783 965 1824 discrimine
999 1789 1312 1838 separarentur.
1374 1779 1502 1830 Haec,
1535 1793 1634 1834 quae

182 1839 334 1898 procul
354 1849 476 1881 erant
497 1855 522 1882 a
543 1850 781 1897 conspectu
801 1840 987 1897 imperii,
1009 1855 1095 1880 non
1116 1838 1253 1880 solum
1277 1837 1543 1888 afflixerunt,
1561 1836 1634 1877 sed

181 1899 330 1949 etiam,
352 1913 406 1940 ne
435 1899 610 1954 quando
643 1909 834 1940 recreata
867 1912 1100 1953 exsurgere
1129 1907 1259 1952 atque
1281 1896 1446 1952 erigere
1469 1909 1512 1936 se
1533 1909 1634 1952 pos-

182 1965 292 2007 sent,
317 1956 526 2007 funditus,
550 1967 598 1998 ut
628 1957 737 2008 dixi,
760 1957 1038 1999 sustulerunt.
1102 1954 1171 1996 De
1194 1954 1347 2010 Capua
1366 1953 1550 1994 multum
1568 1953 1695 1994 estSS

183 2023 228 2056 et
250 2015 357 2056 8diu
378 2016 650 2058 consultum:
683 2026 859 2057 exstant
875 2015 1048 2064 litterae,
1064 2014 1273 2063 Quirites,
1296 2012 1482 2069 publicae
1501 2029 1509 2052 :
1534 2020 1635 2052 sunt

183 2073 558 2114 senatusconsulta
585 2073 823 2130 complura.
887 2073 1143 2114 Statuerunt
1173 2070 1370 2112 homines
1403 2070 1635 2126 sapientes,

183 2130 218 2173 si
241 2145 394 2187 agrum
411 2130 646 2188 Campanis
660 2132 941 2183 ademissent,
957 2131 1252 2186 magistratus,
1267 2138 1479 2178 senatum,
1493 2142 1549 2184 pu
1558 2127 1637 2168 bli-

183 2204 284 2231 cum
313 2204 368 2230 ex
400 2189 472 2230 illa
496 2190 602 2231 urbe
632 2190 861 2232 consilium
901 2189 1190 2239 sustulissent,
1224 2188 1461 2243 imaginem
1494 2186 1638 2242 reipu-
1690 2220 1693 2221 γ

183 2247 311 2289 blicae
334 2247 496 2288 nullam
523 2247 812 2303 reliquissent,
832 2248 941 2289 nihil
964 2247 1071 2299 fore,
1094 2245 1211 2302 quod
1245 2244 1442 2301 Capuam
1468 2246 1639 2286 timere-

183 2319 297 2347 mus.
366 2304 520 2362 Itaque
553 2305 636 2347 hoc
678 2306 966 2363 perscriptum
1002 2306 1046 2346 in
1087 2303 1382 2346 monumentis
1418 2302 1638 2359 yeteribus

183 2363 485 2421 reperietiS,ut
507 2373 618 2405 esset
641 2365 757 2416 urbs,
780 2379 878 2420 quae
902 2379 966 2405 res
989 2379 1076 2415 eas,
1093 2363 1250 2419 quibus
1270 2376 1372 2418 ager
1387 2361 1638 2418 Campanus

227 2491 246 2520 5
274 2488 405 2530 Capuae]
432 2489 484 2520 Sic
502 2500 519 2520 e
544 2494 654 2520 vetere
676 2490 824 2521 Turnebi
848 2490 888 2520 li·
932 2489 996 2520 bris
1014 2489 1162 2520 Graevius
1178 2488 1280 2519 edidit
1293 2491 1501 2528 separentur,
1523 2491 1562 2518 ut
1577 2486 1638 2518 ha-

182 2531 244 2562 bro
258 2532 332 2563 dedi
345 2543 405 2574 pro
419 2533 556 2572 vulgato
574 2532 701 2573 Capua,
725 2532 813 2572 quod
832 2542 887 2564 ve·
931 2533 1013 2563 bent
1039 2533 1142 2562 etiam
1166 2531 1238 2561 edd.
1266 2532 1305 2562 R.
1330 2531 1386 2561 ΒΓ.
1415 2530 1635 2561 vitiosissime.

184 2584 260 2605 rum
285 2583 354 2606 esse
378 2585 446 2606 non
471 2580 592 2616 potest.
638 2576 702 2606 Alii
738 2575 888 2616 Capuam
930 2575 1000 2606 scil.
1013 2576 1089 2615 quia
1103 2579 1137 2604 et
1152 2584 1242 2605 nunc
1256 2578 1408 2615 separata
1421 2578 1518 2604 sunt:
1543 2573 1634 2613 qnasi

184 2618 366 2657 conjecere.
409 2618 518 2649 Immo
543 2623 736 2650 constanter
762 2619 796 2649 2³72
815 2618 888 2650 'erre
931 2628 999 2649 non
1014 2622 1047 2649 ct
1064 2627 1154 2648 1111110
1176 2618 1221 2647 sic
1242 2617 1420 2657 conjuncta
1440 2617 1517 2647 sint.
1563 2616 1638 2656 Ego

185 2661 232 2691 nic
246 2661 400 2691 struitur.
932 2663 957 2691 si
982 2662 1017 2692 in
1040 2661 1131 2692 libris
1147 2660 1300 2690 omnibus
1321 2665 1406 2690 esset
1426 2664 1636 2700 separentur,

229 2702 250 2733 6
264 2703 437 2734 imminere
450 2704 513 2744 ita]
540 2703 597 2735 Ita
610 2703 691 2735 mihi
706 2704 889 2736 redundare
933 2705 1131 2743 corrigerem
1146 2707 1394 2743 separarentur.

184 2745 327 2776 videtur.
378 2747 478 2777 Secus
493 2751 544 2778 est
565 2748 601 2778 in
622 2748 836 2787 sequentibus
850 2748 889 2780 de
976 2750 994 2778 8
1018 2747 1076 2777 dito
1109 2745 1308 2785 consultum]
1345 2745 1466 2775 Putem
1494 2745 1640 2785 scriben-

186 2788 361 2820 Corintho·
934 2790 1014 2821 dum
1037 2790 1273 2827 consultatum,
1295 2798 1369 2828 quae.
1391 2788 1489 2818 verba
1518 2788 1638 2828 passim

229 2835 249 2865 ’l
273 2842 317 2862 m.
340 2832 548 2872 navigationi
563 2832 707 2873 diversa]
739 2833 825 2864 Mihi
839 2833 894 2864 hie
937 2835 972 2864 in
987 2833 1078 2863 libris
1092 2837 1173 2862 vett.
1189 2832 1450 2862 confunduntur.
1478 2831 1558 2861 Mss.
1575 2829 1641 2861 duo

186 2872 280 2905 locus
295 2874 409 2905 durior
423 2875 563 2907 videtur.
589 2876 812 2915 Mwigationi
826 2876 896 2907 olet
939 2876 1142 2912 dubitatum,
1169 2875 1256 2914 quod
1280 2874 1486 2915 praetulerim
1515 2874 1639 2913 etiam3

190 2917 272 2949 mihi
290 2918 448 2959 glossam.
493 2919 575 2952 Mox
598 2929 616 2954 e
640 2919 837 2960 quibusdam
854 2919 895 2951 11·
939 2926 1018 2958 nam
1034 2919 1102 2960 ejus
1118 2918 1226 2959 glossa
1239 2928 1307 2950 esse
1321 2921 1430 2958 potest
1445 2916 1609 2949 alterum.-
