1907 3231
350 155 421 190 114
870 155 938 192 IN
977 148 1254 193 VERREM

352 255 574 297 attendite.
595 258 635 290 37
649 256 767 299 dedit
787 258 901 300 enim
933 258 1263 314 praerogativam
1298 272 1386 300 suae
1405 257 1638 300 voluntatis
1666 256 1780 313 ejus-

289 310 340 348 9-7
354 312 484 362 modi,
507 322 554 353 ut
576 313 644 355 isti
669 329 745 369 pro
766 314 1064 371 praerogativis
1085 328 1178 355 eain
1203 314 1433 357 reddidisse
1456 314 1662 357 videatur.
1707 313 1776 356 An

350 383 419 410 me
451 369 678 411 taciturum
711 372 841 412 tantis
874 371 926 411 de
962 371 1086 411 rebus
1118 371 1467 413 existimavistis?
1497 380 1554 421 et,
1585 371 1628 412 in
1659 379 1779 413 tanto

349 425 597 482 reipublicae
628 427 1045 482 existimationisque
1079 441 1182 469 nieae
1215 428 1418 484 periculo,
1444 429 1645 483 cuiquam
1675 440 1780 470 con-

349 482 557 524 sulturum
588 485 743 539 potius,
774 499 902 539 quam
939 483 1084 524 officio
1113 494 1156 525 ct
1191 485 1391 542 dignitati
1422 487 1558 527 meae?
1590 484 1787 527 Arcessit.

347 539 455 581 alter
475 540 623 581 consul
644 541 891 596 designatus
914 540 1101 582 Siculos:
1126 542 1303 583 veniunt
1324 541 1530 592 nonnulli,
1553 549 1780 606 propterea

348 597 464 654 quod
492 597 539 638 L.
565 596 765 639 Metellus
786 606 897 638 esset
918 605 1076 654 praetor
1108 598 1148 638 in
1182 599 1340 640 Sicilia.
1363 613 1461 641 cum
1485 599 1535 640 iis
1554 607 1619 640 ata
1641 598 1778 655 loqui-

351 657 440 695 t’ur:
473 668 517 694 se
538 653 757 695 consulem
778 668 895 696 esse:
927 653 1100 695 fratrem
1123 670 1245 696 suum
1269 655 1447 697 alterum
1467 655 1657 697 Siciliam
1680 668 1780 712 pro·

353 710 537 752 vinciam
560 711 769 762 obtinere,
791 711 968 752 alterum
990 725 1079 752 esse
1101 712 1378 767 quaesiturum
1409 713 1463 754 de
1492 713 1684 769 pecuniis
1715 726 1781 754 re-

354 767 577 822 petundis:
603 767 722 809 Verri
743 783 794 810 ne
815 768 958 810 noceri
980 769 1127 825 possit,
1147 769 1290 810 multis
1310 769 1549 811 rationibus
1567 783 1658 815 esse
1680 781 1779 826 pro-

276 816 342 864 10
357 823 507 865 visum.
567 824 686 872 Quid
717 835 795 876 est,
828 840 989 882 qnaeso,
1024 824 1214 876 Metelle,
1247 826 1462 881 judicium
1492 835 1779 882 corrumpere,

292 888 341 921 28
355 880 388 921 si
412 880 494 922 hoc
516 895 601 923 non
623 885 714 925 est?
746 892 887 933 testes,
911 883 1145 939 praesertim
1177 883 1358 934 Siculos,
1382 883 1553 925 timidos
1584 883 1781 925 homines

309 936 340 966 b·
354 947 397 978 et
417 937 615 988 afflictos,
638 954 722 981 non
747 940 882 981 solum
908 939 1164 982 auctoritate
1185 940 1409 991 deterrere,
1431 939 1503 981 sed
1525 940 1654 981 etiam
1676 953 1780 982 con-

354 994 478 1035 sulari
508 1005 639 1046 metu,
661 1005 704 1037 et
734 996 914 1037 duorum
946 1005 1175 1053 praetorum
1209 999 1447 1052 potestate?
1479 997 1597 1044 Quid
1618 995 1781 1039 faceres

352 1065 430 1108 pro
469 1051 642 1094 homine
675 1053 904 1094 innocente
932 1063 981 1094 et.
1042 1054 1268 1109 ropinquo,
1299 1069 1397 1095 cum
1432 1063 1605 1110 propter
1640 1053 1782 1095 homi-

350 1123 450 1149 nem
474 1109 807 1164 perditissimum
829 1120 957 1166 atque
985 1125 1010 1151 a
1029 1110 1306 1163 ienissiinum,
1327 1112 1380 1152 de
1400 1111 1545 1152 officio
1566 1125 1617 1154 ac
1637 1109 1781 1168 digni-

353 1174 440 1206 tate
480 1165 676 1219 decedis;
707 1176 750 1208 et
787 1167 1037 1218 committis,
1079 1177 1138 1218 ut,
1160 1167 1276 1223 quod
1317 1167 1385 1209 ille
1419 1168 1604 1219 dictitat,
1635 1167 1781 1218 alicui,

289 1223 425 1278 29qni
459 1234 498 1263 te
530 1224 714 1278 ignorat,
738 1238 882 1265 verum
914 1238 1003 1265 esse
1027 1224 1247 1266 videatur?
1279 1225 1392 1267 Nam
1414 1224 1497 1266 hoc
1521 1224 1694 1266 Verrem
1715 1223 1782 1265 di-

351 1294 446 1321 cere
476 1279 665 1334 ajebant,
688 1292 730 1322 te
759 1295 845 1322 non
877 1280 981 1332 fato,
1010 1291 1056 1322 ut
1077 1291 1241 1323 ceteros
1272 1297 1326 1323 ex
1349 1292 1489 1323 vestra
1509 1281 1686 1332 familia,
1707 1280 1780 1322 sed

351 1351 481 1392 opera
503 1351 591 1387 sua,
613 1337 830 1379 consulem
859 1338 1036 1380 factum.
1100 1338 1198 1380 Duo
1223 1339 1353 1395 igitur
1375 1338 1570 1380 consules
1590 1346 1633 1380 et
1661 1352 1781 1393 quae-

350 1394 456 1434 sitor
478 1403 602 1437 erunt
624 1409 678 1436 ex
711 1395 821 1436 illius
845 1395 1077 1437 voluntate.
1139 1396 1240 1437 Non
1263 1396 1398 1437 solum
1420 1394 1691 1453 effugiemus,
1714 1394 1781 1435 in-

349 1451 457 1506 quit,
492 1450 708 1493 hominem
739 1452 782 1493 in
814 1452 1044 1508 quaerendo
1082 1453 1263 1494 nimium
1300 1453 1565 1509 diligentem,
1598 1451 1780 1493 nimium

351 1508 604 1549 servientem
635 1509 782 1564 populi
814 1510 1139 1559 existimationi,
1164 1509 1245 1550 M’.
1268 1509 1575 1551 Glabrionem:
1604 1508 1782 1550 accedet

348 1565 473 1606 nobis
496 1566 626 1606 etiam
658 1565 775 1607 illud.
835 1566 978 1608 Judex
1011 1576 1075 1608 est
1099 1567 1166 1608 M.
1191 1567 1429 1618 Caesonius,
1450 1566 1617 1623 ¹collega
1644 1565 1780 1607 nostri

349 1622 624 1674 accusatoris,
655 1622 785 1664 homo
810 1623 851 1664 in
884 1624 1008 1664 rebus
1031 1623 1280 1679 judicandis
1310 1633 1526 1679 spectatus
1557 1633 1602 1665 et
1629 1622 1781 1679 cogni-

349 1688 442 1720 tus:
476 1693 602 1734 quem
630 1680 806 1721 minime
829 1681 1032 1736 expediat
1052 1696 1142 1721 esse
1164 1681 1206 1721 in
1228 1695 1278 1722 eo
1301 1680 1494 1731 consilio,
1515 1680 1631 1736 quod
1652 1693 1782 1722 cone·

349 1749 446 1776 mur
471 1735 614 1791 aliqua
633 1736 798 1778 ratione
819 1752 1115 1794 cormmpere:
1147 1748 1372 1794 propterea
1393 1737 1508 1792 quod
1523 1738 1618 1794 jam
1639 1745 1782 1788 antea,

350 1807 450 1833 eum
478 1792 616 1848 judex
649 1794 692 1834 in
721 1793 912 1836 Juniano
943 1794 1122 1836 consilio
1157 1794 1320 1846 fuisset,
1350 1794 1643 1850 turpissimum
1675 1792 1781 1836 illud

352 1848 519 1890 facinus
541 1865 626 1891 non
650 1851 787 1892 solum
809 1851 996 1908 graviter
1018 1851 1129 1903 tulit,
1151 1852 1222 1893 sed
1246 1851 1375 1893 etiam
1398 1852 1442 1892 in
1472 1851 1660 1893 medium
1681 1865 1781 1908 pro-

291 1905 465 1953 3otulit.
500 1906 614 1949 hunc
641 1907 837 1963 judicem
871 1923 926 1949 ex
965 1908 1063 1950 Kal.
1092 1908 1270 1950 Januar.
1302 1923 1388 1950 non
1419 1908 1687 1950 habebimus.
1720 1907 1779 1954 Q.

354 1962 584 2016 Manlium,
606 1974 650 2005 et
672 1966 730 2012 Q.
750 1964 1047 2017 Cornificium,
1069 1965 1175 2007 duos
1197 1966 1484 2007 severissimos
1513 1975 1641 2022 atque
1671 1964 1781 2006 inte-

351 2021 557 2075 gerrimos
590 2021 775 2076 judices,
808 2023 922 2078 quod
959 2023 1118 2065 tribuni
1153 2023 1288 2079 plebis
1320 2034 1410 2064 tum
1440 2031 1577 2074 erunt,
1608 2021 1780 2078 judices

349 2091 435 2118 non
459 2077 729 2120 habebimus.
790 2079 839 2120 P.
862 2079 1091 2136 SulpiciuS,
1108 2079 1246 2135 judex
1270 2080 1402 2121 tristis
1424 2088 1467 2121 et
1488 2080 1668 2136 integer,
1689 2093 1782 2120 ma-

349 2134 576 2190 gistratum
599 2135 714 2177 ineat
735 2151 906 2178 necesse
927 2146 991 2178 est
1015 2137 1152 2178 Nonis
1173 2137 1402 2179 Decembr.
1423 2136 1490 2178 M.
1505 2134 1777 2193 Creperejus,

348 2205 403 2232 ex
437 2193 644 2234 acerrima
673 2193 744 2234 illa
767 2194 952 2249 equestri
984 2193 1146 2236 familia
1174 2204 1218 2236 et
1249 2194 1500 2250 disciplina3
1533 2193 1582 2235 L.
1605 2193 1781 2235 Cassius

348 2262 402 2289 ex
427 2248 603 2300 familia,
627 2260 717 2291 tum
740 2251 791 2291 ad
815 2260 975 2292 ceteras
998 2265 1077 2302 reS‚
1101 2262 1192 2292 tum
1220 2250 1273 2292 ad
1297 2250 1582 2305 judicandum
1603 2250 1782 2292 severis-

350 2306 480 2357 sima3
514 2306 596 2347 Cn.
615 2306 879 2359 Tremellius,
900 2308 1029 2351 homo
1052 2323 1217 2350 summa
1240 2307 1446 2364 religione
1467 2316 1510 2350 et
1531 2306 1779 2363 diligentia:

350 2371 432 2402 tres
456 2363 497 2404 hi
522 2362 718 2405 homines
742 2374 902 2406 veteres
927 2365 1087 2407 tribuni
1118 2365 1323 2408 militares
1344 2373 1445 2406 sunt
1473 2363 1701 2421 designati.
1723 2378 1779 2406 ex

353 2418 448 2460 Kal.
471 2419 648 2461 Januar.
678 2435 764 2462 non
791 2422 1068 2477 judicabunt.
1127 2421 1447 2465 Subsortiemur
1471 2421 1602 2462 etiam
1633 2421 1677 2462 in
1708 2420 1779 2462 M.

352 2474 518 2517 Metelli
543 2477 699 2529 locum,
721 2479 925 2534 quoniam
957 2479 992 2520 is
1022 2479 1124 2521 huic
1155 2480 1234 2536 ipsi
1258 2479 1488 2535 quaestioni
1519 2477 1780 2535 praefuturu's

349 2541 427 2572 est.
490 2533 558 2574 Ita
579 2535 812 2576 seeundum
845 2535 1060 2577 Kalendas
1081 2536 1257 2579 Januar.
1280 2544 1325 2577 et
1353 2545 1550 2592 praetore,
1573 2542 1617 2576 et
1646 2548 1781 2592 prope

289 2631 328 2647 ,ἡ
353 2598 444 2629 toto
479 2591 660 2632 consilio
698 2602 978 2644 commutato,
1008 2607 1186 2649 magnas
1217 2594 1476 2635 accusatoris
1506 2592 1659 2643 minas,
1689 2605 1781 2632 ma-

266 2652 271 2657 ’
295 2649 566 2702 'gjgnamque
582 2648 736 2701 judicii
761 2650 1127 2706 exspectationem
1147 2650 1198 2691 ad
1221 2660 1414 2692 nostrum
1435 2648 1660 2691 arbitrium
1680 2648 1779 2690 libi-

290 2719 336 2752 31
353 2703 580 2759 dinemque
603 2705 837 2746 eludemus.
888 2706 1027 2748 Nonae
1052 2717 1149 2748 sunt
1170 2707 1298 2748 hodie
1320 2706 1518 2748 Sextiles
1541 2705 1648 2748 hora
1667 2719 1781 2747 nona

242 2637 261 2669 Ρ

395 2830 431 2860 ,Π
449 2828 533 2858 dedit
544 2831 803 2869 praerogativam
817 2830 889 2872 δια]
919 2829 1027 2872 Hujus
1043 2831 1169 2862 venusti
1183 2829 1245 2862 loci
1260 2831 1512 2872 explicationem
1525 2828 1587 2861 vid.
1602 2828 1637 2862 in
1650 2828 1758 2866 Ctave,
