1907 3231
311 136 387 172 1⁴0
838 133 909 171 IN
945 131 1222 171 VERREM

198 265 230 298 p.
246 236 432 291 &signa
452 242 580 292 atque
602 244 853 277 ornamenta
871 249 926 278 ex
955 237 1022 278 his
1052 238 1228 279 urbibus
1251 236 1503 288 sustulisses,
1521 234 1621 279 haec
1647 248 1736 278 non

267 293 352 334 a-in
385 302 502 334 tuam
534 293 725 343 domum,
756 307 893 349 neque
923 294 965 334 in
995 296 1240 335 suburbana
1268 295 1517 345 amicorum,
1548 293 1620 335 sed
1645 292 1736 334 Ro-

224 347 290 394 21
309 364 421 390 mam
453 351 496 392 in
528 350 747 406 publicum
777 351 1058 406 deportasses.
1118 352 1235 397 Quid
1257 366 1338 406 ego
1360 352 1411 393 de
1435 350 1501 392 M.
1526 349 1735 391 Marcello

245 418 294 452 55
309 406 469 463 loquar,
490 409 563 462 qui
597 407 841 461 SyracusaS,
864 408 1012 448 urbem
1033 409 1361 459 ornatissimam,
1382 409 1526 464 cepit?
1556 405 1659 463 quid
1680 405 1735 447 de

309 463 356 505 L.
382 465 598 520 Scipione,
620 463 692 519 qui
727 463 880 504 bellum
915 464 958 504 in
982 463 1085 505 Asia
1115 466 1260 520 gessit,
1283 465 1646 520 Antiochumque,
1669 476 1734 504 re-

335 535 401 562 em
438 521 796 576 potentissimum,
821 521 952 562 vicit?
983 521 1084 576 quid
1117 522 1170 562 de
1200 522 1453 573 Flaminino,
1484 523 1556 577 qui
1588 533 1733 577 regem

304 535 555 634 {liilippum
577 588 620 618 ct
644 577 945 618 Macedoniam
970 578 1168 633 subegit?
1199 578 1301 633 quid
1322 580 1374 620 ‹le
1398 579 1446 620 L.
1471 578 1635 630 Paullo,
1657 577 1737 633 qui·

302 649 446 690 regem
473 635 628 675 Persen
653 634 693 674 vi
716 648 765 675 ac
788 634 944 675 virtute
966 635 1209 690 superavit?
1230 636 1332 690 quid
1351 636 1403 677 dc
1424 636 1473 676 L.
1494 635 1728 685 Mummio,

302 689 375 746 qui
408 691 555 732 urbem
587 690 915 747 pulcherrimam
947 699 1075 747 atque
1105 692 1433 744 ornatissimam,
1457 692 1732 742 Corinthum,

336 748 592 788 lenissimam
634 762 773 789 rerum
822 748 1031 799 omnium,
1073 749 1258 800 sustulit,
1301 750 1510 804 urbesque
1551 747 1732 790 Achaiae

343 805 576 860 oeotiaeque
607 804 761 846 multas
798 806 878 847 sub
920 805 1147 861 imperium
1186 806 1333 862 populi
1372 806 1557 847 Romani
1599 805 1736 848 ditio·-

298 876 483 919 nemque
520 862 773 918 subjunxit?
823 877 1005 918 quorum
1037 863 1204 915 domus,
1237 878 1335 905 cum
1374 863 1536 904 honore
1573 871 1616 904 et
1645 863 1731 904 vir-

299 928 390 961 tute
429 920 642 971 florerent,
673 919 806 976 signis
844 928 888 961 et
925 918 1080 960 tabulis
1122 920 1250 976 pictis
1287 929 1409 961 erant
1446 934 1608 962 vacuae.
1667 918 1729 961 At

298 991 399 1018 vero
421 977 569 1017 urbem
592 986 742 1027 totam,
765 976 925 1032 templa
944 977 1135 1029 deorum,
1155 992 1388 1033 omnesque
1412 976 1549 1018 Italiae
1572 984 1730 1032 partes,

238 1045 287 1080 56
303 1034 468 1075 illorum
490 1033 613 1074 (lonis
643 1049 693 1075 ac
724 1034 1014 1074 monumentis
1035 1044 1263 1075 exornatas
1286 1035 1493 1076 videmus.
1552 1034 1729 1085 Vereor,

300 1106 352 1131 ne
380 1090 475 1131 haec
507 1090 617 1131 forte
642 1090 845 1146 cuiquam
874 1090 1001 1131 nimis
1037 1091 1227 1146 antiqua,
1248 1101 1292 1132 et
1318 1092 1412 1147 jam
1440 1090 1635 1133 obsoleta
1665 1090 1731 1131 vi-

297 1149 491 1188 deantur.
514 1147 575 1187 ita
595 1148 708 1188 enim
734 1157 824 1188 tum
856 1147 1125 1203 aequabiliter
1146 1161 1294 1190 omnes
1315 1156 1436 1190 erant
1465 1146 1728 1203 hujusmodi,

297 1213 345 1245 ut
385 1204 480 1246 haec
520 1205 610 1246 laus
642 1205 815 1246 eximiae
860 1205 1030 1245 virtutis
1067 1215 1110 1246 et
1153 1206 1427 1256 innocentiae,
1462 1219 1549 1246 non
1590 1203 1727 1245 solum

295 1262 535 1313 hominum,
576 1276 724 1302 verum
764 1262 894 1303 etiam
937 1270 1177 1318 temporum
1231 1261 1401 1304 illorum
1450 1274 1542 1302 esse
1582 1261 1728 1302 videa-

295 1327 378 1360 tur.
440 1318 490 1360 P.
522 1319 742 1370 Servilius,
773 1319 837 1360 vir
869 1318 1143 1370 clarissimus,
1177 1320 1378 1362 maximis
1417 1320 1542 1361 rebus
1578 1318 1726 1374 gestis,

294 1376 438 1418 adest:
468 1376 522 1417 de
559 1385 600 1418 te
638 1377 894 1417 sententiam
931 1376 1091 1417 laturus
1120 1385 1208 1418 est:
1239 1377 1528 1433 49Olympnm
1558 1376 1614 1426 vi,
1652 1389 1732 1416 co·-

283 1433 392 1490 upiis,
427 1433 623 1484 consilio,
657 1433 814 1474 virtute
845 1434 976 1490 cepit,
1006 1434 1155 1474 urbem
1185 1434 1420 1489 antiquam,
1453 1442 1496 1474 et
1524 1431 1726 1473 omnibus

294 1491 420 1531 rebus
441 1500 613 1532 auctam
633 1499 678 1532 et
699 1498 907 1531 ornatam.
944 1490 1112 1532 Recens
1133 1493 1379 1547 exemplum
1401 1488 1622 1531 fortissimi
1645 1489 1726 1530 viri

287 1547 480 1603 profero.
517 1562 615 1589 nam
653 1557 804 1604 postea
842 1548 1045 1588 Servilius
1078 1548 1310 1604 imperator
1350 1547 1498 1604 populi
1538 1545 1726 1587 Romani

293 1604 547 1661 Olympum,
584 1605 733 1646 urbem
766 1605 970 1655 hostium,
1001 1605 1131 1661 cepit,
1163 1620 1292 1660 quam
1330 1613 1376 1646 tu
1405 1605 1449 1645 in
1483 1603 1633 1644 iisdem
1662 1602 1729 1644 lo-

291 1662 356 1704 cis
378 1662 543 1719 legatus
565 1662 821 1717 quaestorius
843 1662 1003 1718 oppida
1035 1670 1187 1718 pacata
1215 1663 1428 1704 sociorum
1456 1668 1584 1716 atque
1617 1660 1724 1700 ami-

233 1729 284 1767 57
295 1733 443 1761 corum
475 1719 717 1776 diripienda
748 1734 798 1760 ac
832 1719 1028 1760 vexanda
1061 1719 1234 1760 curasti.
1294 1719 1374 1770 Tu,
1407 1732 1504 1773 quae
1533 1731 1587 1757 ex
1613 1716 1724 1758 fanis

294 1777 625 1834 religiosissimis
654 1791 728 1833 per
760 1775 895 1817 scelus
927 1786 970 1817 et
998 1776 1269 1818 latrocinium
1306 1774 1535 1825 abstulisti,
1564 1788 1615 1815 ea
1644 1779 1725 1816 nos

292 1835 453 1885 videre,
481 1834 562 1875 nisi
600 1833 642 1874 in
674 1834 756 1874 tuis
787 1834 1108 1889 amicorumque
1140 1842 1312 1874 tuorum
1342 1833 1480 1883 tectis,
1509 1846 1596 1872 non
1624 1845 1724 1888 pos-

293 1905 464 1934 sumus:
498 1891 549 1933 P.
573 1891 791 1942 Servilius,
819 1906 915 1946 quae
947 1891 1071 1947 signa
1100 1899 1228 1945 atque
1257 1898 1508 1932 ornamenta
1535 1903 1590 1929 ex
1618 1889 1725 1930 urbe

251 1947 499 1999 nhostium,
530 1948 572 1989 vi
599 1957 643 1990 et
671 1949 829 1988 virtute
857 1956 998 2004 capta,
1030 1946 1127 1989 belli
1155 1948 1263 2003 lege,
1292 1957 1420 2003 atque
1447 1945 1723 2002 imperatorio

284 2006 387 2061 jure
425 2005 610 2056 sustulit,
639 2020 690 2046 ea
724 2003 884 2061 populo
925 2005 1123 2046 Romano
1161 2005 1422 2062 apportavit,
1463 2017 1538 2059 per
1573 2002 1725 2043 trium-

290 2063 425 2119 phum
455 2063 588 2113 vexit,
616 2062 661 2103 in
694 2061 860 2103 tabulas
889 2062 1081 2118 publicas
1112 2062 1164 2102 ad
1194 2062 1390 2103 aerarium
1423 2059 1727 2117 perscribenda

287 2121 470 2162 curavit.
532 2119 797 2183 Cognoscite
829 2133 883 2160 ex
927 2119 1077 2160 litteris
1112 2119 1295 2175 publicis
1326 2117 1513 2159 hominis
1549 2116 1724 2173 amplis-

287 2171 384 2219 simi
426 2176 710 2233 diligentiam.
772 2176 940 2217 Recita.
984 2190 1236 2218 RArioNEs
1283 2188 1484 2217 RELATAE
1529 2187 1571 2215 P.
1608 2186 1722 2214 SER-

289 2248 431 2276 v1L11.
494 2235 594 2276 Non
625 2233 762 2274 solum
794 2248 1019 2274 numerum
1047 2234 1283 2288 signorum,
1312 2232 1384 2274 sed
1410 2231 1540 2272 etiam
1573 2230 1721 2271 unius-

287 2292 496 2348 cujusque
535 2290 894 2348 magnitudinem,
933 2285 1130 2347 figuram,
1163 2299 1336 2341 statum,
1368 2288 1519 2330 litteris
1552 2287 1722 2329 definiri

287 2350 420 2390 vides.
482 2349 610 2390 Certe
651 2347 789 2402 major
828 2357 893 2388 est
934 2348 1103 2389 virtutis
1142 2347 1419 2402 victoriaeque
1453 2343 1721 2402 jucunditas,

286 2421 415 2460 quam
438 2406 519 2447 ista
541 2405 753 2461 voluptaS‚
775 2419 871 2460 quae
904 2405 1139 2461 percipitur
1160 2409 1213 2445 ex
1242 2403 1420 2445 libidine
1441 2412 1485 2444 et
1505 2401 1721 2458 cupidita-

287 2472 343 2504 te.
366 2463 500 2505 multo
524 2461 772 2518 diligentius
795 2461 952 2503 habere
973 2462 1071 2503 dico
1095 2460 1322 2503 Servilium
1353 2460 1542 2516 prae-dam
1570 2457 1723 2515 populi

203 2531 271 2578 22
289 2519 489 2571 Romani,
513 2534 640 2574 quam
665 2529 705 2560 te
728 2527 802 2559 tua
823 2518 938 2560 furta
958 2528 1107 2560 notata
1129 2528 1256 2573 atque
1282 2517 1509 2573 descripta.
1571 2512 1718 2566 Dices,

223 2602 271 2636 53
287 2587 359 2618 tua
380 2592 551 2632 quoque
584 2578 708 2632 signa
728 2584 771 2616 et
793 2575 959 2617 tabulas
989 2577 1124 2632 pictas
1147 2583 1399 2616 ornamento
1422 2573 1516 2614 urbi
1539 2572 1721 2627 foroque

284 2635 432 2691 populi
469 2634 654 2676 Romani
694 2632 840 2674 fuisse.
901 2632 1112 2674 Memini:
1145 2632 1233 2673 vidi
1270 2630 1396 2673 simul
1425 2645 1524 2672 cum
1556 2628 1717 2686 populo

320 2751 362 2783 49
378 2747 568 2788 Olympum]
583 2748 685 2778 Vetus
698 2745 797 2777 lectio
809 2750 858 2776 est
875 2747 976 2786 Olyn-
1017 2745 1165 2777 historia.
1209 2744 1362 2775 Servilius
1388 2753 1455 2773 non
1483 2742 1594 2783 potuit
1614 2741 1718 2786 Olyn-

278 2792 384 2827 thum,
401 2800 472 2829 qut?
486 2795 534 2821 est
550 2796 583 2819 et
599 2790 632 2819 in
646 2790 709 2818 Gu.
726 2789 786 2819 Pro
801 2798 839 2818 ea
850 2789 975 2828 primus
1019 2788 1115 2818 thum
1132 2794 1332 2826 expugnare,
1344 2795 1417 2825 quae
1433 2795 1500 2816 non
1515 2785 1549 2815 in
1563 2785 1631 2823 ejus
1643 2793 1722 2826 pro-

278 2833 312 2862 P.
328 2832 499 2862 Manutius
519 2831 620 2862 edidit
639 2832 829 2870 Olympum,
845 2830 976 2860 restitu-
1021 2830 1129 2861 xineia
1145 2829 1271 2867 Cilicia,
1285 2828 1341 2860 sed
1354 2830 1390 2865 jn
1405 2827 1532 2860 Graecia
1544 2826 1618 2857 fuit.

275 2875 366 2914 fitquc·
389 2876 561 2912 Gruterus,
583 2874 762 2905 net-mario
786 2872 976 2912 postulante
