1907 3231
501 160 623 200 PRO
652 158 776 196 SEX.
807 157 1022 196 ROSCIO
1048 159 1343 196 AMERINO.
1591 158 1642 194 69

192 264 360 320 pulsare
391 279 478 305 non
509 264 664 320 posse?
696 262 788 313 Sin,
822 262 937 318 quod
968 262 1097 314 bona,
1128 277 1224 317 quae
1261 261 1410 302 Roscii
1451 259 1638 310 fuerunt,

195 330 270 362 tua
299 321 416 363 facta
455 330 570 372 sunt,
600 320 762 361 idcirco
796 319 912 360 hunc
946 319 1057 360 illius
1092 319 1227 360 filium
1263 319 1405 359 studes
1437 317 1637 372 perdere3

191 392 336 419 nonne
368 378 574 428 ostendis,
610 378 652 418 id
684 386 726 417 te
755 377 904 427 vereri,
935 377 1050 432 quod
1083 387 1240 433 praeter
1273 385 1438 416 ceteros
1471 383 1514 413 tu
1546 388 1634 414 me-

194 443 312 476 tuere
333 449 420 476 non
442 435 612 485 debeas,
632 448 686 474 ne
707 434 879 489 quando
902 433 1046 475 liberis
1065 433 1404 490 proscriptorum
1425 431 1537 471 bona
1558 445 1632 485 pa-

193 492 275 533 tria
307 492 566 533 reddantur?
599 491 722 532 Facis
761 490 978 546 injuriam,
1014 491 1313 547 Chrysogone,
1352 490 1385 529 si
1423 487 1630 542 majorem
1647 493 1718 526 146

189 562 309 604 spem
331 549 564 605 emptionis
588 559 674 589 tuae
705 548 747 588 in
780 548 908 603 hujus
931 549 1068 590 exitio
1091 550 1230 603 ponis,
1253 561 1382 602 quam
1406 546 1449 586 in
1479 545 1544 586 his
1568 558 1631 584 re·
1643 551 1673 580 P·
1689 546 1739 573 ⁴3·

190 604 284 656 bus,
307 620 412 661 quas
436 606 485 647 L.
510 605 627 647 Sulla
656 605 803 661 gessit.
867 605 1034 652 Quodsi
1058 606 1137 646 tibi
1160 619 1288 646 causa
1319 603 1434 644 nulla
1455 611 1534 652 est,
1556 594 1672 642 cura'

187 660 304 704 hunc
337 664 540 704 miserum
576 672 696 704 tanta
728 662 972 703 calamitate
1002 663 1116 703 affici
1144 662 1274 714 velis3
1307 662 1341 702 si
1375 659 1456 702 tibi
1486 658 1634 700 omnia

186 733 276 770 sua,
299 729 455 776 praeter
477 721 678 770 animam,
703 719 894 771 tradidit,
916 734 995 760 nec
1018 719 1099 760 sibi
1122 720 1358 774 quidquam
1389 726 1630 774 paternum,

183 787 239 816 ne
268 779 537 819 monumenti
565 778 739 834 quidem
761 791 903 828 causa,
926 777 1184 828 reservavit3
1216 791 1291 832 per
1321 776 1422 817 deos
1455 774 1631 817 immor-

186 832 304 885 tales,
327 849 425 890 quae
451 836 532 876 ista
554 844 674 876 tanta
695 833 922 875 crudelitas
945 836 1038 875 est?
1067 848 1165 889 quae
1189 843 1276 874 tam
1295 833 1386 873 fera
1406 831 1629 872 immanis-

181 904 265 944 que
293 895 474 934 natura?
506 892 615 939 Quis
644 905 850 946 umquam
882 891 1029 947 praedo
1061 890 1144 932 fuit
1175 898 1263 932 tam
1293 889 1496 939 nefarius,
1527 888 1624 943 quis

179 947 322 1003 pirata
351 959 439 990 tam
470 950 689 999 barbarus,
718 957 781 999 ut,
803 963 902 989 cum
936 948 1150 1004 integram
1183 948 1375 1004 praedam
1409 946 1499 987 sine
1528 960 1624 986 san-

178 1005 312 1059 guine
342 1006 499 1047 habere
531 1015 689 1062 posset,
712 1014 891 1046 cruenta
913 1006 1049 1061 spolia
1070 1006 1292 1047 detrahere
1320 1003 1495 1045 mallet?
1530 1002 1623 1044 Scis
1639 1007 1715 1049 147

179 1060 297 1103 hunc
327 1063 435 1104 nihil
465 1063 638 1114 habere,
659 1062 769 1103 nihil
798 1063 967 1113 audere,
988 1063 1098 1104 nihil
1129 1077 1267 1120 posse,
1290 1061 1397 1103 nihil
1420 1075 1626 1115 umquam

178 1129 332 1160 contra
353 1135 442 1161 rem
467 1130 583 1162 tuam
607 1120 846 1176 cogitasse:
878 1130 922 1161 et
945 1129 1087 1161 tamen
1110 1134 1336 1176 oppugnas
1358 1133 1472 1168 eum,
1494 1131 1623 1173 quem

174 1190 315 1232 neque
353 1187 543 1219 metuere
582 1187 720 1233 poteS,
753 1192 892 1232 neque
922 1177 1063 1218 odisse
1092 1178 1236 1228 debes,
1271 1191 1350 1218 nec
1388 1175 1624 1231 quidquam

174 1232 334 1275 habere
349 1235 444 1289 jam
467 1236 618 1291 reliqui
642 1235 775 1286 vides,
798 1235 913 1289 quod
932 1235 969 1275 ei
993 1235 1216 1276 detrahere
1239 1234 1400 1290 possis:
1434 1233 1514 1273 nisi
1540 1232 1623 1274 hoc

175 1289 405 1347 indignum
438 1298 578 1349 putas,
618 1292 733 1347 quod
772 1293 976 1332 vestitum
1018 1292 1163 1333 sedere
1198 1293 1241 1332 in
1271 1291 1440 1346 judicio
1478 1290 1621 1342 vides3

175 1362 305 1402 quem
330 1358 374 1390 tu
398 1365 421 1390 e
444 1350 720 1405 patrimonio,
744 1357 962 1404 tamquam
987 1363 1010 1389 e
1031 1349 1273 1405 naufragio,
1298 1348 1459 1388 nudum
1483 1362 1622 1402 expu-

173 1404 277 1446 listi.
340 1407 476 1453 Quasi
500 1422 599 1448 vero
622 1406 801 1456 nescias,
826 1406 940 1447 hunc
970 1416 1014 1447 et
1045 1406 1098 1447 ali
1129 1416 1173 1447 et
1204 1406 1347 1447 vestiri
1380 1420 1405 1445 a
1427 1404 1620 1455 Caecilia,

174 1465 218 1496 94
231 1462 441 1505 Balearici
485 1464 587 1516 filia,
631 1464 816 1519 Nepotis
865 1478 1022 1515 sorore,
1066 1463 1379 1520 spectatissima
1417 1461 1618 1503 faemina:

174 1534 272 1574 quae
306 1536 405 1562 cum
434 1532 599 1578 patrem
627 1521 925 1572 clarissimum,
956 1521 1241 1577 amplissimos
1275 1529 1465 1576 patruos,
1495 1533 1621 1559 orna·

174 1577 389 1620 tissimum
411 1578 585 1620 fratrem
609 1579 801 1630 haberet,
827 1588 984 1630 tamen,
1006 1594 1105 1620 cum
1128 1588 1239 1620 esset
1269 1577 1435 1627 mulier,
1459 1577 1619 1617 virtute

169 1635 368 1690 perfecit,
392 1646 454 1688 ut,
472 1640 512 1672 95
527 1646 689 1692 quanto
712 1636 876 1677 honore
898 1636 991 1692 ipsa
1012 1651 1066 1677 ex
1090 1636 1259 1677 illorum
1281 1635 1495 1691 dignitate
1522 1633 1616 1674 affi-

167 1701 349 1745 ceretur,
371 1709 458 1735 non
481 1695 649 1735 minora
669 1694 751 1734 illis
774 1704 1027 1734 ornamenta
1056 1708 1110 1734 ex
1144 1709 1219 1734 sua
1250 1693 1373 1733 laude
1404 1691 1614 1732 redderet.

168 1747 239 1791 An
262 1752 376 1806 quod
400 1752 630 1808 diligenter
650 1751 908 1802 defenditur,
931 1751 974 1792 id
998 1751 1078 1792 tibi
1109 1752 1337 1807 indignum
1360 1749 1527 1790 facinus
1549 1748 1693 1799 xri-51

168 1807 321 1850 detur?
352 1808 470 1850 Mihi
493 1809 632 1860 crede,
655 1809 689 1850 si
712 1823 790 1864 pro
813 1809 945 1865 patris
968 1809 1060 1864 ejus
1079 1809 1279 1865 hospitiis
1301 1816 1344 1849 et
1363 1807 1503 1863 gratia
1524 1805 1611 1846 vel·
1626 1823 1699 1858 143

166 1863 257 1906 lent
278 1881 425 1907 omnes
449 1867 576 1922 hujus
598 1866 790 1923 hospites
817 1866 978 1917 adesse,
1001 1876 1044 1907 et
1075 1867 1281 1907 auderent
1310 1865 1443 1905 libere
1464 1863 1612 1905 defen-

167 1921 291 1976 dere,
325 1924 426 1965 satis
458 1924 632 1981 copiose
665 1923 979 1965 defenderetur.
1015 1924 1079 1965 sin
1110 1933 1253 1965 autem
1286 1937 1363 1978 pro
1393 1922 1612 1977 magnitu-

165 1979 266 2021 dine
296 1981 482 2036 injuriae,
506 1996 668 2038 proque
698 1996 764 2032 eo,
787 1981 904 2036 quod
937 1997 1104 2022 Summa
1134 1980 1377 2037 respublica
1407 1979 1449 2019 in
1483 1978 1611 2033 hujus

164 2037 356 2135 periculo
388 2048 591 2090 tentatur,
624 2040 716 2080 haec
748 2053 896 2079 omnes
928 2039 1222 2090 vindicarent3
1255 2038 1488 2078 consistere
1521 2050 1609 2076 me-

197 2095 338 2138 ercule
359 2097 482 2138 vobis
505 2097 587 2138 isto
610 2096 654 2137 in
676 2096 772 2137 loco
796 2111 882 2136 non
906 2095 1067 2137 liceret.
1113 2096 1242 2137 Nunc
1266 2095 1325 2135 ita
1347 2093 1606 2143 defenditur,

163 2166 252 2193 non
284 2168 383 2195 sane
413 2164 462 2195 ut
492 2154 671 2195 moleste
697 2153 806 2194 ferre
836 2154 1064 2196 adversarii
1089 2154 1288 2203 debeant,
1312 2165 1451 2206 neque
1482 2159 1531 2191 ut
1561 2165 1605 2191 sc

161 2211 359 2265 potentia
379 2212 567 2268 superari
592 2221 759 2268 putent.
820 2211 932 2258 Quae
956 2212 1074 2252 domi
1105 2210 1292 2267 gerenda
1314 2219 1427 2259 sunt,
1450 2223 1499 2249 ea
1529 2222 1604 2264 per
1619 2221 1692 2257 149

163 2266 387 2309 Caeeiliam
409 2270 729 2326 transiguntur:
762 2267 844 2309 fori
867 2269 1112 2324 jndiciique
1142 2268 1353 2309 rationem
1385 2265 1602 2315 Messalla,
1616 2270 1646 2300 b.

161 2333 210 2365 ut
233 2325 402 2378 videtis,
426 2327 612 2382 judices,
639 2326 841 2382 suscepit.
873 2327 946 2381 qui
979 2327 1012 2367 si
1037 2328 1132 2382 jam
1164 2326 1265 2365 satis
1300 2323 1439 2364 aetatis
1474 2333 1605 2377 atquc

159 2383 327 2424 roboris
356 2384 548 2435 haberet,
574 2385 665 2441 ipse
695 2399 773 2440 pro
797 2383 899 2424 Sex.
924 2382 1086 2425 Roscio
1108 2383 1284 2424 diceret.
1311 2380 1516 2436 quoniam
1549 2379 1605 2420 ad

158 2439 390 2482 dicendum
420 2442 731 2498 impedimento
753 2449 819 2481 est
849 2450 968 2492 aetas,
998 2451 1040 2482 et
1072 2441 1224 2497 pudor,
1246 2439 1320 2495 qui
1344 2447 1468 2479 ornat
1498 2444 1604 2478 aeta-

160 2506 272 2550 tem3
303 2513 476 2540 causam
506 2500 613 2540 mihi
646 2498 836 2548 tradidit,
855 2512 985 2553 quern
1013 2514 1088 2539 sua
1110 2511 1237 2539 causa
1260 2509 1416 2551 cupere
1448 2509 1498 2536 ac
1529 2494 1604 2535 de-

159 2554 259 2596 bere
281 2556 575 2612 intelligebat:
609 2557 700 2613 ipse
735 2555 1000 2607 assiduitate,
1023 2555 1218 2604 consilio,
1242 2553 1514 2602 auctoritate,
1536 2551 1601 2592 di-

156 2611 337 2669 ligentia
357 2613 554 2670 perfecit,
576 2625 625 2655 ut
647 2615 749 2655 Sex.
774 2613 922 2654 Roscii
948 2613 1049 2665 vita,
1071 2620 1218 2668 erepta
1239 2611 1292 2652 de
1315 2610 1513 2651 manibus
1536 2623 1599 2649 se-

198 2739 238 2770 94
260 2736 432 2770 Balearicz'
435 2739 493 2780 fil.
508 2740 595 2780 Nep.
609 2740 687 2779 sor.]
712 2750 742 2769 v.
757 2748 856 2780 supra
899 2742 976 2770 stat.
992 2739 1191 2769 Constat-ent
1203 2736 1276 2773 sibi,
1290 2736 1329 2772 si,
1344 2744 1403 2775 pro
1416 2738 1537 2774 quanto
1550 2734 1602 2763 ho-

156 2779 196 2810 ad
212 2789 239 2809 C-
257 2783 303 2810 10-
899 2791 987 2818 nore,
1003 2786 1088 2812 esset
1100 2790 1199 2820 quum
1214 2784 1306 2809 tanto
1321 2780 1448 2808 honore.
1493 2776 1535 2805 Et
1552 2775 1602 2805 in-

197 2824 238 2856 95
272 2827 393 2862 quanto
431 2826 668 2855 honore—non
709 2822 853 2861 minora]
899 2825 1031 2855 terdum
1061 2824 1158 2853 verba
1186 2822 1222 2853 in
1250 2821 1340 2851 libr-is
1368 2819 1530 2849 veteribus
1556 2818 1602 2848 sie

157 2863 234 2893 Non
255 2864 337 2894 bene
353 2865 415 2896 ista
433 2867 493 2897 sibi
509 2877 568 2907 pro
589 2867 748 2897 facilitate
764 2867 856 2896 Cice-
899 2867 1107 2898 coaluerunt.

156 2906 245 2936 ronis
257 2907 468 2948 respondent,
480 2909 541 2939 etsi
556 2918 668 2939 sensus
682 2910 762 2941 bene
778 2919 855 2940 con-

866 2958 946 2994 1²3
