1907 3231
516 99 638 141 ACT.
667 100 717 139 ΙΙ.
760 99 950 138 LIBER
974 98 1257 141 QUINTUS,
1524 107 1600 144 381

160 202 333 246 cedere?
364 219 442 246 nos
481 205 596 246 enim
630 204 737 246 nihil
772 219 976 260 umquam
1011 219 1185 262 prorsus
1223 205 1486 248 audivimus:
1526 210 1603 248 7et

159 260 264 303 illud
286 262 542 313 audivimus,
566 261 633 302 M.
659 263 818 314 Crassi,
849 263 1073 304 fortissimi
1095 262 1191 313 viri,
1216 262 1373 303 virtute
1397 263 1601 306 consilio-

157 332 242 373 que
264 319 442 371 factum,
466 333 518 360 ne
543 320 705 361 ratibus
727 321 823 376 conj
833 321 987 372 unctis,
1018 320 1129 361 freto
1157 319 1332 375 fugitivi
1355 320 1408 361 ad
1432 319 1601 362 Messa-

157 389 259 417 nam
283 377 460 417 transire
491 387 688 432 possent;
719 393 745 419 a
765 394 851 433 quo
874 378 933 419 illi
964 386 1122 419 conatu
1145 392 1230 418 non
1255 385 1479 433 tantopere
1502 392 1602 432 pro-

156 430 334 475 hibendi
358 433 554 485 fuissent,
573 434 606 474 si
630 435 715 475 ulla
731 435 773 476 in
793 435 939 477 Sicilia
957 435 1156 491 praesidia
1176 435 1230 476 ad
1252 434 1424 476 illorum
1442 434 1602 476 adven-

157 497 250 530 tum
283 492 484 547 opposita
515 501 783 547 putarentur.
837 492 926 534 &At
960 502 1053 534 tum
1083 494 1126 534 in
1162 491 1290 534 Italia
1322 492 1482 533 bellum
1512 488 1639 532 tam6

155 560 291 603 prope
313 563 338 588 a
360 548 521 599 Sicilia,
553 558 697 591 tamen
727 551 770 591 in
805 549 951 592 Sicilia
982 566 1070 592 non
1104 550 1203 591 fuit.
1265 550 1385 597 Quid
1417 549 1602 590 mirum?

154 617 210 644 ne
232 619 331 646 cum
354 607 398 647 in
428 606 577 648 Sicilia
602 608 776 662 quidem
808 607 906 659 fuit,
937 608 1089 650 eodem
1123 608 1347 649 intervallo
1378 621 1477 663 pars
1507 606 1601 662 ejus

158 660 257 702 belli
294 663 340 704 in
379 662 550 705 Italiam
592 665 677 706 ulla
710 665 912 721 pervasit.
974 665 1147 706 Etenim
1181 664 1515 721 9propinquitas
1547 650 1648 705 ad3

156 727 298 761 utram
338 730 503 777 partem
541 722 742 763 hocloco
779 722 1023 777 profertur?
1053 732 1199 763 utrum
1232 723 1398 764 aditum
1431 721 1604 762 facilem

154 774 369 830 hostibus,
402 795 455 820 an
488 780 795 836 contagionem
826 780 1024 820 imitandi
1054 779 1147 834 ejus
1181 780 1280 821 belli
1316 779 1604 836 periculosam
1645 798 1648 802 -

153 832 311 878 fuisse?
342 836 500 878 Aditus
523 838 662 878 omnis
685 837 935 877 hominibus
958 837 1048 877 sine
1070 837 1155 877 ulla
1177 836 1382 878 facultate
1405 836 1600 887 navium,

152 905 241 933 non
269 894 400 935 modo
424 895 680 950 disjunctus,
713 894 785 934 sed
815 893 943 934 etiam
976 893 1144 935 clausus
1169 893 1280 936 fuit:
1312 903 1360 935 ut
1382 893 1479 944 illis,
1502 894 1601 949 qui-

155 949 234 990 bus
258 951 450 993 Siciliam
473 951 761 1007 propinquam
779 950 910 992 fuisse
926 952 1049 1003 dicis,
1069 951 1237 993 facilius
1257 951 1387 992 fuerit
1406 950 1459 991 ad
1477 965 1604 992 ocea-

153 1020 258 1049 num
294 1009 530 1065 pervenire,
567 1024 697 1063 quam
731 1008 783 1049 ad
819 1008 1064 1051 Peloridem
1097 1010 1314 1051 accedere.
1377 1007 1640 1064 Contagio7'

155 1075 299 1106 autem
331 1067 414 1107 ista
449 1066 612 1107 servilis
655 1066 767 1116 belli,
799 1081 876 1107 cur
912 1068 988 1107 abs
1023 1076 1066 1107 te
1102 1067 1264 1123 potius,
1295 1081 1426 1122 quam
1459 1067 1514 1107 ab
1549 1066 1602 1106 iis

153 1123 369 1175 omnibus,
408 1125 482 1179 qui
516 1132 679 1165 ceteras
708 1124 951 1180 provincias
983 1125 1280 1176 obtinuerunt,
1317 1123 1604 1180 praedicatur?

154 1194 206 1220 an
230 1181 346 1236 quod
370 1181 414 1222 in
437 1181 585 1222 Sicilia
610 1183 705 1237 jam
727 1190 827 1222 ante
860 1181 969 1222 bella
1001 1181 1286 1238 fugitivorum
1308 1182 1511 1223 fuerunt?
1541 1180 1604 1221 At

154 1251 205 1278 ea
225 1238 319 1294 ipsa
339 1254 469 1280 causa
490 1248 569 1289 est,
604 1242 641 1270 10
654 1254 729 1279 cur
751 1240 833 1279 ista
866 1239 1091 1294 provincia
1124 1240 1306 1280 minimo
1340 1239 1385 1280 in
1409 1237 1603 1295 periculo

153 1296 210 1336 sit
231 1305 274 1336 et
295 1295 440 1338 fuerit.
490 1297 604 1338 Nam
628 1305 910 1352 posteaquam
928 1296 1046 1338 illinc
1067 1296 1146 1338 Μ’.
1167 1296 1383 1352 Aquillius
1403 1296 1602 1347 decessit,

154 1353 351 1394 omnium
373 1353 572 1394 instituta
593 1364 722 1409 atque
745 1354 887 1395 edicta
909 1364 1146 1409 praetorum
1168 1354 1344 1395 fuerunt
1371 1353 1601 1409 ejusmodi,

154 1420 203 1452 ut
221 1426 275 1452 ne
296 1412 391 1467 quis
413 1426 513 1452 cum
536 1411 621 1452 telo
645 1425 790 1452 servus
813 1421 938 1452 esset.
1001 1412 1137 1452 Vetus
1156 1421 1221 1452 est
1242 1411 1359 1467 quod
1378 1412 1535 1462 dicam,
1557 1420 1603 1452 et

154 1478 332 1524 propter
352 1469 623 1510 severitatem
645 1468 834 1525 exempli
864 1469 1027 1510 nemini
1060 1469 1241 1510 fortasse
1264 1468 1455 1510 vestrum
1478 1469 1601 1509 inau-

150 1526 313 1579 ditum3
347 1525 395 1567 L.
418 1526 663 1567 Domitium
686 1538 917 1582 praetorem
940 1527 983 1567 in
1008 1526 1171 1577 Sicilia,
1193 1541 1294 1568 cum
1316 1541 1418 1582 aper
1445 1527 1600 1582 ingens

151 1584 205 1625 ad
226 1597 325 1624 eum
343 1583 494 1624 allatus
510 1593 636 1635 esset,
655 1585 913 1625 admiratum
931 1584 1174 1639 requisisse,
1193 1584 1291 1640 quis
1310 1598 1410 1625 eum
1427 1598 1602 1639 percus-

153 1641 291 1683 sisset.
314 1656 413 1683 cum
441 1642 644 1693 audisset,
676 1650 893 1699 pastorem
923 1642 1149 1697 cujusdam
1178 1641 1325 1692 fuisse,
1348 1656 1448 1682 eum
1479 1641 1532 1682 ad
1559 1655 1604 1681 se

151 1699 513 1755 vocarijussisse:
546 1699 666 1740 illum
689 1700 846 1755 cupide
869 1699 921 1741 ad
946 1708 1192 1756 praetorem,
1215 1699 1336 1755 quasi
1356 1699 1410 1740 ad
1429 1698 1603 1740 laudem

153 1766 198 1797 et
226 1757 279 1798 ad
309 1757 552 1813 praemium,
581 1758 840 1799 accurrisse:
873 1758 1078 1813 quaesisse
1106 1757 1368 1808 Domitium,
1398 1755 1476 1812 qui
1507 1765 1602 1797 tan-

153 1823 243 1855 tam
264 1815 447 1856 bestiam
469 1815 773 1871 percussisset:
807 1815 924 1856 illum
951 1815 1235 1871 respondisse,
1258 1814 1488 1856 venabulo.
1512 1823 1599 1855 sta-
1611 1821 1642 1852 P·
1658 1815 1733 1849 237».

153 1872 230 1914 tim
255 1872 409 1914 deinde
425 1873 550 1927 jussu
569 1874 765 1929 praetoris
787 1873 829 1913 in
848 1888 1020 1914 crucem
1037 1887 1128 1914 esse
1145 1872 1378 1913 sublatum.
1426 1871 1599 1913 Durum
1609 1865 1640 1887 ἃ·

155 1929 238 1970 hoc
269 1929 452 1971 fortasse
475 1931 694 1972 videatur:
726 1945 865 1986 neque
886 1945 969 1987 ego
998 1930 1128 1971 ullam
1150 1931 1195 1971 in
1218 1938 1385 1986 partem
1407 1929 1600 1985 disputO.

152 1996 322 2028 tantum
344 1987 556 2044 intelligo,
588 1988 788 2029 maluisse
814 1988 1060 2029 Domitium
1091 1988 1307 2030 crudelem
1338 1987 1382 2028 in
1405 1988 1600 2028 animad-

151 2046 375 2097 vertendo,
410 2060 540 2101 quam
563 2046 605 2086 in
629 2046 1001 2102 praetermittendo
1028 2046 1285 2087 dissolutum
1307 2045 1459 2086 videri.
1520 2038 1647 2086 Er-4

152 2117 210 2159 go
239 2103 305 2144 his
334 2103 544 2144 institutis
577 2104 829 2159 provinciae,
855 2104 950 2159 jam
978 2114 1085 2154 tum,
1110 2118 1209 2145 cum
1243 2102 1356 2144 bello
1388 2102 1635 2159 fugitivo-8
1663 2152 1665 2158 A

152 2174 247 2202 rum
271 2170 364 2202 tota
394 2160 521 2201 Italia
547 2161 728 2213 arderet,
751 2161 883 2203 homo
915 2177 1002 2202 nou
1032 2162 1279 2211 acerrimus,
1302 2174 1382 2201 nec
1416 2160 1602 2201 fortissi·
1651 2186 1655 2190 -

152 2232 264 2269 muS,
289 2218 341 2260 C.
366 2219 613 2270 Norbanus,
637 2219 680 2259 in
705 2234 874 2260 summo
897 2220 988 2260 otio
1011 2219 1108 2260 fuit.
1133 2218 1336 2275 perfacile
1363 2219 1479 2259 enim
1510 2232 1601 2259 sese

158 2276 355 2318 llSicilia
373 2278 589 2328 tuebatur,
612 2291 665 2317 ne
697 2277 810 2332 quod
847 2277 891 2318 in
924 2278 1018 2333 ipsa
1052 2276 1210 2317 bellum
1234 2285 1380 2333 posset
1401 2276 1604 2318 existere.

194 2394 213 2425 7
236 2395 268 2421 et
280 2391 367 2422 illud
380 2391 582 2431 audivimus]
613 2391 700 2431 Quia
711 2395 760 2421 est
775 2401 852 2422 con·
897 2401 956 2421 nec
994 2392 1189 2429 necessario,
1222 2400 1282 2421 nec
1318 2389 1501 2430 eleganter,
1527 2400 1604 2421 cum

150 2434 292 2464 trax-ium
318 2434 556 2471 antecedentis,
585 2434 716 2465 videtur
743 2435 853 2474 legen-
897 2435 1012 2464 statim
1028 2436 1071 2464 sit
1087 2436 1162 2464 loco,
1200 2433 1273 2470 Est,
1289 2437 1328 2463 ut
1345 2434 1500 2471 arbitror,
1515 2432 1602 2473 glos-

154 2476 235 2507 dum
250 2481 297 2506 at.
898 2486 944 2506 sa.

196 2521 214 2549 8
236 2519 282 2550 At
296 2524 369 2550 tum
388 2519 462 2558 &c.]
490 2520 630 2550 Videtur
653 2519 705 2549 hic
733 2518 855 2557 aliquid
946 2522 982 2548 10
996 2528 1057 2547 cur
1070 2518 1134 2549 {sla
1142 2517 1329 2557 provincia]
1346 2519 1398 2548 Sic
1413 2518 1496 2548 bene
1509 2517 1602 2547 Grae-

151 2570 220 2591 esse
251 2560 334 2592 duri.
379 2561 525 2594 Graevius
551 2562 686 2601 corrigit
712 2572 787 2591 cum
813 2571 853 2590 ex
898 2562 966 2590 vius
981 2571 998 2590 e
1014 2561 1078 2590 Mz.
1093 2571 1152 2601 pro
1165 2562 1248 2601 ipsa.
1294 2561 1345 2591 Sic
1361 2565 1395 2591 et
1409 2561 1472 2591 Gu.
1513 2560 1602 2590 Item

152 2603 233 2633 Mss.
248 2612 281 2634 et
306 2604 352 2633 sic
376 2604 447 2634 edd.
465 2615 515 2645 pr.
537 2610 609 2636 tum
624 2609 673 2634 est
687 2605 730 2635 ab
749 2605 853 2634 Hoto-
897 2613 973 2633 mox
986 2613 1061 2633 cum
1076 2614 1113 2633 co
1128 2603 1199 2633 dedi
1213 2604 1259 2634 acl
1271 2604 1403 2634 laudem
1417 2607 1448 2633 et
1461 2603 1507 2632 ml
1514 2611 1602 2642 proe-

153 2646 267 2676 manni
283 2646 413 2677 Codice.
460 2647 615 2687 Idemque
629 2647 703 2677 vult
718 2647 791 2677 addi
808 2656 854 2676 es·
899 2647 1016 2683 iniiam,
1032 2645 1117 2684 quod
1133 2650 1166 2675 et
1181 2646 1251 2676 edd.
1267 2657 1315 2686 pr.
1331 2652 1366 2676 et
1384 2646 1448 2676 Ms.
1463 2646 1526 2675 Gu.
1542 2644 1602 2675 ha-

150 2692 200 2718 set
213 2698 231 2718 e
246 2687 309 2719 ΜΞ.
328 2689 407 2728 ch.
424 2690 512 2729 quod
526 2691 618 2720 abest
633 2689 667 2720 in
683 2690 745 2720 Gu.
770 2690 855 2719 sicut
899 2690 990 2718 bent.
1038 2688 1128 2718 Idem
1144 2688 1207 2719 Ms.
1222 2690 1334 2728 oppido
1350 2699 1407 2729 pro
1420 2688 1545 2728 cupide.

152 2731 188 2760 in
203 2730 363 2771 principio
378 2742 464 2763 eum.
501 2732 573 2772 Ego
587 2733 766 2763 lectionem
782 2730 853 2762 vul·
942 2734 972 2760 li
1005 2730 1068 2760 Sic.
1085 2735 1108 2760 t.
1134 2741 1174 2760 ne
1199 2732 1297 2771 quod]
1325 2732 1473 2762 Graevius
1497 2741 1515 2760 e
1535 2729 1601 2759 Ms.

153 2777 267 2813 gatam
282 2779 417 2804 servavi.
898 2773 1022 2804 addidit
1038 2772 1118 2813 jam
1143 2778 1177 2803 ct
1199 2778 1251 2804 ut:
1281 2773 1436 2816 Sic-‚jam
1451 2778 1474 2804 t.
1497 2777 1535 2803 ut
1559 2781 1602 2802 ue

197 2819 217 2849 9
240 2816 480 2856 propinquitas]
512 2818 660 2848 Graevius
687 2817 811 2848 addidit
838 2827 856 2846 e
899 2816 994 2856 quod,
1040 2817 1092 2847 Sic
1106 2820 1142 2848 et
1156 2815 1220 2847 Ms.
1235 2817 1299 2847 Gu.

153 2857 220 2888 Ms.
236 2858 317 2898 Reg.
333 2861 488 2897 loc-orum,
515 2859 603 2900 quod
618 2865 651 2892 et
666 2861 729 2891 Gu.
745 2860 858 2897 babet,
