1907 3231
576 93 643 132 IN
670 93 715 132 L.
734 90 1104 131 CATILINAM.
1482 93 1560 129 655

109 199 360 258 reipublicae
383 197 612 249 concedas,
632 212 720 239 non
742 205 807 239 est
827 195 1152 254 postulandum.
1173 197 1212 226 58
1223 208 1363 250 neque
1383 194 1499 236 enim
1522 194 1560 235 is

111 272 171 310 eS,
195 247 400 308 Catilina,
421 266 471 297 ut
493 265 535 297 te
556 264 631 296 aut
663 255 802 311 pudor
822 269 847 295 a
866 252 1151 310 turpitudine,
1174 261 1249 293 aut
1278 261 1418 293 metus
1438 267 1464 293 a
1485 266 1561 308 pe-

111 316 263 366 riculo,
285 324 360 356 aut
390 313 500 354 ratio
524 327 549 353 a
571 312 715 354 furore
745 311 973 353 revocarit.
1032 309 1344 360 Quamobrem,
1366 319 1415 351 ut
1444 312 1625 365 saepe‘23

105 372 199 428 jam
236 373 346 422 dixi,
376 370 675 428 proficiscere:
709 385 774 421 ac,
804 369 838 410 si
875 368 983 410 mihi
1019 367 1213 419 inimico,
1247 376 1295 407 ut
1336 368 1563 422 praedicas,

112 440 188 471 tuo
226 429 416 472 conflare
450 428 516 468 vis
556 427 794 480 invidiam,
825 436 943 468 recta
967 439 1107 482 :perge
1148 424 1193 464 in
1227 423 1456 465 exsilium:
1487 424 1562 465 vix

112 487 250 529 feram
278 500 496 528 sermones
527 484 772 536 hominum,
800 485 834 525 si
867 484 911 525 id
933 483 1112 524 feceris:
1145 481 1219 523 vix
1250 480 1408 522 molem
1438 481 1563 521 istius

113 544 305 595 invidiae,
338 543 372 584 si
403 543 447 583 in
479 543 681 584 exsilium
712 542 811 583 ieris
835 541 960 597 jussu
992 539 1194 591 consulis,
1227 538 1465 580 sustinebo.
1496 538 1563 578 sin

112 607 257 643 aute'm
290 601 449 642 servire
480 614 588 641 meae
626 600 742 642 laudi
774 609 818 640 et
850 599 999 655 gloriae
1027 597 1191 650 mavis;
1221 596 1424 653 egredere
1459 609 1562 636 cum

112 659 364 715 importuna
403 657 709 699 sceleratorum
747 671 905 697 manu:
946 655 1096 696 confer
1137 665 1179 695 te
1219 656 1272 695 ad
1313 652 1560 695 Manlium:

112 717 287 759 concita
325 716 516 772 perditos
556 715 697 756 cives:
726 727 900 754 secerne
932 721 974 753 te
1014 727 1040 752 a
1078 712 1228 753 bonis:
1260 711 1371 752 infer
1409 710 1561 766 patriae

113 774 302 825 bellum3
331 773 502 815 exsulta
537 772 671 828 impio
702 771 945 820 latrocinio,
972 779 1022 810 ut
1051 785 1076 810 a
1104 783 1173 809 me
1202 784 1290 810 non
1312 768 1478 823 eJectus
1507 767 1561 808 ad

114 831 291 881 alienos,
326 831 400 872 sed
437 829 644 871 invitatus
680 828 734 868 ad
774 837 870 868 tuos
908 827 990 867 isse
1025 826 1224 867 videaris.
1284 827 1624 880 Quamquam&

114 889 218 944 quid
241 903 324 945 ego
349 898 392 929 te
422 887 618 936 invitem,
650 900 674 926 a
696 899 782 940 quo
806 885 901 940 jam
930 884 1062 926 sciam
1085 898 1176 924 esse
1208 884 1466 939 praemissos,
1488 883 1563 937 qui

114 947 196 988 tibi
236 945 467 988 acl-forum
505 943 731 984 Aurelium
770 941 1122 999 praestolarentur
1163 941 1346 982 armati?
1377 943 1417 974 59
1431 940 1565 980 sciam

113 1012 286 1060 pactam
309 1012 353 1045 et
373 1001 657 1044 constitutam
679 1014 770 1041 esse
791 1015 889 1042 cum
916 999 1086 1040 Manlio
1108 998 1251 1040 diem?
1277 1013 1302 1039 a
1323 1012 1411 1053 quo
1433 997 1566 1037 etiarn

113 1061 302 1117 aquilam
325 1059 441 1101 illam
463 1068 729 1114 argenteam,
753 1072 883 1113 quam
906 1057 984 1098 tibi
1009 1072 1059 1097 ac
1082 1057 1166 1097 tuis
1189 1056 1390 1097 omnibus
1421 1055 1566 1110 perni-

115 1119 279 1160 ciosam
301 1132 392 1158 esse
414 1116 588 1158 confido
611 1125 653 1157 et
681 1116 895 1157 funestam
919 1115 1124 1165 futuram,
1146 1114 1216 1155 cui
1238 1114 1356 1154 domi
1381 1123 1466 1153 tuae
1497 1127 1564 1152 sa-

114 1176 299 1217 crarium
323 1174 532 1216 scelerum
555 1183 727 1214 tuorum
750 1174 1036 1214 constitutum
1059 1171 1159 1223 fuit,
1181 1171 1313 1212 sciam
1336 1185 1427 1211 esse
1451 1184 1564 1226 prae-

113 1233 319 1274 missam?
350 1232 416 1274 Tu
439 1242 488 1273 ut
508 1231 581 1272 illa
597 1231 760 1273 diutius
783 1245 926 1272 carere
952 1230 1105 1286 possis,
1126 1244 1256 1285 quam
1278 1228 1486 1279 venerari,
1509 1227 1564 1269 ad.

114 1291 280 1332 caedem
299 1289 593 1347 proficiscens,
617 1289 811 1330 solebas?
832 1304 856 1329 a
874 1288 998 1342 cujus
1020 1287 1225 1328 altaribus
1248 1302 1363 1343 saepe
1384 1286 1562 1326 6Oistam

114 1349 294 1404 impiam
316 1348 540 1389 dexteram
570 1347 624 1387 ad
654 1361 805 1387 necem
835 1347 998 1387 civium
1029 1344 1313 1386 transtulisti?
1346 1343 1436 1385 Ibis
1468 1345 1648 1392 tan-10

113 1406 213 1447 dem
243 1405 490 1461 aliquando,
512 1419 598 1459 quo
623 1413 664 1445 te
687 1404 954 1460 jampridem
986 1412 1059 1444 tua
1089 1402 1172 1443 ista
1192 1402 1407 1458 cupiditas
1438 1400 1625 1452 effre-25

114 1473 218 1505 nata
247 1478 297 1504 ac
329 1463 491 1504 furiosa
521 1461 732 1517 rapiebat.
763 1475 902 1516 neque
940 1461 1056 1501 enim
1089 1461 1169 1500 tibi
1209 1460 1304 1500 haec
1339 1474 1404 1500 res
1438 1458 1564 1499 affert

115 1521 324 1571 dolorem,
347 1520 419 1561 sed
441 1520 658 1575 quandam
681 1518 979 1560 incredibilem
1003 1517 1270 1573 voluptatem
1301 1518 1354 1558 ad
1378 1518 1490 1558 hanc
1522 1525 1563 1556 te

115 1578 349 1620 amentiam
379 1587 534 1618 natura
560 1577 743 1632 peperit,
764 1576 963 1617 voluntas
985 1575 1195 1627 exercuit,
1218 1575 1393 1616 fortuna
1422 1588 1562 1615 serva·
1575 1581 1607 1612 b.

116 1637 194 1678 vit.
224 1650 462 1691 numquam
485 1644 532 1675 tu
553 1649 642 1675 non
673 1635 803 1675 modo
826 1634 980 1683 otium,
1003 1633 1076 1673 sed
1107 1647 1160 1673 ne
1192 1633 1350 1674 bellum
1372 1631 1562 1688 quidem,

115 1694 199 1736 nisi
237 1693 450 1734 nefarium
488 1692 750 1748 concupisti.
780 1700 933 1733 nactus
964 1705 1008 1732 es
1039 1705 1093 1731 ex
1124 1691 1319 1747 perditis,
1349 1700 1479 1746 atque
1508 1689 1564 1729 ab

116 1752 235 1792 omni
259 1765 345 1791 non
367 1750 497 1791 modo
520 1749 709 1801 fortuna,
731 1764 881 1791 verum
902 1748 1033 1789 etiam
1056 1763 1131 1804 spe
1153 1748 1382 1799 derelictis,
1400 1747 1565 1789 confla-

118 1818 206 1849 tam
237 1808 537 1864 improborum
567 1821 759 1848 manum.
822 1806 911 1847 Hic
942 1816 987 1847 tu
1018 1821 1104 1861 qua
1134 1805 1287 1847 laetitia
1318 1805 1627 1862 perf1·ucre?26

117 1867 275 1922 quibus
297 1865 466 1922 gaudiis
489 1865 755 1906 exsultabis?
786 1875 948 1920 quanta
971 1865 1014 1905 in
1038 1863 1259 1920 voluptate
1283 1863 1565 1911 bacchabere,

118 1939 218 1966 cum
250 1924 294 1964 in
326 1932 447 1964 tanto
474 1937 653 1964 numero
678 1932 850 1963 tuorum
883 1936 1022 1977 neque
1052 1922 1200 1963 audies
1231 1922 1370 1962 virum
1402 1922 1567 1962 bonum

117 1996 395 2037 quemquam,
417 1994 557 2036 neque
581 1981 770 2021 videbis?
800 1979 863 2020 At
885 1980 1013 2035 hujus
1035 1979 1137 2020 vitae
1161 1979 1352 2021 studium
1369 1978 1567 2020 meditati

118 2039 178 2081 illi
211 2049 325 2089 sunt,
348 2039 419 2094 qui
444 2038 654 2089 feruntur,
681 2038 847 2079 labores
871 2039 960 2079 tui:
986 2037 1134 2092 jacere
1166 2037 1285 2078 humi
1316 2052 1405 2078 non
1434 2035 1568 2077 modo

118 2097 172 2139 ad
197 2096 484 2137 obsidendum
515 2106 727 2152 stuprum,
760 2110 908 2136 verum
944 2097 1075 2136 etiam
1109 2095 1161 2135 ad
1199 2095 1366 2136 facinus
1402 2095 1568 2135 obeun-

116 2156 247 2196 dum:
282 2153 460 2210 vigilare
493 2168 581 2194 non
614 2153 753 2194 solum
794 2153 1071 2195 insidiantem
1112 2167 1264 2194 somno
1295 2153 1567 2202 maritorum,

118 2213 156 2243 61
173 2226 322 2254 verum
353 2212 485 2252 etiam
516 2211 640 2252 bonis
672 2211 929 2253 occisorum.
992 2210 1157 2261 Habes,
1189 2211 1263 2252 ubi
1293 2220 1482 2251 ostentes
1516 2209 1567 2249 il-

119 2270 205 2312 lam
227 2269 478 2326 praeclaram
501 2279 621 2310 tuam
650 2270 905 2326 patientiam
928 2267 1070 2320 famis,
1093 2268 1282 2325 frigoris,
1310 2268 1471 2324 inopiae
1502 2281 1568 2307 re-

119 2342 214 2369 rum
256 2328 483 2379 omnium3-
521 2328 678 2381 quibus
719 2337 762 2368 te
802 2328 921 2368 brevi
961 2335 1156 2382 tempore
1193 2325 1444 2368 confectum
1476 2338 1568 2365 esse

121 2385 293 2426 semies.
355 2383 543 2425 Tantum
566 2385 730 2441 profeci
755 2394 861 2437 tum,
884 2385 1034 2426 62cum
1058 2393 1099 2424 te
1122 2399 1146 2426 a
1168 2383 1394 2426 consulatu
1415 2381 1632 2440 1·epuli‚27

117 2515 316 2556 dici.'negat.
339 2519 375 2546 at
391 2515 456 2546 vid.
474 2514 566 2546 Clav.
584 2515 619 2546 in
642 2516 821 2546 concedere.
908 2516 945 2547 61
971 2525 1089 2546 verum
1110 2525 1137 2545 e.
1155 2515 1242 2545 bonis
1263 2514 1454 2556 occisorum]
1481 2514 1574 2545 Grae-

122 2557 238 2597 Itaque
255 2559 426 2598 vulgatum
442 2559 578 2588 servavi.
864 2558 937 2589 vius
951 2569 969 2589 e
989 2559 1068 2589 Mss.
1082 2557 1183 2588 edidit
1197 2561 1383 2595 otiosorum,
1399 2562 1432 2588 et
1445 2557 1500 2587 ‘sic
1523 2562 1574 2588 est

163 2603 202 2631 58
226 2609 326 2640 neque
340 2611 368 2632 e.
386 2603 412 2632 is
426 2611 469 2638 es,
492 2599 652 2639 Catilina]
679 2600 822 2641 Elegans
866 2601 901 2631 in
916 2601 965 2631 ed.
988 2601 1062 2631 Aldi
1069 2601 1145 2641 jun.
1167 2599 1245 2631 Non
1260 2600 1352 2631 bene.
1373 2610 1451 2631 nam
1475 2599 1575 2630 refer-

119 2646 172 2673 est
206 2642 305 2673 lectio
333 2643 413 2675 Mss.
441 2645 555 2683 Cujac.
591 2643 710 2686 Neque
736 2644 825 2674 enim
866 2648 924 2674 tur
937 2644 978 2674 ad
993 2643 1155 2683 superius,
1171 2641 1364 2683 adfixa-inus
1378 2642 1573 2674 obeundum.

127 2684 273 2716 Catilina
287 2687 341 2723 sis,
357 2687 384 2716 si
399 2692 430 2717 te
445 2687 505 2717 ἃς.
867 2686 978 2726 Quare
993 2686 1091 2716 otiosi
1105 2685 1159 2715 hic
1175 2691 1490 2722 commemorentur,
1506 2694 1575 2715 non

166 2731 206 2761 59
219 2728 336 2768 seiam]
354 2729 436 2760 Edd.
453 2734 535 2759 vett.
551 2728 677 2759 addunt
692 2738 778 2759 eum.
870 2728 1042 2768 intelligo:
1072 2737 1187 2758 sensus
1213 2734 1275 2767 est,
1303 2733 1343 2758 ut
1370 2728 1512 2766 occidat,
1541 2733 1576 2758 et

164 2770 207 2800 60
228 2771 488 2812 istam‘z'mpz'am
508 2770 676 2810 dextram]
703 2771 756 2801 Sic
779 2781 828 2802 re·
871 2772 995 2802 occisos
1011 2771 1141 2811 spoliet.

121 2816 174 2842 cte
198 2812 347 2843 Graevius
375 2824 433 2854 pro
460 2815 561 2846 istam
588 2815 741 2845 dextram
766 2815 830 2844 im-
915 2814 956 2844 62
978 2823 1054 2844 cum
1078 2818 1108 2843 te
1130 2823 1152 2843 a
1179 2823 1263 2844 cons.
1286 2813 1408 2854 repuli]
1434 2813 1577 2854 Nempe,

118 2855 225 2895 piam.
241 2865 269 2886 v.
285 2855 326 2887 ad
340 2866 368 2887 c.
387 2859 416 2888 5.
873 2866 949 2888 cum
979 2857 1046 2897 ipse
1071 2855 1187 2888 consul
1209 2855 1359 2897 perfecit,
1388 2862 1427 2887 ut
1451 2856 1519 2896 ejus
1541 2856 1578 2886 in
