1907 3231
326 161 403 198 582
929 160 1182 200 *ORATIO

328 262 513 316 donetis,
535 278 757 321 rogamus:
777 266 1014 322 praesertirn
1030 278 1127 305 cum
1149 278 1204 305 ex
1219 263 1351 306 altera
1371 273 1492 321 parte
1508 272 1650 307 totum
1667 279 1765 307 mu-

331 320 543 377 nicipium
565 323 707 364 videre
729 322 916 380 possitis.
966 322 1129 362 Omnes
1152 322 1320 372 scitote,
1345 322 1531 377 judiceS‚
1561 324 1765 376 (incredi-

332 376 418 419 bile
439 379 556 422 dictu
580 389 658 430 est,
681 381 753 422 sed
774 395 799 420 a
818 393 887 420 me
909 378 1128 420 verissime
1149 379 1341 431 dicitur,)
1359 394 1506 421 omnes
1528 380 1764 432 Larinates,

332 436 406 490 qui
436 436 673 487 valuerunt,
697 435 861 477 venisse
886 434 1085 486 Romam,
1116 444 1164 476 ut
1184 435 1300 477 hunc
1330 438 1473 479 studio
1504 437 1765 493 frequentia-

332 506 415 548 que
438 507 527 544 sua,
551 502 757 550 quantum
782 501 971 549 possent,
994 492 1036 533 in
1071 501 1192 533 tanto
1221 493 1315 549 ejus
1348 494 1538 549 periculo
1570 495 1765 536 subleva-

220 557 451 596 p.59.rent:
499 552 640 608 pueris
676 550 793 600 illud,
834 549 917 590 hoc
948 558 1156 605 tempore,
1197 559 1241 590 et
1269 551 1517 593 mulieribus
1555 551 1765 607 oppidum

289 607 319 627 a.
333 606 486 648 scitote
508 622 599 648 esse
623 607 842 658 traditum,
856 607 985 662 idque
1008 607 1051 647 in
1069 607 1311 663 praesentia,
1327 607 1369 648 in
1389 609 1606 649 communi
1625 608 1764 650 Italiae

332 677 453 720 paee,
475 663 722 705 domesticis
743 664 881 719 copiis
904 678 995 704 esse
1021 673 1175 704 tutum.
1199 678 1304 719 quos
1328 673 1470 705 tamen
1489 666 1604 721 ipsos
1627 680 1765 721 aeque,

331 730 373 760 et
405 735 493 770 eos,
527 734 634 776 quos
669 730 900 777 praesentes
945 721 1115 772 videtis,
1149 721 1276 776 hujus
1309 723 1578 778 exspectatio
1607 722 1764 777 judicii

244 778 318 815 196
330 777 418 818 dies
440 787 675 833 noctesque
709 778 925 819 sollicitat.
988 779 1087 819 Non
1121 778 1179 818 illi
1205 793 1279 819 vos
1312 779 1365 819 de
1387 780 1512 819 unius
1534 779 1765 836 municipis

327 833 513 875 fortunis
532 836 808 885 arbitrantur,
824 836 894 877 sed
917 835 970 876 de
993 836 1125 876 totius
1148 836 1374 891 municipii
1395 836 1767 892 statu,dignitate,

328 892 655 947 commodisque
686 893 887 934 omnibus
920 893 1153 938 sententias
1182 907 1273 934 esse
1308 893 1482 933 laturos.
1516 907 1683 934 summa
1701 904 1768 935 est

327 947 660 1005 enim,judiceS,
694 950 882 991 hominis
916 951 957 990 in
990 965 1264 991 communem
1295 950 1524 1006 municipii
1560 964 1649 991 rem
1671 950 1768 992 dili-

325 1006 488 1062 gentia,
512 1007 554 1047 in
579 1008 771 1063 singulos
794 1008 1033 1063 municipes
1059 1008 1317 1063 benignitaS‚
1338 1008 1381 1048 in
1404 1022 1553 1048 omnes
1571 1007 1766 1049 homines

319 1063 495 1118 justitia
516 1073 559 1104 et
581 1063 701 1105 fides.
743 1074 951 1120 praeterea
981 1065 1252 1106 nobilitatem
1287 1064 1401 1105 illam
1424 1064 1536 1106 inter
1557 1079 1672 1115 SUOS,
1701 1065 1767 1106 'lo-

325 1134 511 1175 cumque
539 1136 564 1161 a
585 1121 822 1176 majoribus
854 1122 1076 1172 traditum,
1100 1122 1160 1162 sic
1183 1131 1340 1172 tuetur,
1365 1130 1411 1162 ut
1434 1122 1646 1177 majorum
1671 1137 1768 1178 gra-

327 1177 520 1228 vitatem,
560 1179 863 1230 constantiam,
907 1179 1107 1235 gratiam,
1151 1179 1453 1220 liberalitatem
1501 1190 1767 1233 assequatur.

327 1232 480 1289 Itaque
504 1235 554 1275 iis
576 1250 675 1276 cum
709 1237 850 1277 verbis
881 1236 1054 1293 publice
1086 1236 1275 1286 laudant,
1307 1246 1356 1276 ut
1377 1250 1463 1276 non
1487 1237 1625 1276 solum
1648 1237 1767 1277 testi-

324 1292 519 1332 monium
541 1307 663 1333 suum
679 1293 983 1349 judiciumque
1006 1293 1265 1350 significent,
1290 1307 1433 1334 verum
1458 1292 1588 1334 etiam
1619 1308 1767 1335 curam

325 1349 457 1389 animi
482 1364 531 1390 ac
562 1350 770 1392 dolorem.
792 1366 890 1406 quae
922 1351 1021 1392 dum
1050 1351 1238 1392 laudatio
1263 1351 1480 1400 recitatur,
1504 1365 1580 1391 vos
1601 1364 1767 1405 quaeso,

243 1409 247 1412 ’
325 1406 397 1460 qui
436 1421 528 1447 eam
572 1404 802 1459 detulistis,
844 1409 1070 1465 assurgite.
1114 1421 1367 1450 LAUDATlo
1404 1420 1763 1457 CLUENT11,-Ex

236 1457 668 1506 197DECUR10NUM
704 1478 1025 1507 LARINATIUM
1063 1479 1310 1507 Discum-0.
1373 1464 1440 1506 Ex
1465 1464 1666 1520 lacrymis
1688 1464 1768 1506 ho·

322 1535 431 1570 rum,
448 1521 634 1576 judices,
657 1523 906 1564 existimare
921 1523 1115 1578 potestis,
1138 1538 1286 1564 omnes
1310 1523 1404 1563 haec
1426 1522 1678 1563 decuriones
1692 1522 1765 1563 de-

320 1579 505 1619 crevisse
536 1578 835 1634 lacrymantes.
895 1580 992 1636 Age
1027 1593 1138 1631 vero,
1161 1581 1399 1621 vicinorum
1432 1588 1642 1633 quantum
1677 1587 1766 1619 stu-

318 1635 454 1686 dium,
485 1650 612 1691 quam
639 1637 901 1678 incredibilis
918 1636 1231 1688 benivolentia,
1253 1645 1415 1692 quanta
1432 1650 1535 1676 cura
1555 1637 1647 1676 est?
1678 1649 1765 1676 non

319 1691 378 1732 illi
412 1692 452 1732 iu
485 1692 638 1734 libellis
669 1693 964 1735 laudationum
998 1694 1170 1735 decreta
1205 1695 1427 1744 miserunt,
1458 1693 1530 1734 sed
1567 1692 1764 1733 homines

318 1748 660 1800 honestissimos,
683 1765 791 1804 quos
812 1766 1035 1792 nossemus
1058 1766 1222 1801 omnes,
1238 1752 1321 1793 huc
1338 1750 1582 1805 frequentes
1600 1749 1763 1800 adesse,

318 1816 361 1846 et
394 1807 507 1846 hunc
537 1817 770 1863 praesentes
803 1808 975 1850 laudare
1011 1809 1252 1850 voluerunt.
1314 1807 1487 1848 Adsunt
1519 1806 1764 1857 Ferentani,

315 1861 514 1904 homines
540 1864 812 1915 nobilissimi,
838 1866 1078 1907 Marrucini
1111 1867 1214 1907 item
1244 1866 1333 1922 pari
1357 1865 1595 1921 dignitate:
1619 1862 1766 1905 &The-

320 1934 403 1961 ano
423 1920 583 1976 Apulo,
604 1931 732 1976 atque
767 1922 948 1964 Luceria
978 1923 1144 1978 equites
1179 1923 1417 1973 Romanos,
1441 1920 1765 1963 honestissimos

316 1975 532 2028 homines,
555 1978 797 2020 laudatores
829 1980 1005 2032 videtis3
1040 1980 1252 2032 Boviano,
1283 1988 1462 2035 totoque
1492 1993 1547 2021 ex
1586 1978 1764 2019 Samnio

319 2049 418 2075 cum
450 2034 718 2077 laudationes
760 2036 1076 2079 honestissimae
1108 2038 1250 2079 missae
1285 2046 1398 2088 sunt,
1442 2045 1535 2077 tum
1566 2035 1765 2077 homines

234 2100 307 2135 198
322 2092 574 2147 amplissimi
630 2093 974 2150 nobilissimique
1012 2104 1237 2136 venerunt.
1311 2095 1412 2137 Jam
1457 2093 1531 2149 qui
1566 2093 1611 2135 in
1658 2107 1765 2148 agro

321 2148 512 2190 Larinati
555 2150 732 2205 praedia,
766 2152 839 2206 qui
871 2152 1061 2208 negotia,
1089 2153 1162 2207 qui
1198 2157 1294 2194 9res
1328 2151 1549 2209 pecuarias
1586 2149 1764 2200 habent,

319 2205 489 2247 honesti
523 2206 734 2258 homines,
757 2216 800 2248 et
831 2223 1000 2249 summo
1033 2209 1257 2265 splendore
1280 2208 1467 2265 praediti,
1493 2206 1668 2250 difficile
1699 2207 1764 2247 di-

319 2272 391 2303 ctu
424 2272 503 2314 est,
537 2279 666 2319 quam
703 2265 787 2304 sint
830 2265 1018 2316 solliciti,
1055 2281 1184 2320 quam
1219 2267 1430 2308 laborent.
1502 2265 1604 2307 Non
1637 2263 1762 2304 multi

272 2329 305 2360 b.
320 2319 427 2361 mihi
466 2321 520 2361 ab
559 2336 642 2361 uno
673 2321 733 2362 sic
768 2321 891 2378 diligi
930 2323 1146 2373 videntur,
1181 2333 1226 2364 ut
1256 2324 1328 2365 hic
1364 2324 1418 2363 ab
1449 2322 1517 2364 his
1538 2321 1763 2363 universis.

235 2378 307 2432 70
322 2377 463 2423 Quam
489 2392 574 2419 non
597 2379 745 2418 abesse
773 2379 827 2419 ab
860 2380 987 2434 hujus
1003 2380 1174 2434 judicio
1208 2384 1246 2411 10
1258 2382 1306 2422 L.
1329 2379 1626 2429 Volusienum,
1648 2392 1764 2419 sum-

316 2448 389 2473 mo
412 2434 638 2490 splendore
660 2435 879 2477 hominem
910 2452 959 2478 ac
982 2439 1141 2477 virtute
1160 2439 1406 2492 praeditum,
1426 2437 1601 2478 vellem?
1631 2449 1762 2490 quam

317 2489 467 2531 vellem
489 2502 744 2547 praeseutem
763 2508 888 2549 posse
913 2494 963 2534 P.
981 2493 1235 2534 Helvidium
1259 2494 1440 2544 Rufum,
1463 2493 1650 2549 equitem
1671 2492 1762 2533 Ro-

314 2560 506 2599 manum,
539 2549 733 2590 omnium
765 2551 1104 2602 ornatissimum,
1126 2553 1375 2594 nominare:
1406 2551 1497 2606 qui,
1531 2564 1647 2601 cum,
1679 2549 1762 2591 hu-

355 2704 374 2733 8
392 2702 524 2733 Theano
537 2703 657 2744 Apulo]
672 2704 773 2735 Recte
786 2705 916 2737 sublato
925 2717 1015 2737 com·
1057 2707 1159 2738 edidit
1173 2708 1309 2738 Brutus.

313 2750 402 2776 mate
425 2750 500 2785 post
516 2745 648 2776 Theano
670 2747 829 2778 Graevius.
874 2749 927 2780 Sic
942 2749 1013 2780 edd.
1103 2753 1140 2780 10
1163 2750 1206 2781 L.
1232 2747 1455 2788 Volusienum]
1484 2747 1681 2779 Volusenum-
1703 2746 1763 2777 Vi-

313 2797 363 2830 pr·
1057 2795 1140 2822 etor.
1164 2793 1200 2822 P.
1226 2792 1359 2822 Manut.
1416 2790 1605 2830 Utrumque
1634 2798 1757 2820 nomen

353 2834 373 2863 9
389 2839 441 2860 res
449 2830 642 2869 pecuarias]
660 2830 750 2861 Bene
764 2831 849 2862 idem
866 2831 1013 2863 Graevius
1054 2839 1104 2864 est
1119 2835 1153 2864 in
1164 2833 1433 2874 inscriptionibus
1448 2831 1603 2872 antiquis.
1642 2831 1759 2871 ltaque

311 2881 350 2902 ex
371 2871 422 2902 ed.
439 2870 574 2901 Mediol.
600 2872 701 2911 (unde
725 2873 798 2903 Asc.
821 2873 934 2914 habet)
953 2885 1013 2915 pro
1055 2886 1130 2905 cum
1161 2875 1374 2908 Volusienum
1399 2876 1498 2907 sitin
1523 2874 1596 2915 edd.
1623 2884 1672 2915 pr.
1693 2882 1759 2904 sex-

310 2913 445 2954 vulgam
463 2915 688 2955 pecuniarias.
746 2916 833 2947 Ante
860 2916 933 2956 jam
966 2917 1013 2949 sic
1054 2917 1139 2953 vavi.
