1907 3231
468 117 590 157 ACT.
614 118 664 156 Π.
703 115 891 155 LIBER
929 115 1223 156 QUARTUS.
1487 118 1565 155 341

116 231 205 260 non
228 218 368 262 solum
385 219 504 262 domi
527 236 632 274 suae,
649 223 722 264 sed
742 232 835 264 tota
857 221 1006 263 Sicilia
1025 220 1067 260 in
1090 219 1240 276 primis
1263 218 1468 269 nobilem,
1490 234 1565 260 vo-

115 277 374 332 carijussit:
410 278 449 319 ei
475 281 703 335 negotium
739 281 873 330 dedit,
907 288 970 330 ut,
992 277 1202 334 quidquid
1237 276 1421 317 Halunti
1453 287 1564 317 esset

109 335 283 390 ‘argenti
305 335 462 387 caelati,
485 350 573 388 aut,
597 338 631 379 si
653 338 757 393 quid
788 338 918 379 etiam
943 335 1287 384 Corinthiorum,
1316 334 1354 364 63
1371 333 1413 373 id
1436 349 1564 374 omne

114 392 261 433 statim
278 393 330 433 ad
353 408 470 434 mare
491 408 545 434 ex
570 397 732 451 oppido
755 396 1068 452 deportaretur.
1109 391 1350 433 Adscendit
1372 391 1416 431 in
1438 391 1563 446 oppi-

113 448 219 489 dum
240 449 282 480 64
295 448 618 506 Archagathus.
681 453 830 494 Homo
853 451 1025 502 nobilis,
1047 450 1120 505 qui
1141 465 1166 490 a
1188 449 1274 490 suis
1297 458 1341 489 et
1362 448 1495 488 amari
1520 458 1563 488 et

113 505 237 561 diligi
260 507 412 560 vellet3
445 508 611 550 ferebat
642 511 845 566 graviter,
866 510 981 551 illam
1004 508 1086 549 sibi
1108 508 1163 548 ab
1186 508 1270 548 isto
1292 505 1562 563 provinciam

113 562 280 606 datam:
313 579 410 618 nec,
452 567 554 621 quid
588 567 764 620 faceret,
803 568 1007 614 habebat.
1038 565 1305 622 pronuntiat,
1337 562 1442 618 quid
1479 562 1560 603 sibi

112 619 373 676 imperatum
411 634 546 666 esset:
582 624 712 680 jubet
760 640 908 666 omnes
952 624 1157 680 proferre,
1192 637 1289 678 quae
1333 620 1558 663 haberent.

110 687 252 719 metus
294 690 386 721 erat
423 697 631 723 summus.
675 683 767 739 ipse
800 683 915 724 enim
950 691 1157 737 tyrannus
1191 695 1277 720 non
1309 677 1559 720 discedebat

111 733 311 792 longius:
344 736 676 795 Archagathum
712 750 756 780 et
795 748 1023 796 argentum
1058 739 1100 779 in
1134 738 1288 778 lectica
1319 738 1482 778 cubans
1504 735 1557 776 ad

111 806 229 834 mare
250 794 364 836 infra
384 798 594 852 oppidum
616 799 913 853 exspectabat.
977 796 1119 842 Quem
1139 808 1396 835 concursum
1419 793 1463 833 in
1482 807 1558 848 op-
1572 795 1620 828 5⁶2

110 850 216 906 pido
238 851 399 894 factum
434 855 620 909 putatis?
652 869 781 909 quein
804 855 1062 895 clamorem?
1094 866 1222 907 quem
1256 865 1385 908 porro
1409 851 1560 891 fletum

109 908 368 953 mulierum?
399 912 474 966 qui
498 913 690 953 viderent
713 926 871 967 equum
896 911 1132 966 Trojanum
1162 909 1473 959 introductum,
1492 923 1562 949 ur-

111 964 211 1006 bem
233 979 407 1024 captam
428 983 520 1009 esse
539 969 746 1010 dicerent.
813 968 963 1010 Efferri
996 968 1088 1009 sine
1119 967 1256 1008 thecis
1279 981 1393 1018 vasa,
1415 975 1562 1006 extor-

110 1024 231 1078 queri
258 1026 342 1066 alia
371 1025 423 1066 de
453 1027 653 1068 manibus
685 1027 928 1078 mulierum,
960 1025 1133 1080 effringi
1165 1024 1400 1065 multorum
1433 1023 1562 1074 fores,

110 1080 255 1123 revelli
278 1082 477 1124 claustra.
541 1085 659 1131 Quid
683 1085 798 1125 enim
822 1085 1009 1140 putatis?
1043 1092 1165 1124 scuta
1186 1082 1220 1122 si
1253 1082 1425 1137 quando
1458 1095 1562 1121 con-

109 1138 341 1193 quiruntur
373 1155 398 1181 a
419 1141 598 1197 privatis
626 1143 670 1182 in
708 1142 818 1183 bello
852 1157 902 1183 ac
939 1140 1149 1191 tumultu,
1183 1151 1325 1180 tamen
1364 1139 1561 1179 homines

110 1195 238 1237 inviti
259 1197 378 1248 dant,
401 1199 480 1239 etsi
502 1200 555 1240 ad
579 1200 760 1240 salutem
783 1213 1057 1240 communem
1088 1197 1178 1239 dari
1203 1197 1420 1238 sentiunt:
1453 1196 1492 1227 65
1508 1210 1562 1236 ne

108 1267 238 1308 quem
260 1256 422 1311 putetis
444 1256 535 1297 sine
554 1257 748 1298 maximo
769 1257 915 1298 dolore
938 1264 1165 1311 argentum
1188 1254 1388 1295 caelatum
1412 1254 1559 1304 domo,

109 1312 224 1365 quod
245 1313 351 1354 alter
365 1313 563 1369 eriperet,
581 1315 824 1370 protulisse.
847 1314 995 1355 onmia
1015 1312 1280 1355 deferuntur.
1335 1311 1558 1367 Cibyratae

110 1368 262 1410 fratres
312 1381 547 1413 vocantur:
595 1387 733 1427 pauca
768 1372 1042 1428 improbant:
1088 1385 1185 1425 quae
1223 1370 1472 1425 probarant,
1507 1369 1558 1409 iis

107 1436 264 1468 crustae
287 1438 362 1468 aut
389 1429 649 1470 emblemata
669 1429 1018 1470 66detrahuntur.
1051 1427 1124 1469 Sic
1162 1427 1409 1477 Haluntini,
1431 1428 1468 1460 67
1482 1440 1559 1466 ex·
1571 1453 1688 1492 ⁹219·

108 1484 243 1525 cussis
266 1485 446 1536 deliciis,
466 1501 565 1527 cum
589 1498 770 1542 argento
788 1502 896 1543 puro
909 1486 1088 1528 domum
1110 1494 1391 1526 reverterunt.
1425 1483 1555 1530 Quod
1569 1506 1598 1526 a.

106 1556 328 1597 umquam,
355 1542 542 1598 judices,
575 1544 825 1599 hujusmodi
856 1543 1142 1586 everriculum
1173 1543 1216 1582 in
1240 1542 1311 1583 illa
1333 1541 1558 1597 provincia
1571 1545 1642 1592 24

103 1597 218 1642 fuit?
248 1600 287 1631 68
303 1599 509 1642 Avertere
539 1602 702 1657 aliquid
723 1603 774 1643 de
797 1602 972 1659 publico
996 1616 1127 1657 quam
1156 1600 1461 1641 obscurissime
1482 1613 1558 1655 per
1570 1617 1618 1651 53

103 1657 408 1714 magistratum
441 1659 658 1700 solebant..-
689 1660 820 1701 etiam
853 1659 1015 1716 aliquid
1049 1659 1102 1700 de
1139 1658 1310 1714 privato
1343 1671 1560 1698 nonnum-

104 1728 236 1769 quam
264 1716 434 1757 occulte
467 1716 744 1760 auferebant:
788 1728 832 1759 et
868 1718 927 1759 illi
963 1726 1107 1758 tamen
1141 1715 1560 1757 condemnabantur.

106 1770 180 1823 Et,
204 1772 238 1813 si
261 1774 471 1829 quaeritis,
504 1784 551 1815 ut
582 1776 673 1831 ipse
705 1775 758 1817 de
788 1790 858 1817 me
879 1775 1128 1826 detraham3
1161 1773 1255 1814 illos
1279 1788 1362 1830 ego
1385 1787 1562 1814 accusa-

105 1839 220 1870 tores
243 1840 350 1887 puto
368 1831 514 1883 fuisse,
534 1834 607 1887 qui
638 1833 889 1888 hujusmodi
923 1833 1150 1874 hominum
1184 1831 1300 1872 furta
1333 1830 1465 1871 odore
1486 1840 1563 1871 aut

106 1887 251 1943 aliquo
293 1888 444 1930 leviter
476 1904 622 1945 presso
658 1892 844 1948 vestigio
880 1891 1263 1948 persequebantur.
1325 1888 1442 1930 Nam
1480 1902 1559 1928 nos

105 1945 282 2000 quidem
305 1947 409 2002 quid
431 1946 614 1988 facimus
638 1949 681 1989 in
713 1949 860 1999 Verre,
883 1963 1011 2004 quem
1045 1949 1089 1989 in
1110 1947 1202 1988 luto
1228 1946 1469 1988 volutatum
1493 1954 1560 1986 to-

106 2004 192 2043 tius
214 2005 408 2060 corporis
433 2005 627 2061 vestigiis
651 2007 923 2048 invenimus?
956 2006 1248 2061 Permagnum
1279 2014 1359 2055 est,
1393 2004 1436 2044 in
1459 2017 1559 2044 eum

104 2060 248 2102 dicere
279 2061 458 2117 aliquid,
491 2065 564 2117 qui
606 2065 870 2119 praeteriens,
903 2064 1058 2105 lectica
1086 2062 1318 2119 paullisper
1346 2061 1559 2117 deposita,

102 2132 194 2164 ,non
218 2133 294 2175 per
312 2121 570 2177 praestigiaS,
594 2121 667 2161 sed
690 2122 830 2178 palam
854 2137 929 2178 per
951 2131 1228 2178 potestatem,
1249 2135 1335 2160 uno
1359 2119 1557 2175 imperio,

104 2176 297 2217 ostiatim
318 2187 459 2219 totum
492 2178 703 2234 oppidum
733 2180 1008 2237 compilarit?
1069 2178 1129 2219 At
1152 2188 1312 2229 tamen,
1334 2177 1374 2211 69
1388 2187 1436 2217 ut
1458 2192 1557 2233 pos-

127 2375 134 2381 ·
145 2333 186 2364 63
209 2333 247 2364 id
259 2345 352 2366 omne
365 2337 494 2377 statim]
514 2338 662 2368 Grau-ius
677 2348 807 2368 revoca·

104 2381 154 2406 vit
192 2377 370 2408 lectionem
397 2385 557 2417 veterem,
584 2386 622 2411 ut
649 2390 742 2412 omne
767 2385 807 2410 st.

103 2427 171 2449 non
185 2420 288 2450 male:
303 2422 357 2459 qui
375 2432 441 2453 non
456 2433 513 2463 pro
529 2424 675 2454 ascendit
687 2434 727 2453 ex.
740 2433 808 2453 uno

105 2460 170 2491 Ms.
187 2472 253 2502 reg.
271 2463 372 2494 edidit
387 2467 539 2496 escendit.

146 2504 188 2534 64
216 2507 464 2545 Archagathus.
510 2508 620 2539 Homo
649 2509 808 2538 nobilis—

101 2547 212 2583 «vellet,
223 2547 312 2588 jen]
347 2549 399 2579 Sic
426 2551 617 2591 inter-punxi
645 2551 733 2581 hunc
761 2551 809 2580 lo-

105 2598 193 2625 cum,
223 2591 279 2629 qui
303 2592 484 2623 seeundum
510 2593 681 2632 vulgatam
708 2594 810 2623 inter-

105 2632 319 2670 punctionem
334 2634 443 2674 friget.
468 2645 546 2666 nam
562 2637 596 2665 in
609 2637 671 2674 his,
686 2637 716 2666 71.
740 2637 810 2666 nob.

107 2673 166 2703 ἃς.
182 2679 231 2704 est
247 2685 356 2712 eausa,
372 2688 471 2716 quare
488 2688 573 2717 aegre
589 2678 714 2709 tulerit.
729 2679 805 2708 sim-

105 2714 237 2754 pliciter
252 2717 397 2749 laudavit
411 2726 488 2750 ante
504 2730 523 2751 a
536 2721 721 2753 nobilitate.

148 2758 188 2788 65
212 2768 252 2788 ne
264 2770 358 2799 quem
372 2763 507 2802 putetis]
536 2763 591 2793 Ne
605 2764 732 2794 dictum
748 2774 807 2804 pro

107 2801 240 2831 vedum.
256 2812 286 2831 v.
299 2803 330 2833 J.
347 2803 399 2834 Fr.
414 2806 515 2835 (ἐπ-οη.
533 2811 566 2835 et
584 2806 754 2837 Drakenb.
768 2806 808 2839 ad

109 2841 182 2873 Liv.
198 2843 263 2880 111,
279 2846 328 2875 5-2.

893 2338 935 2369 66
956 2336 1195 2376 detrahuntur]
1223 2336 1303 2366 Mss.
1319 2335 1426 2366 Graev.
1445 2335 1508 2365 Gu.
1524 2339 1559 2365 et

851 2380 924 2411 edd.
939 2391 988 2421 pr.
1004 2381 1273 2410 detrahebantur.

894 2424 932 2457 67
969 2425 1110 2453 excussis
1137 2421 1273 2460 deliciis]
1313 2420 1390 2450 Non
1427 2420 1556 2458 dubito,

852 2465 1045 2496 Ciceronem
1075 2466 1240 2504 scripsisse
1271 2464 1395 2494 arcussi
1421 2464 1554 2493 deliciis.

852 2509 905 2538 Sic
926 2508 1096 2547 eleganter
1125 2507 1249 2537 Latini.
1266 2517 1294 2536 v.
1309 2506 1401 2536 Clav.
1427 2507 1461 2535 in
1476 2506 1509 2537 h.
1525 2517 1553 2537 ν.

853 2555 1004 2581 excutere
1025 2550 1158 2580 delicias
1176 2550 1228 2579 vix
1245 2554 1332 2579 recte
1347 2549 1486 2579 dicatur.

896 2594 936 2623 68
959 2593 1117 2623 Avertere
1131 2591 1273 2631 aliquid]
1292 2592 1378 2621 Puto
1399 2591 1556 2622 excidisse

854 2636 927 2673 alii,
942 2635 1135 2675 absorptum
1150 2635 1190 2665 ab
1203 2633 1299 2664 initio
1314 2634 1405 2665 verbi
1419 2644 1556 2673 sequen-

850 2679 905 2708 tis,

893 2721 933 2755 69
955 2725 993 2750 ut
1011 2720 1130 2760 posset]
1164 2719 1217 2750 Sic
1238 2719 1350 2760 scripsi
1377 2728 1437 2759 pro
1455 2719 1556 2758 possit

851 2764 1046 2793 necessarii).
1081 2763 1230 2793 Pertinet
1243 2764 1333 2792 enim
1347 2761 1388 2792 ad
1402 2761 1554 2791 futurum

850 2811 1000 2845 tempus:
1025 2810 1059 2836 et
1073 2806 1222 2845 sequitui·
1236 2805 1337 2835 deret.
1382 2803 1427 2834 Et
1451 2803 1554 2846 reperi

857 2849 902 2878 sic
918 2849 952 2878 in
968 2848 1029 2878 Gu.

798 2897 871 2933 ΖΞ
