1907 3231
326 127 396 161 104
756 125 823 161 IN
856 125 903 164 Q.
947 125 1293 163 CAECILIUM

328 240 428 282 pere
447 240 497 267 ac
519 227 686 282 prodire
707 229 913 284 coeperit3
946 244 1018 285 per
1049 229 1243 270 homines
1266 227 1588 270 honestissimos
1610 227 1744 270 viros-

329 298 412 337 que
424 282 692 335 fortissimos,
714 301 798 326 non
823 286 1041 342 imperitos
1058 285 1408 336 adolescentulos,
1421 296 1494 326 aut
1517 283 1747 327 illiusmodi

269 345 318 377 69
330 341 693 396 quadruplatores,
733 343 846 397 leges
879 343 1129 396 judiciaque
1177 342 1539 384 administrentur.
1612 341 1748 397 Cujus

330 399 650 440 consuetudinis
664 408 791 454 atque
813 399 996 439 instituti
1020 410 1172 454 patres,
1187 399 1452 455 majoresque
1474 408 1642 441 nostros
1663 413 1750 441 nou

330 456 572 509 poenitebat
604 466 709 504 tum,
731 471 827 496 cum
862 455 911 496 P.
937 455 1153 506 Lentulus,
1189 456 1237 506 is,
1260 456 1330 511 qui
1364 456 1560 527 princeps
1581 464 1751 497 senatus

330 511 664 562 fuit,accusabat
692 511 1333 569 B'l’.Aquillium,subscriptore
1355 515 1406 554 (Α
1424 512 1588 554 Rutilio
1612 511 1752 555 Rufo:

330 579 403 608 aut
425 584 522 609 cum
558 568 606 609 P.
629 568 872 618 Africanus,
895 569 1024 610 homo
1057 570 1227 619 virtute,
1251 570 1436 620 fortuna,
1457 570 1606 625 gloria,
1627 570 1754 611 rebus

331 625 462 679 gestis
484 626 783 680 amplissimus,
808 637 1081 682 posteaquam
1108 626 1170 668 bis
1192 626 1341 667 consul
1364 636 1408 667 et
1429 641 1581 668 censor
1603 626 1756 677 fuerat,

333 682 382 722 L.
408 682 583 723 Cottam
607 682 647 721 in
664 682 879 736 judicium
903 684 1098 724 vocabat.
1157 683 1261 725 Jure
1283 692 1373 724 tum
1404 683 1584 724 florebat
1606 682 1754 739 populi

334 738 519 778 Romani
554 753 733 781 nomen:
759 740 858 794 jure
879 741 1110 782 auctoritas
1132 739 1258 795 hujus
1283 740 1463 795 imperii,
1483 740 1756 795 civitatisque

331 795 547 850 iiizijcstaS,
589 796 729 852 gravis
762 798 1014 838 habebatur.
1045 812 1170 838 nemo
1203 797 1436 838 mirabatur
1476 797 1519 838 in
1548 796 1756 839 Africano

334 851 420 901 illo,
442 853 555 906 quod
578 853 619 893 in
642 868 710 894 me
733 869 860 904 nunc,
882 854 1054 895 homine
1075 854 1215 910 parvis
1237 854 1391 910 opibus
1411 867 1461 894 ac
1482 854 1757 896 facultatibus

272 931 324 968 70
337 910 532 965 praedito,
553 910 754 952 siinulant
786 926 875 952 sese
907 911 1065 961 mirari,
1086 926 1184 952 cum
1215 911 1392 952 moleste
1422 910 1575 952 ferant.
1636 911 1754 958 Quid

335 966 415 1007 sibi
440 966 519 1006 iste
543 967 657 1009 vult?
686 978 1031 1010 accusatoremne
1062 982 1105 1008 se
1135 968 1387 1018 existimari,
1409 968 1483 1023 qui
1529 976 1656 1010 antea
1683 968 1756 1009 de-

335 1021 507 1064 fendere
537 1035 840 1066 consueverat:
871 1040 985 1066 nunc
1021 1025 1270 1081 praesertim,
1303 1040 1353 1066 ea
1377 1025 1471 1079 jam
1494 1034 1635 1076 aetate,
1657 1039 1756 1066 cum

335 1079 582 1120 redilitatem
626 1084 770 1136 petat?
814 1081 908 1138 Ego
942 1097 1041 1123 vero
1075 1082 1214 1123 aetatis
1246 1097 1333 1123 non
1368 1082 1497 1123 modo
1529 1097 1651 1133 meae,
1684 1082 1758 1124 sed

229 1148 259 1179 Ρ·
273 1138 322 1168 66-
336 1136 471 1177 multo
511 1138 639 1178 etiam
674 1139 916 1195 superioris,
952 1148 995 1179 et
1028 1138 1203 1180 honoris
1233 1138 1482 1195 amplissimi
1509 1149 1614 1196 puto
1651 1153 1756 1190 esse,

293 1191 377 1233 ³·et
398 1208 595 1235 accusare
617 1194 850 1252 improbOS,
872 1206 913 1238 et
936 1196 1110 1237 miseros
1141 1195 1496 1251 calamitososque
1516 1195 1758 1237 defendere.

338 1249 394 1290 Et
416 1251 610 1306 profecto
632 1264 706 1293 aut
728 1252 810 1293 hoc
832 1253 1065 1294 remedium
1096 1262 1159 1294 est
1180 1263 1356 1310 aegrotae
1387 1268 1436 1294 ac
1458 1267 1590 1309 prope
1611 1253 1760 1309 despe-

335 1316 437 1348 ratae
461 1308 722 1364 reipublicae,
737 1309 998 1365 judiciisque
1019 1311 1230 1366 corruptis
1261 1325 1310 1351 ac
1330 1309 1633 1351 contaminatis
1655 1324 1759 1366 pau.-

333 1379 483 1405 corum
506 1365 610 1406 vitio
633 1382 681 1407 ae
704 1367 982 1422 turpitudine,
1005 1367 1198 1408 homines
1221 1368 1271 1408 ad
1295 1367 1435 1423 legum
1450 1366 1758 1419 defensionem,

326 1420 676 1477 judiciorumque
707 1425 1022 1476 auctoritatem,
1054 1439 1182 1479 quam
1222 1424 1546 1465 h011e513ssin10s
1574 1433 1618 1465 et
1649 1423 1759 1465 inte-

333 1479 539 1534 gerrimos
572 1479 1007 1536 diligentissimosque
1041 1482 1266 1533 accedere;
1299 1494 1386 1532 aut,
1410 1481 1443 1522 si
1475 1496 1529 1522 ne
1560 1480 1644 1522 hoc
1663 1481 1759 1536 qui-

334 1536 429 1576 dem
453 1536 651 1592 prodesse
681 1539 855 1594 poterit,
877 1539 1071 1595 profecto
1093 1539 1207 1579 nulla
1227 1554 1431 1594 umquam
1459 1537 1672 1579 medicina
1693 1537 1758 1579 his

270 1599 317 1635 71
335 1601 400 1633 tot
421 1593 702 1635 incommodis
736 1596 980 1652 reperietur.
1042 1595 1170 1637 Bulla
1201 1596 1310 1637 salus
1343 1595 1590 1651 reipublicae
1619 1594 1758 1650 major

332 1658 409 1698 est,
432 1664 558 1704 quam
580 1665 668 1701 eOS,
689 1653 762 1706 qui
795 1653 974 1694 alterum
1005 1664 1222 1704 accusant,
1245 1668 1330 1694 non
1362 1653 1502 1694 minus
1535 1652 1588 1693 de
1619 1652 1757 1703 laude,

330 1707 383 1746 dc
405 1705 580 1757 honore,
602 1708 654 1748 de
676 1708 789 1750 fama
822 1724 910 1759 sua,
932 1724 1059 1764 quam
1088 1709 1196 1761 illos,
1217 1710 1290 1765 qui
1326 1718 1593 1760 accusantur,
1614 1709 1667 1750 de
1688 1723 1758 1750 ca-

330 1763 420 1818 pite
451 1779 501 1804 ac
534 1764 715 1805 fortunis
749 1766 833 1806 suis
868 1767 1178 1822 pertimescere.
1240 1767 1391 1822 ltaque
1413 1780 1578 1822 semper
1610 1765 1640 1807 ii
1661 1765 1757 1807 dili-

329 1820 576 1875 gentissime
603 1821 1017 1878 laboriosissimeque
1029 1837 1296 1873 accusarunt,
1319 1824 1392 1879 qui
1414 1823 1574 1880 seipsos
1606 1822 1652 1864 in
1672 1822 1757 1865 dis-

330 1877 489 1917 crimen
512 1878 843 1921 existimationis
866 1881 1009 1921 venire
1030 1881 1223 1922 arbitrati
1247 1891 1359 1922 sunt.

247 1925 314 1972 22
387 1934 678 1980 Quamobrem
701 1936 784 1979 hoc
816 1947 1014 1987 statuere,
1029 1938 1213 1993 judiceS,
1234 1938 1412 1989 debetis,
1435 1937 1492 1984 Q.
1516 1936 1756 1989 Caecilium,

328 1990 380 2031 de
401 2006 486 2046 quo
508 1992 622 2033 nulla
653 2009 856 2049 umquam
887 1995 1034 2048 opinio
1067 1995 1210 2046 fuerit,
1242 1995 1440 2050 nullaque
1472 1995 1515 2035 in
1547 1993 1630 2035 hoc
1662 1994 1755 2050 ipso

320 2047 489 2102 judicio
512 2052 778 2106 exspectatio
800 2051 945 2092 futura
965 2051 1043 2103 sit;
1075 2053 1147 2107 qui
1169 2066 1320 2107 neque,
1343 2062 1390 2093 ut
1411 2059 1510 2093 ante
1530 2050 1755 2092 collectam

328 2104 487 2147 famam
515 2118 754 2158 conservet,
775 2122 913 2163 neque
946 2109 1008 2149 uti
1041 2109 1189 2164 reliqui
1223 2109 1426 2165 temporis
1459 2122 1577 2164 spem
1598 2106 1756 2150 confir-

326 2173 429 2213 met,
451 2162 641 2215 laborat:
673 2179 757 2206 non
779 2166 906 2206 nimis
928 2165 1039 2206 hanc
1061 2181 1230 2208 causam
1253 2180 1409 2216 severe,
1430 2180 1516 2206 non
1538 2165 1664 2206 nimis
1684 2179 1756 2206 ac-

327 2230 487 2270 curate,
521 2235 607 2262 non
641 2221 766 2263 nimis
807 2222 1034 2279 diligenter
1066 2233 1275 2265 acturum.
1308 2223 1439 2264 habet
1477 2221 1592 2263 enim
1632 2221 1755 2272 nihil,

327 2276 440 2330 quod
465 2277 506 2317 in
529 2277 766 2319 offensione
787 2280 1015 2335 deperdat:
1047 2289 1095 2321 ut
1125 2280 1369 2337 turpissime
1399 2278 1755 2335 flagitiosissime-

258 2341 316 2379 '72
330 2346 411 2386 que
431 2333 636 2385 discedat,
660 2336 762 2376 nihil
786 2337 838 2377 de
860 2336 944 2377 suis
967 2338 1180 2379 veteribus
1203 2336 1462 2379 ornamentis
1483 2335 1683 2391 requiret.
1714 2334 1756 2376 A

327 2390 453 2430 nobis
486 2391 643 2432 multos
665 2393 834 2434 obsides
867 2393 999 2435 habet
1030 2395 1212 2451 populus
1238 2394 1473 2443 Romanus,
1495 2407 1602 2448 quos
1623 2400 1672 2433 ut
1691 2391 1758 2433 in-

325 2445 512 2488 columes
543 2464 807 2501 conservare,
841 2451 963 2501 tueri,
996 2453 1247 2493 confirmare
1269 2467 1317 2493 ac
1339 2463 1586 2506 recuperare
1618 2449 1754 2505 possi-

326 2517 434 2553 mus,
475 2505 591 2545 omni
634 2507 798 2547 ratione
837 2508 917 2548 erit
958 2509 1263 2550 dimicandum.
1344 2507 1492 2548 Habet
1531 2505 1753 2556 honorem,

325 2574 451 2613 quem
474 2562 682 2616 petimus:
716 2563 845 2605 habet
878 2579 1010 2620 spem,
1032 2581 1159 2621 quam
1192 2565 1457 2622 propositam
1476 2563 1601 2604 nobis
1623 2561 1754 2603 habe-

324 2630 444 2657 mus:
479 2618 607 2659 habet
639 2619 1018 2673 existimationem,
1040 2622 1175 2664 multo
1209 2623 1374 2672 sudore,
1396 2621 1541 2662 labore
1573 2618 1752 2675 vigiliis-

324 2687 406 2726 que
428 2674 647 2716 collectam
667 2693 674 2717 :
709 2687 769 2727 ut,
792 2678 823 2717 si
849 2679 888 2718 in
914 2678 993 2719 hac
1014 2694 1142 2720 causa
1162 2689 1353 2721 nostrum
1375 2677 1566 2719 officium
1588 2690 1638 2717 ac
1657 2673 1754 2716 dili·

322 2730 512 2784 gentiam
546 2733 880 2787 probaverimus,
903 2735 1011 2786 liaec,
1033 2751 1128 2791 quae
1159 2736 1265 2786 dixi,
1299 2735 1478 2776 retinere
1508 2748 1585 2790 per
1615 2746 1753 2788 popu-

322 2786 410 2826 lum
435 2786 678 2830 Romanum
711 2790 942 2832 incolumia
967 2808 1018 2834 ac
1050 2793 1164 2834 salva
1195 2793 1430 2849 possimus:
1475 2791 1507 2831 si
1539 2788 1751 2831 tantulum

321 2842 533 2886 offensum
568 2846 887 2904 titubatumque
919 2849 1000 2903 sit;
1030 2859 1078 2892 ut
1106 2864 1169 2902 ea,
1199 2864 1295 2906 quae
1330 2847 1577 2905 singulatim
1599 2859 1649 2888 ac
1676 2845 1750 2886 diu
