1907 3231
447 118 568 156 ACT.
601 119 652 156 ΙΙ.
685 115 871 155 LIBER
904 115 1233 154 SECUNDUS,
1482 113 1556 153 185

130 228 254 278 ptum
274 229 353 272 est,
374 221 418 261 id
438 236 525 263 non
549 221 679 263 modo
711 221 791 263 tibi
822 219 984 271 datum,
1007 219 1078 260 sed
1110 228 1184 260 tua
1204 233 1333 260 manu
1361 233 1556 260 numera-

131 289 224 319 tum
247 278 434 334 judicari
460 293 630 320 necesse
651 287 729 319 est.
793 279 921 329 Nam,
944 279 978 318 si
999 277 1110 317 hanc
1135 275 1428 317 defensionem
1458 291 1597 332 pro-p.
1618 286 1685 317 114.

132 337 306 386 habitis,
332 334 426 375 Non
447 336 598 391 accepit
620 336 725 390 ipse,-
755 334 870 386 licet,
893 334 1038 376 onmia
1067 334 1119 374 de
1144 333 1336 390 pecuniis
1359 342 1558 389 repetun-
1569 342 1598 362 a.

132 393 196 434 dis
212 392 575 448 judiciatollatis.
607 395 645 427 97
660 407 784 433 nemo
810 407 1012 448 umquam
1044 400 1131 431 tam
1150 405 1259 442 rcus,
1282 399 1369 430 tam
1400 403 1558 430 nocens

131 450 379 500 adducetur,
400 451 473 504 qui
499 450 582 491 ista
608 448 855 491 defensione
886 465 972 491 non
1003 448 1139 505 possit
1162 448 1240 489 uti.
1272 446 1431 487 etenim
1459 461 1559 487 cum

132 506 282 547 Verres
304 516 473 559 utatur;
504 508 599 562 quis
623 507 705 548 erit
735 522 938 562 umquam
969 505 1149 562 posthac
1181 520 1274 546 reus
1306 512 1393 544 tam
1419 503 1559 558 perdi-

131 573 214 613 tus,
231 563 300 618 qui
326 579 411 604 non
433 564 485 604 ad
507 565 564 610 Q.
586 564 725 605 Mucii
749 564 1039 606 innocentiam
1061 562 1281 613 referatur,
1299 562 1331 602 si
1355 575 1454 602 cum
1475 560 1559 602 isto

130 619 402 662 conferatur?
437 621 590 677 Neque
621 637 733 663 nunc
766 630 850 662 tam
884 621 989 662 mihi
1022 621 1091 661 isti
1124 619 1300 660 Verrem
1331 616 1559 659 defendere

130 678 342 729 videntur,
364 693 491 733 quam
515 680 559 719 in
582 678 713 719 Verre
735 679 996 719 defensionis
1018 687 1182 718 tentare
1202 677 1426 717 rationem.
1459 675 1557 722 Qua
1568 687 1621 721 23

129 735 182 775 de
204 749 261 785 re,
288 735 470 789 judices,
494 736 615 777 vobis
642 750 900 791 magnopere
922 735 1233 792 providendum
1263 744 1342 774 est.
1372 733 1560 789 pertinet

127 791 212 833 hoc
233 792 286 833 ad
311 807 522 834 summam
551 793 816 849 reipublicae,
839 802 882 833 et
903 793 954 833 ad
985 792 1351 832 existimationem
1382 790 1560 841 ordinis,

131 850 395 905 salutemque
424 851 654 892 sociorum.
715 850 759 891 Si
791 850 904 890 enim
937 851 1186 890 innocentes
1217 847 1454 890 existimari
1485 862 1561 888 vo-

131 906 286 958 lumus,
308 922 393 948 non
420 908 557 949 solum
577 922 654 948 nos
679 907 958 959 abstinentes,
982 907 1054 948 sed
1076 907 1206 947 etiam
1235 917 1404 946 nostros
1427 905 1561 946 comi-

132 973 196 1005 tes
235 975 437 1021 praestare
472 966 691 1006 debemus.
753 964 948 1006 Primum
985 965 1178 1005 omnium
1210 966 1248 995 528
1262 977 1392 1019 opera
1423 962 1641 1008 dandall

131 1030 210 1073 est,
233 1032 281 1062 ut
302 1037 373 1063 eos
405 1023 631 1063 nobiscum
660 1022 881 1072 ducamus,
903 1021 976 1077 qui
1008 1031 1164 1062 nostrae
1189 1020 1315 1061 famae
1345 1019 1565 1075 capitique

131 1078 381 1120 consulant:
415 1079 582 1131 deinde,
607 1079 640 1120 si
663 1080 707 1120 in
739 1079 986 1121 hominibus
1006 1078 1213 1135 eligendis
1238 1092 1316 1118 nos
1341 1091 1435 1133 spes
1458 1077 1565 1117 ami-

130 1136 246 1177 citiae
272 1136 485 1188 fefellerit,
508 1146 555 1177 ut
576 1137 858 1187 vindicemus,
882 1137 1033 1177 missos
1065 1136 1287 1186 faciamus,
1311 1148 1476 1190 semper
1504 1134 1566 1175 ita

130 1194 340 1244 vivamus,
364 1203 411 1234 ut
439 1195 649 1235 rationem
680 1195 937 1235 reddendam
969 1194 1095 1234 nobis
1117 1194 1387 1234 arbitremur.
1447 1191 1564 1232 Afri-

132 1251 227 1291 cani
251 1260 314 1291 cst
336 1251 433 1302 hoc,
451 1251 637 1292 hominis
659 1251 969 1292 liberalissimi:
1002 1252 1368 1303 c22-‘)(verumta1nen
1389 1264 1438 1290 ea
1459 1249 1565 1290 libe-

133 1308 276 1348 ralitas
307 1319 371 1349 est
396 1309 629 1364 probanda,
657 1323 754 1363 quae
787 1309 877 1348 sine
908 1308 1099 1364 periculo
1131 1306 1463 1348 existimationis
1485 1315 1563 1357 est,

134 1365 244 1406 utin
274 1365 345 1406 illo
374 1366 490 1416 fuit.)
531 1365 643 1406 Cum
669 1367 723 1407 ab
746 1381 796 1406 eo
828 1365 1003 1421 quidam
1033 1368 1073 1396 30
1086 1374 1208 1406 vetus
1239 1372 1487 1415 assectator,
1509 1378 1562 1404 ex
1575 1372 1626 1407 29

133 1437 311 1463 numero
348 1423 599 1473 amicorum,
632 1438 719 1464 non
753 1423 1016 1479 impetraret,
1049 1423 1111 1463 uti
1147 1436 1190 1462 se
1232 1421 1482 1477 praefectum
1520 1423 1565 1462 in

133 1479 327 1520 Africam
350 1480 538 1531 duceret,
561 1489 603 1521 et
628 1480 670 1521 id
693 1481 824 1521 ferret
854 1479 1056 1520 moleste:
1092 1479 1206 1529 Noli,
1230 1479 1385 1534 inquit,
1409 1479 1568 1529 mirari,

131 1537 166 1578 si
187 1544 231 1578 ta
253 1552 277 1577 a
300 1552 360 1578 me
379 1537 451 1578 lwc
471 1552 551 1578 uon
578 1538 781 1592 impetras.
804 1552 874 1594 ego
888 1539 985 1593 jam
1008 1536 1169 1592 pridem
1200 1537 1252 1577 ab
1275 1552 1332 1586 eo,
1355 1535 1420 1576 cui
1441 1551 1569 1577 meam

132 1594 465 1635 existimationem
489 1610 625 1636 caram
640 1593 742 1651 fore
762 1595 956 1644 arbitror,
975 1601 1086 1650 pem,
1111 1602 1154 1635 ut
1180 1608 1329 1634 mecum
1353 1591 1569 1648 pra’fectus

125 1652 424 1708 proficiscatur,
447 1660 484 1693 et
503 1652 632 1693 adhuc
655 1653 870 1707 impetrare
894 1666 974 1692 non
989 1666 1164 1706 possam.
1209 1650 1381 1691 Etenim
1403 1664 1446 1690 re
1468 1665 1568 1692 vera

131 1710 268 1750 multo
299 1710 438 1765 magis
465 1719 530 1750 est
562 1711 796 1767 petendum
828 1710 882 1750 ab
919 1709 1181 1759 hominibus,
1213 1709 1245 1749 si
1279 1707 1382 1748 salvi
1417 1716 1458 1747 et
1489 1707 1567 1748 ho·-

132 1767 242 1808 nesti
265 1781 355 1807 esse
377 1766 587 1817 volumus,
612 1777 657 1807 ut
679 1777 778 1808 eant
808 1767 1034 1808 nobiscum
1056 1767 1099 1807 in
1132 1766 1415 1822 provinciam,
1438 1779 1566 1820 quam

133 1824 218 1865 hoc
240 1824 321 1864 illis
345 1824 387 1864 in
412 1825 608 1865 beneficii
630 1824 726 1865 loco
749 1824 1041 1865 deferendum.
1099 1824 1181 1864 Sed
1205 1833 1266 1874 tu,
1288 1837 1386 1864 cum
1405 1831 1448 1863 et
1470 1832 1566 1864 tuos

134 1883 295 1923 amicos
319 1881 362 1921 in
388 1883 671 1937 provinciam,
703 1883 824 1937 quasi
849 1883 893 1922 in
925 1882 1130 1937 praedam,
1152 1881 1382 1929 invitabas,
1398 1888 1446 1920 vet
1468 1895 1568 1921 cum

132 1939 229 1989 illis,
252 1953 300 1979 ac
324 1953 398 1994 per
416 1954 487 1980 eos
513 1939 772 1995 praedabare,
793 1949 836 1980 et
858 1954 929 1980 cos
950 1939 993 1978 in
1015 1939 1225 1979 concione
1243 1937 1410 1978 annulis
1429 1937 1568 1977 aureis
1578 1949 1610 1979 b.

133 1997 348 2047 donabas-3
381 2010 466 2037 non
489 1998 721 2047 statuebas,
744 1997 823 2037 tibi
848 2011 931 2037 non
959 1996 1097 2037 solum
1119 1997 1172 2037 de
1194 2006 1250 2048 te,
1270 1995 1340 2036 sed
1364 1994 1494 2035 etiam
1516 1995 1569 2036 de

133 2053 301 2095 illorum
325 2053 451 2093 factis
472 2055 682 2095 rationem
705 2068 795 2094 esse
818 2053 1104 2096 reddendam?

188 2115 225 2143 31
244 2110 357 2152 Cum
378 2110 456 2151 hos
478 2111 558 2152 sibi
579 2119 769 2167 quaestus
787 2111 1098 2162 constituisset,
1117 2125 1295 2167 magnos
1315 2118 1444 2165 atque
1464 2110 1569 2151 ube·
1580 2112 1634 2147 30

175 2228 214 2260 27
238 2235 270 2256 n.
296 2235 443 2266 unquam
469 2230 539 2257 tam
564 2236 652 2262 reus,
683 2230 753 2256 tam
775 2236 830 2256 no-

134 2269 220 2308 cens]
269 2268 322 2299 lta
340 2268 411 2299 edd.
431 2274 510 2299 vett.
531 2274 564 2299 et
580 2268 659 2298 Mss.
675 2268 830 2308 plerique.

134 2311 280 2341 Primum
290 2315 359 2341 tam
368 2321 552 2351 expunxere
559 2311 674 2341 Lamb.
686 2310 830 2340 etGi-aev.

134 2353 205 2392 Ego
228 2353 362 2383 servavi.
385 2358 454 2383 tam
476 2364 552 2384 reus
573 2358 629 2390 est,
648 2353 695 2382 ita
718 2352 831 2382 multis

135 2396 325 2426 criminibus
341 2405 426 2433 reus,
441 2402 481 2426 ut
495 2396 608 2427 Cicero
623 2395 705 2426 dixit
720 2395 754 2424 in
770 2394 830 2425 hac

134 2437 204 2478 ipsa
219 2439 377 2468 oratione.

176 2483 215 2511 28
239 2490 335 2520 opera
350 2485 446 2511 tanta
468 2481 579 2510 danda
600 2479 659 2519 est]
698 2477 829 2508 Delevi-

135 2531 208 2552 mus
229 2532 305 2552 cum
328 2523 456 2553 Graevio
479 2527 576 2553 tanta
590 2535 598 2550 :
627 2521 712 2560 quod
735 2521 829 2550 nihili

135 2569 185 2594 est
193 2565 372 2603 evidenter,
382 2575 442 2595 nec
451 2566 549 2595 habet
562 2564 649 2604 quod
659 2565 688 2595 ei
698 2573 830 2603 respon-

136 2605 213 2636 deat
227 2607 262 2636 in
275 2617 362 2646 seqq.

177 2650 217 2682 ‘29
238 2647 585 2688 verumtamen—filit]
625 2648 698 2678 Hoc
721 2648 753 2677 in
774 2658 830 2687 pa·

135 2690 280 2720 renthesi
298 2697 349 2721 est
369 2692 608 2731 accipiendum,
623 2700 719 2730 quam
737 2696 831 2719 nota-

136 2733 260 2763 vimus:
275 2743 338 2771 qua
353 2743 419 2763 non
433 2734 668 2769 animadversa,
682 2732 767 2762 male
782 2734 832 2762 in·

136 2779 336 2814 terpretatus
347 2781 398 2807 est
413 2777 448 2806 P.
465 2776 636 2807 Manutius
649 2775 689 2805 ad
703 2774 741 2805 L.
760 2775 786 2804 Ι.
802 2785 830 2804 c.

137 2820 187 2849 50.

873 2225 965 2256 abest
978 2225 1049 2256 edd.
1067 2229 1148 2257 vett.
1186 2224 1301 2264 Itaque
1318 2223 1431 2254 delevi.
1456 2224 1490 2254 in
1505 2235 1574 2255 uno

873 2268 997 2298 Nannii
1021 2269 1084 2299 Ms.
1109 2272 1238 2308 reperta
1254 2272 1312 2298 est.
1358 2267 1420 2297 Sed
1434 2267 1572 2298 fortasse

872 2315 983 2340 totum
1005 2311 1065 2341 hoc
1081 2321 1120 2340 ey
1143 2320 1174 2339 η.
1198 2320 1230 2339 α.
1255 2309 1401 2349 spurium
1425 2314 1474 2339 est
1496 2314 1531 2340 et
1553 2321 1573 2340 a

874 2352 1063 2391 glossatore.
1087 2354 1174 2384 Nam
1191 2356 1403 2382 assectatores
1417 2358 1495 2382 sunt
1511 2352 1570 2382 bo-

874 2396 978 2424 mines
993 2400 1121 2431 tenues,
1137 2394 1190 2433 qui
1211 2395 1353 2432 aliquem
1376 2394 1501 2424 assidue
1515 2404 1569 2424 co-

872 2438 1046 2473 mitantur,
1071 2445 1108 2467 nt
1134 2437 1308 2476 aliquando
1332 2435 1453 2474 aliquid
1479 2446 1569 2466 com-

873 2479 959 2509 modi
976 2480 1148 2520 accipiant.
1164 2489 1192 2508 v.
1209 2479 1299 2508 Clav.
1329 2479 1399 2508 Nec
1414 2478 1566 2510 credibile

872 2521 1039 2551 homiuem
1053 2527 1122 2552 tam
1138 2520 1231 2551 nihili
1245 2522 1279 2551 in
1293 2530 1429 2550 numero
1444 2522 1566 2552 amico-

873 2574 946 2593 rum
960 2564 1103 2594 Africani
1117 2564 1224 2593 fuisse.

914 2608 949 2636 31
985 2604 1566 2636 C'um—ssconstz'tuisset-—tum—inm’-

871 2648 980 2687 uerat]
1029 2648 1135 2686 Hujus
1157 2648 1272 2678 formae
1293 2653 1327 2677 et
1343 2647 1408 2678 alia
1421 2653 1498 2678 sunt
1513 2659 1567 2679 ex-

873 2690 994 2730 empla,
1010 2696 1048 2720 ut
1071 2700 1168 2730 supra
1189 2701 1217 2720 c.
1238 2692 1352 2729 2.q11ae
1372 2701 1445 2720 eum
1467 2700 1571 2721 manu

875 2733 1095 2763 munitissima
1117 2737 1208 2769 essee,
1228 2733 1568 2763 tum—claudebatur.

876 2775 914 2805 L.
936 2775 998 2810 ΙΙΙ,
1023 2777 1072 2805 54.
1096 2775 1199 2815 princ.
1245 2775 1317 2805 Hoc
1337 2784 1403 2804 non
1425 2774 1574 2805 animad,

876 2825 983 2852 vei-sn,
996 2817 1148 2847 Nannius
1163 2817 1302 2858 putabat
1314 2816 1488 2855 legendum
1503 2826 1574 2847 esse

177 2862 223 2890 30
243 2869 271 2889 v.
286 2863 461 2891 assectator
475 2865 505 2891 et
519 2870 558 2891 ex
573 2870 605 2890 n.
622 2859 668 2899 a.]
708 2859 835 2900 Copula
877 2870 895 2890 e
917 2859 981 2890 ΜΞ.
1002 2869 1082 2890 suo:
1106 2869 1188 2900 quas
1209 2860 1275 2900 ipse
1286 2860 1475 2890 instituerat
1496 2869 1573 2889 eum
