1907 3231
297 143 368 178 122
824 135 888 176 IN
915 133 1175 174 VERREM

290 241 533 292 libidinose,
570 241 705 282 multa
740 240 967 282 crudeliter
1008 239 1050 280 in
1088 237 1204 280 cives
1246 234 1467 278 Romanos
1505 240 1635 290 atque
1675 231 1720 275 in

292 298 446 350 socios,
477 298 612 339 multa
634 299 675 339 in
699 297 800 339 deos
822 296 1101 351 hominesque
1123 292 1283 336 nefarie
1301 292 1464 343 fecerit,
1496 300 1589 332 tum
1641 303 1722 331 rae-

292 366 407 397 terea
447 355 796 411 quadringenties
843 351 1084 395 sestertium
1122 365 1178 392 ex
1232 349 1380 392 Sicilia
1415 356 1568 391 contra
1621 359 1721 402 eges

291 412 529 454 abstulisse.
591 411 690 453 Hoc
714 411 908 460 testibus,
939 409 1021 449 hoc
1044 406 1199 449 tabulis
1229 407 1422 464 privatis,
1454 403 1723 462 publicisque

291 469 636 518 auctoritatibus,
668 469 728 510 ita
746 468 867 508 vobis
890 465 1065 522 planum
1087 464 1307 515 faciemus,
1337 473 1386 505 ut
1402 463 1486 505 hoc
1507 459 1720 510 statuatis,

289 527 456 569 etiamsi
479 526 664 582 spatium
687 525 739 566 ad
769 523 999 566 dicendum
1027 531 1175 563 nostro
1204 520 1448 571 commodo,
1478 529 1723 572 vacuosque

291 584 381 626 dies
403 583 712 633 habuissemus,
735 590 877 623 tamen
899 578 1093 622 oratione
1109 578 1241 635 longa
1261 577 1369 620 nihil
1388 591 1497 634 opus
1516 575 1664 618 fuisse.

646 760 984 804 ACTIONIS
1017 756 1363 802 SECUNDAE

452 941 526 1006 C.
663 939 728 1006 V
830 938 889 1004 E
992 937 1055 1003 R
1155 936 1219 1002 R
1319 935 1379 1001 E
1479 932 1557 1000 M

731 1053 1287 1097 LIBERPRIMUS

574 1228 1011 1284 PRAETURA
1053 1226 1439 1283 URBANA.

766 1343 1002 1387 ORATIO
1034 1341 1252 1387 SEXTA.

689 1523 1081 1563 ARGUMENTUM
1104 1518 1328 1562 ASCONII.

292 1601 474 1649 Deinceps
493 1599 566 1636 haec
579 1599 701 1635 omnia
717 1610 789 1635 non
807 1599 920 1641 dicta,
945 1599 1008 1634 sed
1022 1599 1162 1646 scripta
1185 1602 1269 1634 sunt
1295 1601 1422 1636 contra
1448 1610 1540 1642 eum,
1559 1599 1656 1647 quod
1671 1601 1728 1638 ita

333 1654 484 1704 factum
500 1656 565 1688 est.

395 1705 517 1752 Fingit
537 1704 672 1747 Cicero,
700 1703 821 1740 adesse
836 1704 876 1739 in
890 1700 1032 1749 judicio
1055 1701 1198 1739 Verrem
1223 1703 1588 1752 comperendinatum,
1615 1708 1652 1740 et
1668 1717 1726 1742 re-

341 1758 517 1806 spondere
534 1757 700 1798 citatum,
730 1760 765 1791 et
783 1754 938 1804 defendi.
993 1754 1038 1790 In
1056 1756 1191 1791 coeteris
1209 1757 1304 1790 enim
1322 1756 1543 1792 orationibus
1561 1755 1726 1805 defensor

331 1809 501 1860 futurus,
518 1810 756 1845 accusationis
773 1807 930 1856 officium
945 1806 1000 1844 his
1019 1807 1131 1850 libris,
1149 1808 1214 1855 qui
1234 1806 1463 1844 Verrinorum
1476 1809 1618 1844 nomine
1633 1821 1727 1846 nun-

342 1867 536 1911 cupantur,
564 1872 792 1909 compensare
809 1861 977 1903 decrevit,
996 1864 1044 1902 et,
1063 1861 1234 1907 quoniam
1251 1871 1419 1896 accusare
1435 1860 1567 1896 multos
1583 1860 1728 1897 indeco-

341 1926 425 1950 rum
446 1913 566 1950 Tullio
583 1913 785 1955 videbatur,
813 1913 851 1948 in
875 1923 950 1948 una
975 1923 1085 1948 causa
1107 1913 1179 1948 vim
1206 1910 1310 1958 hujus
1335 1913 1427 1948 artis
1454 1916 1490 1948 et
1516 1912 1728 1961 eloquentia·

344 1966 601 2002 demonstrare.
628 1977 715 2002 nam
733 1969 767 2000 et
787 1964 871 2000 bene
894 1964 1135 2012 intelligentes
1162 1976 1300 2000 omnem
1324 1965 1495 2000 virtutem
1513 1965 1726 2008 oratoriam,

346 2030 565 2067 quaecunque
582 2019 620 2054 in
638 2017 948 2054 criminationibus
967 2018 1164 2052 constituta
1185 2021 1250 2059 est,
1279 2016 1337 2052 hic
1359 2027 1561 2065 expressam
1577 2017 1726 2055 vident.-

344 2075 380 2106 et
398 2074 537 2112 contra,
566 2082 608 2106 ex
625 2070 691 2106 hoc
705 2068 950 2118 defensionum
966 2070 1039 2105 vim
1062 2070 1102 2105 in
1126 2070 1261 2105 caeteris
1285 2067 1519 2112 orationibus,
1550 2073 1585 2105 et
1601 2080 1728 2106 nervos

345 2121 420 2169 ejus
436 2134 479 2159 ex
496 2122 565 2158 hac
582 2124 716 2158 virtute
742 2125 970 2168 cognoscunt,
998 2133 1078 2170 quoe
1102 2122 1142 2157 in
1167 2121 1399 2169 opprimendo
1425 2121 1639 2169 exprimitur
1655 2133 1729 2159 reo.

347 2175 470 2223 Igitur
487 2186 608 2211 rerum
623 2186 730 2210 scena
753 2172 923 2223 sicfacta
940 2177 1005 2216 est,
1033 2177 1075 2210 ut
1101 2173 1191 2209 dicit
1221 2174 1372 2215 Tullius,
1403 2185 1475 2210 non
1498 2178 1620 2210 autem
1643 2178 1730 2211 acta

344 2239 401 2263 res
427 2232 493 2264 est.
548 2238 692 2269 Anns‘r,
723 2227 855 2274 inquit,
893 2224 1030 2267 Verres,
1060 2226 1263 2274 respondet,
1294 2224 1510 2275 defenditur.
1536 2237 1622 2273 ergo
1648 2237 1729 2262 cum

342 2282 467 2328 prima
483 2280 626 2315 actione
643 2282 830 2315 accusatus
847 2279 908 2320 sit,
937 2290 980 2314 ac
1004 2277 1168 2327 defensus
1191 2277 1327 2320 Verres,
1353 2289 1460 2322 nunc,
1488 2277 1587 2314 velut
1604 2277 1728 2327 defen-

344 2343 404 2368 sus
422 2333 565 2374 iterum,
596 2332 665 2378 (sic
680 2332 776 2367 enim
791 2342 866 2367 mos
883 2329 994 2376 erat‚)
1020 2332 1059 2366 in
1076 2330 1195 2367 altera
1212 2331 1352 2367 actione
1368 2333 1559 2367 accusatur
1575 2330 1626 2367 ad
1640 2330 1731 2366 ulti-

346 2396 445 2420 mum
457 2395 580 2420 rursus
598 2385 762 2420 oratione
774 2387 962 2431 perpetua.
1019 2382 1182 2419 Crimina
1197 2383 1488 2431 repetundarum,
1507 2387 1542 2419 et
1559 2382 1637 2419 alia
1648 2381 1730 2432 pk-

347 2448 462 2484 raque
487 2448 530 2472 ex
556 2440 726 2472 anteacta
748 2437 827 2471 vita
846 2446 938 2484 soepe
953 2434 1180 2484 firmantur.-
1206 2436 1361 2471 sumitur
1388 2435 1500 2471 etiam
1531 2434 1615 2472 hinc
1636 2445 1730 2483 saepe

347 2487 517 2536 defensio.
535 2489 650 2524 omnis
666 2489 761 2524 enim
777 2487 1002 2538 confirmatio
1020 2487 1064 2523 ab
1081 2487 1266 2523 attributis
1279 2498 1442 2535 personoe
1458 2491 1493 2523 et
1510 2487 1655 2534 negotio
1670 2497 1732 2523 su-

347 2542 399 2576 mi
423 2541 525 2577 solet.
553 2551 639 2588 ergo
668 2540 848 2577 attributa
871 2550 1034 2588 personae
1064 2540 1218 2576 maxime
1245 2541 1283 2575 in
1311 2543 1481 2575 anteacta
1509 2540 1588 2576 vita
1617 2541 1732 2587 quaeri

346 2592 486 2628 solent:
515 2593 710 2639 negotium,
738 2593 778 2628 in
794 2593 872 2641 ipso
889 2592 1048 2628 crimine.
1102 2591 1230 2627 Libros
1247 2592 1362 2639 igitur
1375 2603 1445 2640 pro
1462 2591 1643 2640 qualitate
1659 2592 1730 2628 crt-

348 2645 484 2680 minum
508 2643 646 2680 Tullius
664 2645 837 2687 dividens,
865 2644 1042 2680 anteactis
1059 2655 1169 2679 unum
1187 2644 1298 2686 dedit,
1327 2643 1420 2679 hunc
1435 2644 1572 2681 scilicet
1587 2643 1730 2680 solum.-

347 2697 491 2732 crimini
509 2697 579 2744 ipsi
595 2697 876 2744 repetundarum
893 2700 1068 2744 quatuor:
1096 2706 1207 2731 unum
1221 2693 1359 2741 dejure
1376 2695 1525 2732 dicendo
1537 2711 1551 2732 .·
1574 2696 1732 2733 alterum

347 2748 392 2784 de
418 2759 457 2784 re
467 2747 739 2797 frumentaria.-
768 2749 914 2784 tertium
938 2748 981 2783 cle
1001 2748 1138 2795 signis.-
1167 2752 1338 2796 quartum
1360 2749 1404 2784 de
1419 2747 1617 2796 suppliciis.
1668 2746 1732 2787 Ad

347 2800 440 2836 hanc
457 2801 552 2835 enim
567 2800 842 2836 similitudinem
856 2803 968 2848 potita
990 2799 1176 2848 Virgilius,
1196 2798 1370 2843 Minoem,
1380 2797 1542 2845 judicem
1560 2799 1659 2848 apud
1675 2800 1732 2840 in-

336 2850 455 2900 stros,
471 2857 643 2900 tanquam
658 2853 687 2888 εἰ
703 2857 839 2900 proetor
851 2854 900 2888 eit
915 2863 1031 2888 rerum
1049 2852 1274 2901 capitalium,
1291 2852 1531 2903 quaesitorem
1545 2851 1729 2902 appellat.-

1898 2784 1906 3064 ξ

1897 3065 1907 3231 ι
