1907 3231
304 138 383 172 300
839 135 909 174 ΙΝ
938 135 1213 174 VERREM

308 252 428 278 mum
452 245 572 279 tuum
595 237 774 290 furtum,
797 239 1171 295 certissimumque
1197 238 1470 296 peculatum:
1502 241 1622 294 (nam
1651 242 1738 296 qu‘o

308 294 394 336 alio
422 297 598 337 nomine
630 297 825 353 pecuniae
856 297 1041 352 publicae
1081 296 1312 339 foeneratio
1346 307 1410 339 est
1439 296 1693 354 appellanda
1706 299 1740 348 ἓ)

310 366 494 395 REC1TA
527 367 763 406 RELIQUA.
821 355 861 385 68
876 354 1072 394 Scribam
1103 363 1224 395 tuum
1255 355 1419 406 dicunt,
1455 355 1620 406 Verres,
1655 353 1738 395 hu-

303 410 378 466 jus
400 412 729 467 perscriptorem
762 410 1061 452 foenerationis
1094 410 1248 453 fuisse:
1279 413 1318 453 ei
1349 427 1521 469 quoque
1541 411 1739 468 magistri

309 468 529 510 minantur
550 469 593 509 in
616 468 783 508 litteris.
814 469 855 501 69
872 468 1032 508 etenim
1062 482 1164 509 casu
1195 469 1388 524 [scribae]
1418 479 1511 512 tum
1540 470 1626 511 duo
1646 483 1740 510 ma-

310 526 433 581 gistri
457 525 631 566 fuerunt
649 540 747 566 cum
766 525 929 566 Vettio.
992 524 1125 565 Binas
1147 527 1400 568 centesimas
1431 528 1486 570 ab
1509 541 1553 568 se
1573 526 1738 567 ablatas

309 583 533 624 ferendum
553 597 638 622 non
659 589 836 638 putant:
870 591 913 622 et
935 591 1049 623 recte
1070 596 1158 623 non
1182 592 1350 639 putant.
1393 584 1503 631 Quis
1521 584 1636 625 enim
1652 582 1739 625 hoc

309 640 415 681 fecit
444 642 675 695 umquam?
706 639 801 694 quis
830 639 1014 694 denique
1035 649 1216 680 conatus
1247 649 1312 681 est
1334 640 1488 693 facere,
1517 650 1592 683 aut
1611 654 1739 698 posse

179 697 402 746 p.186-fieri
437 697 663 752 cogitavit,
694 706 756 747 ut,
787 711 885 738 cum
925 706 1095 737 senatus
1125 699 1166 730 70
1179 697 1433 752 publicanos
1464 713 1591 740 usura
1623 712 1738 755 saepe

268 754 504 809 ³·juvisset,
526 754 801 811 magistratus
823 769 848 794 a
869 753 1110 810 publicanis
1142 755 1370 811 pecuniam
1393 770 1470 812 pro
1502 755 1640 797 usuris
1662 770 1738 796 au-

309 812 428 852 deret
449 810 642 853 auferre?
694 811 822 852 Certe
850 811 953 853 huic
974 811 1141 853 homini
1173 826 1268 868 spes
1298 812 1414 853 nulla
1443 813 1589 854 salutis
1610 820 1736 864 esset,

224 868 296 903 169
309 868 343 909 si
366 868 601 925 publicani,
619 869 704 910 hoc
727 881 805 921 est,
827 870 862 910 si
883 869 1048 924 equites
1074 869 1534 925 Romanijudicarent.
1585 870 1738 912 Minor

306 940 399 967 esse
429 941 559 978 nunc,
587 926 773 982 judices,
806 927 931 967 vobis
967 926 1309 983 disceptantibus
1341 928 1494 970 debet:
1532 936 1577 968 et
1613 935 1736 969 tanto

303 983 459 1035 minor,
481 994 642 1039 quanto
660 993 725 1024 est
745 983 981 1035 honestius,
1002 986 1040 1017 7¹
1057 984 1204 1025 alienis
1227 984 1409 1040 injuriis,
1432 999 1562 1042 quam
1592 999 1637 1026 re
1659 997 1736 1027 sua

303 1041 581 1083 commoveri.
644 1041 762 1087 Quid
805 1041 857 1081 ad
899 1040 993 1082 haec
1034 1042 1290 1098 respondere
1322 1042 1517 1099 cogitas?
1576 1042 1735 1084 Utrum

305 1099 468 1140 factum
491 1098 696 1154 negabis?
718 1113 770 1139 an
797 1098 877 1138 tibi
899 1098 983 1138 hoc
1005 1098 1171 1139 licitum
1193 1113 1284 1140 esse
1302 1100 1528 1142 defendes?
1560 1099 1737 1156 Negare

303 1157 375 1211 qui
401 1159 550 1211 potes?
581 1170 634 1196 an
667 1167 715 1196 ut
746 1164 866 1196 tanta
896 1159 1152 1198 auctoritate
1183 1156 1435 1209 litterarum,
1458 1166 1523 1198 tot
1551 1158 1734 1198 testibus

303 1213 545 1271 publicanis
579 1214 865 1254 convincare?
927 1213 1119 1254 Licuisse
1150 1228 1249 1254 vero
1280 1215 1380 1270 qui?
1431 1214 1735 1255 Simehercule

303 1280 346 1312 te
368 1271 595 1327 pecuniam
620 1280 751 1321 tuam,
775 1286 861 1311 non
883 1271 1032 1327 populi
1057 1270 1259 1321 Romani,
1280 1272 1324 1312 in
1347 1272 1574 1328 provincia
1595 1272 1735 1313 foene-

302 1338 440 1370 ratum
461 1328 674 1378 docerem,
696 1330 737 1362 72
750 1337 893 1369 tamen
914 1328 1105 1383 effugere
1127 1343 1210 1369 non
1237 1344 1396 1385 posses.
1428 1329 1454 1356 ⁷¹⁶²
1477 1333 1517 1364 73
1532 1329 1603 1370 sed
1624 1330 1736 1385 pub-

303 1385 445 1436 licam,
468 1386 539 1426 sed
563 1386 620 1427 ob
644 1385 906 1427 frumentum
926 1386 1157 1436 decretam,
1177 1389 1248 1427 sed
1264 1402 1289 1427 a
1306 1386 1547 1444 publicanis
1565 1386 1735 1428 foenore

303 1453 505 1499 accept03
524 1443 608 1484 hoc
626 1442 795 1484 licuisse
817 1443 1017 1499 cuiquam
1040 1443 1269 1500 probabis?
1300 1459 1386 1499 quo
1409 1459 1495 1485 non
1513 1445 1644 1486 modo
1664 1458 1740 1499 ce<

303 1501 398 1551 teri,
419 1501 487 1541 sed
514 1510 559 1541 tu
580 1501 671 1557 ipse
692 1500 798 1541 nihil
830 1501 1033 1541 audacius
1065 1501 1388 1557 improbiusque
1410 1501 1566 1543 fecisti.
1628 1501 1731 1543 Non

301 1558 545 1599 mehercule
587 1558 684 1607 hoc,
718 1558 833 1613 quod
869 1558 1068 1599 omnibus
1108 1558 1323 1615 singulare
1353 1559 1536 1610 videtur,
1567 1558 1620 1600 de
1646 1574 1733 1614 quo

299 1616 407 1656 mihi
439 1615 642 1670 deinceps
664 1615 894 1656 dicendum
926 1625 1004 1667 est,
1027 1630 1216 1672 possum,
1234 1616 1421 1671 judiceS,
1440 1616 1583 1657 dicere
1601 1616 1733 1657 auda-

298 1673 390 1713 cius
413 1687 518 1723 esse,
542 1683 616 1713 aut
647 1672 953 1729 impudentius,
978 1673 1093 1728 quod
1125 1673 1348 1730 permultis
1380 1674 1633 1715 civitatibus
1655 1687 1735 1730 pro

301 1729 518 1771 frumento
554 1729 662 1770 nihil
693 1730 821 1771 solvit
857 1731 1049 1771 omnino.
1081 1730 1219 1786 major
1250 1731 1345 1772 haec
1376 1731 1525 1787 praeda
1550 1730 1733 1772 fortasse

336 1856 375 1886 62
400 1855 549 1885 Scribam
563 1859 657 1885 tunm
673 1855 764 1891 dicit,
788 1854 917 1891 Verres,
938 1856 984 1895 Ῐι.]

294 1897 508 1928 heribendum
521 1898 644 1927 dicunt.
673 1897 734 1927 Est
747 1898 836 1927 enim
851 1898 991 1937 epistola

292 1941 475 1970 communis
492 1940 737 1980 magistrorum:
762 1945 795 1970 et
810 1941 844 1969 in
854 1950 991 1979 sequen-

290 1982 379 2012 tibus
394 1987 456 2019 est,
472 1983 643 2013 minantur
656 1982 691 2012 in
706 1983 817 2012 literis.
840 1982 991 2022 Singula-

292 2024 335 2054 ris
359 2030 456 2055 natus
479 2029 528 2054 est
551 2035 589 2055 ex
614 2034 665 2061 ρο,
692 2024 778 2063 quod
797 2024 866 2054 sine
887 2025 989 2055 inter-

290 2068 473 2106 punctione
485 2072 556 2097 erat
569 2067 603 2096 in
616 2067 707 2096 libris
729 2068 843 2097 dicunt
859 2067 988 2104 Verres,

292 2109 539 2148 retuleruntque
552 2109 592 2140 ad
607 2109 735 2146 Verres,
744 2113 779 2139 et
790 2110 990 2149 singularem

290 2151 370 2182 dicit
384 2152 498 2182 fecere.

333 2195 374 2229 69
395 2196 514 2224 etenim
529 2204 606 2223 casu
628 2193 739 2224 seriboe
753 2197 825 2223 tum
839 2194 902 2224 cluo
916 2204 987 2223 ma-

286 2237 388 2274 gistri
418 2236 490 2276 &c.]
517 2237 556 2266 In
573 2236 623 2266 his
649 2235 760 2267 nullus
785 2245 897 2266 sensus
924 2242 983 2275 est.

289 2279 367 2317 quid
388 2279 440 2309 hic
458 2279 568 2309 scriboe
589 2279 651 2309 duo
678 2279 856 2317 magt'stri?
880 2279 987 2308 Immo

288 2322 400 2351 scriboe
434 2321 619 2351 delendum.
676 2321 781 2357 Dicit,
808 2325 883 2351 tum
912 2330 989 2350 casu

287 2369 354 2393 tres
367 2363 540 2403 magistros
553 2364 661 2393 fuisse.
697 2362 869 2393 Ordinarie
880 2373 986 2392 unum

288 2406 484 2445 magistrum
511 2406 676 2436 societatis
703 2405 813 2440 fuisse,
838 2405 986 2445 pluribus

287 2446 368 2477 locis
393 2448 491 2477 unius
519 2448 686 2478 Ciceronis
712 2447 923 2487 intelligitur,
948 2452 986 2478 ut

286 2489 378 2520 Verr.
405 2490 451 2526 ΙΙ,
476 2493 527 2523 74.
551 2501 580 2520 v.
605 2494 639 2520 et
656 2490 771 2521 Burm.
796 2490 835 2520 de
857 2490 985 2529 Vectig.

284 2541 317 2571 p.
339 2534 407 2562 134.
428 2532 514 2562 unde
533 2537 567 2562 et
586 2542 650 2572 pro
673 2534 832 2570 magistro
854 2532 985 2562 dicitur.

285 2572 402 2613 ltaque
417 2574 552 2604 verbum
564 2575 626 2605 hoc
640 2575 733 2605 uncis
746 2575 875 2605 inclusi.

327 2619 368 2649 70
386 2617 578 2656 publicanos
606 2627 711 2647 usura
731 2627 812 2657 soepe
823 2616 980 2657 juvisset]

283 2658 427 2688 Gronov.
457 2658 496 2688 de
520 2659 602 2689 Sest.
624 2659 682 2697 lv,
703 2661 732 2689 3.
757 2660 893 2699 corrigit
913 2670 984 2690 ver-

282 2710 377 2737 sura,
404 2700 584 2740 probatque
613 2702 771 2732 Graevius.
816 2702 903 2732 Scire
931 2713 984 2732 ve-

1032 1865 1105 1885 cum
1130 1855 1281 1885 :erarium
1304 1865 1323 1886 a
1346 1856 1527 1896 publicanis
1542 1855 1646 1886 foenus
1662 1865 1729 1888 non

1032 1899 1190 1937 exegerit,
1213 1898 1268 1928 sed
1290 1908 1375 1938 saepe
1394 1899 1567 1938 pecuniam
1586 1899 1656 1929 sine
1671 1899 1733 1929 foe1

1033 1945 1112 1971 nore
1124 1940 1262 1977 dederit,
1272 1941 1408 1971 Verrem
1417 1940 1524 1972 multo
1536 1941 1645 1971 minus
1653 1951 1732 1972 usu-

1034 1992 1084 2012 ras
1100 1983 1140 2012 ab
1161 1982 1198 2012 iis
1224 1993 1338 2022 capere
1352 1983 1508 2014 debuisse.
1550 1983 1627 2014 «Iam
1642 1984 1668 2014 si
1683 1983 1732 2014 di-

1031 2025 1132 2055 xisset
1147 2034 1285 2054 versura
1298 2025 1454 2066 jue-isset,
1477 2025 1667 2065 ambiguum
1681 2035 1731 2056 es·

1031 2072 1099 2097 set:
1123 2077 1201 2097 nam
1214 2077 1346 2098 versura
1360 2068 1477 2107 juvare
1495 2068 1598 2098 etiam
1616 2077 1730 2108 possu-

1033 2119 1105 2139 mus
1128 2109 1221 2147 alios,
1249 2110 1310 2140 sub
1331 2111 1448 2140 usuris.
1491 2110 1600 2150 Igitur
1625 2119 1732 2141 usura

1033 2161 1145 2182 verum
1171 2156 1269 2191 puto:
1293 2162 1392 2183 usura
1408 2155 1575 2192 juvamus,
1599 2152 1730 2191 quando

1028 2194 1177 2234 pecuniae
1186 2204 1281 2224 usum
1291 2195 1498 2225 concedimus
1510 2196 1579 2226 sine
1587 2195 1727 2226 foenore:

1029 2241 1063 2267 et
1078 2237 1123 2266 sic
1138 2237 1264 2276 accepit
1279 2237 1314 2267 P.
1331 2237 1513 2267 Manutius.

1073 2282 1110 2312 71
1142 2280 1258 2309 alienis
1292 2278 1438 2321 injuriis,
1469 2289 1569 2320 quam
1601 2289 1638 2309 re
1664 2289 1728 2310 sua

1031 2320 1161 2360 comm]
1194 2320 1244 2351 Re
1259 2321 1339 2352 mihi
1353 2322 1500 2362 spurium
1515 2320 1656 2359 videtur,
1676 2322 1728 2352 in-

1029 2363 1310 2403 telligendumque
1318 2363 1446 2405 injuria
1453 2374 1491 2394 ex
1501 2363 1727 2395 antecedente.

1029 2416 1066 2435 re
1079 2415 1141 2436 sua
1152 2412 1203 2436 est
1217 2405 1314 2436 nimis
1329 2415 1461 2446 vag-um,
1477 2415 1536 2436 nec
1551 2410 1663 2446 aptam
1678 2407 1727 2438 fa-

1032 2448 1076 2478 cit
1093 2448 1286 2478 antithesin.

1071 2492 1113 2523 7⁶2
1136 2494 1245 2521 tamen
1269 2489 1418 2531 effugere
1431 2500 1495 2521 non
1514 2490 1565 2530 μ]
1597 2490 1726 2532 Nempe

1030 2533 1106 2571 quia
1120 2532 1244 2571 legibus
1258 2537 1405 2568 cautum,
1415 2542 1456 2563 ne
1465 2533 1677 2572 magistratus
1691 2534 1728 2565 in

1025 2575 1200 2614 provinciis
1226 2576 1292 2605 suis
1326 2575 1431 2604 foenus
1468 2580 1668 2606 exercerent.
1694 2585 1726 2607 v.

1027 2617 1120 2657 Disp.
1137 2622 1284 2647 nostram
1299 2616 1337 2646 de
1352 2616 1634 2656 Negotiator-ibus.
1660 2619 1725 2649 Pro

1027 2660 1172 2689 docerem
1186 2658 1257 2696 edd.
1273 2669 1322 2699 pr.
1337 2659 1487 2690 dicerem.

1069 2704 1109 2734 73
1131 2702 1189 2731 sed
1194 2701 1375 2740 publicam]
1410 2701 1473 2732 Hie
1487 2702 1640 2732 lacunam
1655 2712 1724 2733 esse

284 2741 355 2778 lim,
372 2743 535 2781 quomodo
549 2744 699 2773 zei-arium
715 2753 849 2775 versura
857 2745 981 2784 juverit
1023 2748 1127 2785 patet.
1175 2744 1276 2774 Deest
1290 2743 1413 2782 aliquid
1428 2744 1629 2786 hujusmodi,
1644 2749 1681 2776 at
1693 2749 1725 2776 te

282 2785 485 2823 publicanos.
512 2785 726 2815 Manifestum
747 2793 796 2816 est
821 2797 861 2816 ex
882 2787 981 2816 ratio·
1026 2797 1088 2818 non
1101 2790 1196 2817 tuam
1208 2785 1311 2824 doceo,
1327 2786 1384 2816 sed
1398 2787 1457 2817 ἃς.

282 2828 461 2865 cinatione,
478 2827 670 2858 Ciceronem
692 2828 798 2859 dicere
823 2828 978 2859 voluisse:

1871 675 1877 791 -vae——Nn-
1871 619 1878 657 x
1876 628 1877 631 „
1871 531 1877 591 ‚4¹-
1870 492 1877 522 g„

1875 1804 1878 1829 ⁴·
1872 1072 1883 1799 smxw--W
1872 1005 1880 1068 nv).-

1874 2751 1881 2778 .a2
1874 2554 1881 2730 ff-xefffflV-.2-
1875 2508 1881 2543 'a
1875 2428 1881 2492 v«
1874 2240 1882 2420 ⁴jetmffl
1874 1979 1882 2229 mm,-
1875 1918 1882 1970 ψει
