1907 3231
606 82 725 127 PRO
751 88 917 131 LEGE
941 87 1224 128 MANILIA,
1569 94 1645 131 511

189 209 235 236 se
256 193 350 251 ipse
370 191 614 244 constituit,
636 194 768 236 etiam
788 194 1012 252 praecipuo
1024 193 1126 250 jure
1143 207 1235 235 esse
1253 193 1454 237 deberet?
1485 194 1539 236 de
1560 210 1650 251 quo

189 250 376 309 legando
401 266 526 309 spero
548 253 746 294 consules
770 254 821 295 ad
845 262 1044 296 senatum
1073 251 1297 293 relaturos.
1319 253 1393 306 qui
1417 253 1452 293 si
1474 253 1650 295 dubita-

189 310 315 362 bunt,
337 320 414 352 aut
441 309 763 367 gravabuntur·
754 328 764 363 3
797 326 881 368 ego
903 311 943 346 69
956 325 1026 358 me
1051 310 1260 367 profiteor
1283 310 1541 362 r·;elatu1um
1573 326 1651 353 ne-

188 383 274 424 que
301 382 369 409 me
401 344 613 424 impediet
645 368 919 425 cujusquam,
945 369 1155 419 Quirites,
1179 368 1407 408 inimicum
1438 368 1648 420 edictum,

180 441 275 481 quo
303 425 463 477 minus,
485 425 621 466 fretus
654 427 792 479 vobis,
815 431 856 463 ιθ
871 437 1061 469 vestrum
1086 426 1162 483 jus
1195 425 1544 480 beneficiumque
1575 427 1649 467 de-

184 483 384 526 fetidam:
415 498 571 539 neque,
595 494 752 539 praeter
785 486 1154 536 intercessionem,
1177 483 1415 540 quidquam
1446 483 1648 536 auditum

185 541 240 582 de
272 555 360 596 qua
393 545 462 594 (ut
492 542 698 594 albitroe)
732 543 803 584 isti
838 544 936 600 ipsi,
970 543 1044 599 qui
1078 543 1314 594 minantur,
1349 541 1483 583 etiam
1517 550 1648 596 atque

185 599 335 650 etiam,
357 599 511 655 71quid
532 599 676 652 liceat,
699 602 1053 643 considewabunt.
1087 600 1194 642 Mea
1215 575 1392 656 quidem
1415 599 1647 650 sententia,

188 656 400 708 Quirites,
425 673 534 701 unus
557 657 612 698 A.
633 658 866 710 Gabinius,
898 659 997 700 belli
1020 659 1227 700 maritimi
1250 671 1528 714 ieruinqueo
1505 668 1646 699 ‹resta-

174 729 283 760 ,rum
322 725 489 767 auctor,
525 731 672 758 comes
712 716 796 758 Cn.
841 717 1055 772 Pompeio
1094 716 1382 768 adscribitur}
1415 725 1647 772 propterea

177 772 306 828 quod
326 773 433 815 alter
456 774 530 815 uni
554 774 598 816 id
623 774 782 816 bellum
806 775 1131 830 suscipiendum
1156 774 1308 815 xestris
1331 773 1550 830 suffragiis
1571 774 1646 815 de-

186 831 313 883 tulit3
346 832 452 873 alter
473 831 666 874 delatum
688 845 1026 888 susceptumque
1046 830 1253 873 confecit.

178 932 181 933 γ
244 888 482 945 Reliquum
503 899 582 942 est,
605 899 655 931 ut
673 889 727 931 de
748 890 805 937 Q.
830 890 976 931 Catuli
999 890 1262 931 auctoritate
1281 897 1326 930 et
1343 889 1558 931 sententia
1578 889 1642 931 di·
1656 882 1730 931 20

184 948 372 989 cendum
391 962 483 990 esse
505 948 717 989 videatur.
739 948 814 1004 qui
837 963 934 989 cum
957 963 1012 989 ex
1035 947 1157 989 vobis
1179 957 1408 1003 quae1·,eret
1431 947 1464 987 si
1489 947 1532 987 in
1557 963 1642 989 uno
1656 956 1707 990 59

177 1004 271 1059 Cn.
296 1005 509 1062 Pompeio
531 1006 680 1047 omnia
709 1006 943 1061 poneretiS,
966 1006 1001 1047 si
1032 1006 1137 1061 quid
1168 1020 1220 1047 eo
1253 1005 1418 1046 factum
1449 1013 1577 1056 esset,
1600 1006 1646 1046 in

183 1078 272 1119 quo
295 1078 414 1120 spem
437 1064 587 1105 essetis
611 1064 829 1117 habituri3
861 1065 980 1120 cepit
1002 1078 1211 1121 maonum
1241 1078 1330 1104 suae
1354 1063 1528 1104 virtutis
1556 1063 1647 1104 fru-

184 1131 321 1175 ctum,
343 1136 393 1163 ac
409 1121 654 1179 dignitatis,
674 1137 775 1163 cum
797 1137 948 1163 omnes
968 1137 1105 1179 prope
1124 1136 1208 1163 una
1225 1136 1346 1173 voce,
1369 1135 1422 1163 lN
1448 1135 1510 1162 Eo
1532 1136 1649 1163 IPso

186 1193 276 1223 vos
303 1194 435 1222 SPEM
462 1193 752 1222 HABITUROS
778 1194 897 1222 ESSE
921 1180 1112 1222 dixistis.
1160 1179 1336 1220 Etenim
1358 1180 1454 1221 talis
1477 1190 1542 1221 est
1565 1181 1646 1231 vir,

176 1247 233 1282 ut
254 1238 373 1280 nulla
394 1253 460 1280 res
483 1247 606 1280 tanta
627 1239 682 1280 sit
705 1254 755 1280 ac
778 1248 868 1280 tam
891 1238 1096 1289 difficilis,
1120 1253 1251 1293 quam
1272 1238 1343 1279 ille
1366 1253 1453 1279 non
1475 1247 1519 1279 et
1541 1253 1646 1280 con-

183 1295 281 1337 silio
303 1311 468 1352 regere,
490 1306 535 1338 et
556 1296 810 1354 integritate
833 1298 958 1348 tueri,
981 1305 1025 1338 et
1046 1297 1210 1337 virtute
1242 1295 1458 1338 conficere
1491 1296 1645 1353 possit.

183 1354 258 1396 sed
281 1355 325 1396 in
348 1354 432 1396 hoc
454 1356 550 1411 ipso
583 1356 640 1396 ab
658 1369 713 1396 eo
740 1354 1120 1396 vehementissime
1142 1354 1368 1405 dissentio,
1390 1355 1525 1410 quod,
1557 1369 1650 1409 quo

186 1412 332 1453 minus
351 1423 475 1454 certa
495 1422 562 1454 est
588 1412 816 1454 hominum
847 1428 897 1454 tc
927 1413 1070 1454 minus
1092 1413 1299 1453 diuturna
1320 1412 1424 1462 vita,
1448 1412 1533 1454 hoo
1554 1426 1647 1454 ma-

176 1470 255 1527 gis
281 1462 543 1527 iespublica,
573 1471 677 1512 dum
707 1486 783 1527 pel
818 1471 922 1513 deos
954 1470 1222 1512 immortales
1249 1470 1368 1521 lieet,
1401 1470 1486 1511 frui
1514 1471 1645 1512 debet

183 1528 345 1570 summi
365 1528 555 1571 hominis
578 1529 670 1571 vita
691 1539 832 1585 atque
852 1529 1027 1571 vir.tute
1088 1527 1149 1569 At
1171 1528 1288 1569 enim
1311 1503 1419 1569 ni'hil
1440 1529 1544 1570 novi
1567 1529 1642 1570 fiat
1656 1538 1709 1572 60

175 1596 335 1630 contra
368 1587 572 1643 exempla
598 1600 730 1644 atque
762 1587 966 1629 instituta
998 1586 1234 1643 majorum.
1295 1586 1399 1628 Non
1428 1586 1529 1628 dieo
1557 1586 1643 1629 hoc

179 1642 293 1696 loce,
316 1644 505 1701 majores
526 1656 699 1688 nostros
722 1660 905 1702 semper,
928 1647 972 1687 in
992 1659 1099 1702 pace
1116 1644 1469 1696 consuetudini,
1461 1659 1504 1685 m
1531 1644 1645 1687 bello

176 1701 362 1746 utilitati
384 1704 604 1760 paruisse3
635 1718 805 1760 semper
826 1704 879 1746 ad
902 1718 1039 1746 novos
1070 1718 1196 1753 casus
1222 1714 1485 1759 temporum,
1506 1718 1643 1745 [ιο-νο-

180 1774 278 1802 rum
305 1761 589 1803 consiliorum
622 1763 811 1804 rationes
844 1761 1222 1804 accommodasse:
1254 1776 1344 1802 non
1374 1761 1533 1826 dicam,
1555 1761 1643 1803 duo

180 1817 303 1860 bella
315 1820 524 1871 maxima,
549 1819 767 1865 Punicum
794 1830 838 1862 et
861 1820 1170 1886 Hispaniense,
1193 1820 1249 1862 ab
1272 1834 1359 1861 uno
1382 1820 1688 1876 imperatoreb.

177 1890 273 1921 esse
291 1876 514 1920 confecta:
548 1878 654 1920 duas
689 1879 816 1920 urbes
849 1879 1141 1936 potentissim·
1144 1895 1190 1930 rs,
1213 1893 1312 1934 quae
1335 1877 1471 1919 huic
1462 1878 1647 1935 imperio

180 1935 376 1976 maxime
408 1936 702 1989 minabantur,
736 1936 1057 1994 Karthaginem
1091 1946 1222 1992 atque
1257 1936 1561 1988 Numantiam,
1588 1937 1644 1979 ab

178 1993 336 2044 eodem
359 1993 566 2050 Scipione
584 2009 677 2036 esse
698 1995 884 2038 deletas:
921 2011 1006 2037 non
1030 1995 1402 2045 commemorabo,
1425 2009 1563 2050 nuper
1585 1994 1649 2035 ita

179 2051 306 2092 vobis
339 2053 625 2117 patribusque
656 2053 809 2095 vestris
840 2069 935 2096 esse
965 2055 1122 2106 visum,
1146 2064 1194 2095 ut
1226 2053 1271 2094 in
1299 2067 1386 2094 uno
1419 2051 1472 2095 C.
1497 2052 1646 2094 Mario

174 2123 278 2164 spes
310 2109 482 2167 imperii
514 2122 762 2167 poneretur,
786 2121 834 2154 ut
865 2112 981 2154 idem
1009 2127 1109 2154 cum
1138 2110 1377 2168 Jugurtha,
1400 2111 1515 2153 idem
1543 2125 1642 2153 cum

180 2166 390 2222 Cimbris,
433 2168 551 2211 idem
586 2184 690 2212 cum
730 2169 972 2213 Theutonis
1013 2170 1172 2213 bellum
1208 2169 1561 2212 administraret:
1597 2169 1641 2212 in
1654 2173 1701 2207 61

216 2327 264 2362 '69
287 2338 339 2359 me
349 2327 441 2370 prqf.
455 2329 662 2369 relaturum,
684 2329 761 2369 &c.]
787 2329 889 2361 Nem·

177 2378 220 2411 pe
241 2372 429 2411 egressione
453 2372 647 2412 relationi53
671 2372 710 2403 de
733 2373 800 2404 alia
815 2383 850 2404 re
871 2384 892 2405 a

179 2414 379 2447 Consulibus
393 2414 493 2446 facta
508 2426 537 2445 v.
552 2415 688 2447 Clavem
703 2415 739 2446 in
753 2415 890 2456 refer-ime

173 2455 279 2496 Quod
291 2458 352 2495 ait,
367 2459 496 2489 nullius
509 2459 671 2490 edictum
676 2459 738 2490 sihi
752 2459 891 2500 impedi-

177 2502 294 2530 mento
308 2500 481 2531 futurum:
506 2501 539 2532 id
563 2502 712 2542 pertinet
733 2512 785 2539 eo,
802 2501 888 2543 quod

179 2541 341 2573 Consules
364 2543 398 2574 in
425 2543 556 2581 edictis,
582 2545 702 2584 quibus
727 2554 889 2575 convoca-

175 2582 262 2614 bant
285 2585 459 2624 Senatum,
486 2587 641 2618 solebant
669 2592 705 2618 et
731 2592 889 2628 poterant

177 2626 329 2665 quaedam
344 2630 522 2670 praecipere
535 2629 575 2661 de
590 2629 689 2661 modo
703 2632 887 2662 sententia-

178 2678 253 2701 rum
268 2668 496 2710 dicendarum,
518 2682 560 2703 ne
575 2673 649 2713 quis
663 2683 693 2704 v
709 2684 737 2703 c.
754 2673 887 2714 egrede-

177 2718 271 2744 retur
293 2713 503 2751 relationem,
526 2719 586 2746 aut
609 2716 675 2746 alio
699 2725 764 2749 (ιιιο
789 2716 887 2747 modo

177 2754 355 2796 impediret
387 2757 631 2789 confectionem
659 2760 728 2799 ejus
764 2769 885 2799 eausae,

177 2807 252 2839 quae
268 2797 374 2830 relata
387 2808 482 2831 esset.

221 2844 263 2874 70
285 2845 431 2872 vestrum
436 2853 500 2884 Jus-
514 2843 780 2892 beneficiumque]
805 2843 884 2882 ἅτις,

177 2891 297 2925 nempe
314 2884 349 2916 ἰιι
363 2885 521 2929 tribuni&
534 2893 573 2918 ut
589 2887 612 2917 ii
628 2896 694 2919 nou
706 2887 883 2919 excludan-

933 2333 992 2361 tur
1007 2329 1049 2362 ab
1065 2330 1191 2361 honore
1207 2329 1384 2369 legationis
1401 2339 1490 2361 anno
1504 2340 1524 2361 a
1537 2330 1644 2361 tribu—

935 2377 1019 2403 natu
1041 2374 1205 2414 proximo.
1231 2373 1422 2414 beneficium
1445 2373 1467 2403 i.
1481 2372 1644 2404 honorem

934 2416 1128 2447 tribunatus
1143 2421 1177 2446 et
1191 2418 1220 2455 ej
1227 2425 1264 2446 us
1270 2417 1361 2456 jura.

977 2462 1017 2493 71
1041 2460 1122 2500 quid
1145 2458 1257 2498 liceat]
1282 2459 1337 2489 Sic
1359 2458 1433 2489 edd.
1448 2468 1498 2499 pr.
1515 2467 1642 2490 omnes.

931 2500 1034 2533 Aldus
1049 2501 1139 2533 dedit
1155 2503 1211 2542 qm*
1226 2501 1263 2531 id
1277 2502 1385 2532 liceat.
1428 2502 1509 2532 Mox
1535 2511 1642 2542 neque

930 2549 1050 2575 auctor
1065 2554 1170 2585 neque
1183 2545 1289 2576 socius
1304 2549 1355 2575 est
1376 2545 1412 2575 in
1425 2544 1498 2575 edd.
1513 2555 1563 2586 pr.
1581 2554 1641 2575 nec

931 2587 967 2618 in
983 2588 1062 2619 Mss.
1078 2586 1284 2627 quibusdam.
1312 2587 1448 2618 Addidit
1462 2592 1642 2627 utrumque

929 2630 1057 2671 primus
1084 2631 1263 2662 Victorius.
1309 2630 1373 2661 Pro
1400 2640 1506 2661 comes
1529 2641 1548 2661 e
1575 2631 1641 2662 Ms.

931 2673 1081 2704 Graevius
1118 2673 1209 2704 dedit
1239 2673 1356 2710 socius,
1389 2673 1446 2703 sed
1474 2678 1549 2714 post
1582 2673 1643 2704 Cn.

933 2715 1101 2757 Pompeio,
1148 2716 1246 2748 Certe
1262 2715 1327 2746 duo
1350 2715 1513 2755 ejusmodi
1528 2716 1640 2753 verba,

928 2764 971 2789 ut
984 2764 1103 2790 auctor
1116 2762 1150 2789 et
1172 2767 1276 2789 comes
1288 2758 1340 2789 vel
1354 2760 1469 2798 socius,
1493 2768 1641 2790 necessa-

929 2802 979 2833 ria
992 2807 1083 2833 sunt.
1107 2801 1170 2832 Sed
1184 2811 1288 2833 eomes
1297 2802 1404 2842 magis
1416 2801 1527 2843 placet
1541 2811 1640 2841 quam

927 2845 1032 2875 socius
1043 2857 1052 2875 .·
1074 2844 1163 2885 quod
1178 2845 1284 2886 majus
1300 2848 1363 2884 est,
1376 2849 1415 2876 ut
1430 2849 1524 2887 puto,
1540 2852 1640 2885 quam

927 2897 988 2933 pro
1003 2887 1125 2928 legato.
