1907 3231
2 2443 12 2577 ·„—..--i

605 169 726 207 PRO
757 168 799 205 P.
834 135 1110 208 QiJINTIO.
1529 172 1576 212 17

139 288 224 329 que
241 274 455 316 dediscat:
488 288 668 329 quorum
691 271 748 314 illi
769 273 887 314 aetati
906 280 1136 328 utrumque
1157 269 1331 313 difficile
1353 280 1430 312 est.
1469 272 1571 314 Non
1589 269 1652 318 18

138 331 348 381 dubitavi,
382 331 536 387 inquit,
575 345 674 371 cum
712 329 1007 371 vadimonium
1045 329 1262 370 desertum
1301 337 1425 379 esset,
1458 329 1574 370 bona

135 389 418 444 proscribere.
480 387 707 444 Improbe:
749 402 911 439 verum,
941 387 1146 442 quoniam
1176 394 1223 426 tu
1259 385 1301 427 id
1340 386 1420 426 tibi
1460 400 1574 426 arro-

139 460 230 501 gas,
252 455 296 486 et
319 446 498 487 concedi
529 444 735 501 postulas,
759 445 1060 486 concedamus.
1122 443 1240 490 Quid
1273 443 1306 483 si
1337 457 1574 497 numquam

140 503 352 544 deseruit?
383 504 417 543 si
442 504 523 544 ista
547 517 675 544 causa
701 502 775 543 abs
802 511 843 542 te
868 510 960 543 tota
984 516 1059 558 per
1083 514 1294 542 summam
1317 499 1510 540 fraudem
1532 508 1576 541 et

140 559 349 601 malitiam
387 560 490 601 ficta
521 562 612 601 est?
652 560 686 600 si
725 559 1021 602 vadimonium
1058 559 1235 599 omnino
1270 557 1349 598 tibi
1389 571 1488 598 cum
1523 555 1574 598 P.

140 615 326 662 Quintio
363 617 526 658 nullum
563 617 668 659 fuit?
699 631 786 672 quo
817 629 859 658 te
887 617 1063 658 nomine
1090 615 1375 673 appellemus?
1415 614 1576 669 impro-

139 672 272 715 bum?
303 682 347 715 at
367 675 535 715 etiamsi
558 674 773 715 desertum
799 674 1092 717 vadimonium
1114 682 1239 724 esset,
1262 681 1405 712 tamen
1429 672 1472 711 in
1495 671 1578 712 ista

139 731 428 785 postulatione
449 742 491 773 et
511 732 825 788 proscriptione
844 732 1072 783 bonorum,
1095 729 1436 787 improbissimus
1455 742 1576 784 repe-

139 787 316 829 riebare.
339 803 442 830 num
461 789 752 830 malitiosum?
784 791 822 819 53
836 803 923 829 non
946 802 1092 844 negas.
1115 787 1462 829 fraudulentum?
1479 785 1572 841 jam
1585 790 1615 820 b·

139 844 181 885 id
204 846 377 901 quidem
403 845 575 902 arrogas
599 846 693 897 tibi,
716 855 760 895 et
783 846 1039 902 praeclarum
1066 855 1206 901 putas.
1238 844 1470 885 audacem?
1500 858 1575 884 cu-

137 902 313 957 pidum?
345 904 651 960 perfidiosum?
681 903 875 959 vulgaria
899 911 943 944 et
966 903 1159 944 obsoleta
1184 909 1308 953 sunt;
1340 916 1404 941 res
1429 908 1573 941 autem

137 973 252 1000 nova
285 970 414 1016 atque
451 959 658 1001 inaudita.
721 960 840 1007 Quid
871 974 974 1017 ergo
1008 969 1094 1012 est;
1135 973 1284 1002 vereor
1315 957 1574 1009 mehercule,
1587 962 1638 1002 57

138 1030 193 1057 ne
214 1026 289 1058 aut
311 1018 579 1074 gravioribus
602 1029 698 1058 utar
720 1016 876 1071 verbis,
898 1033 1028 1073 quam
1052 1026 1204 1058 natura
1228 1015 1326 1067 fert,
1349 1025 1424 1056 aut
1443 1014 1576 1056 levio-

139 1074 272 1126 ribus,
301 1089 430 1130 quam
460 1089 590 1117 causa
619 1075 823 1131 postulat.
882 1073 960 1115 Ais
991 1089 1082 1116 esse
1113 1074 1407 1117 vadimonium
1436 1072 1576 1113 deser-

139 1139 246 1172 tum.
308 1132 524 1178 Quaesivit
557 1147 582 1172 a
613 1142 655 1172 te
689 1133 850 1183 statim,
883 1141 932 1172 ut
962 1132 1151 1173 Romam
1180 1131 1322 1182 rediit,
1354 1129 1577 1180 Quintius,

139 1202 225 1242 quo
255 1189 324 1230 die
350 1189 644 1230 vadimonium
667 1190 778 1230 istuc
802 1189 967 1231 factum
991 1203 1082 1230 esse
1109 1189 1286 1230 diceres.
1318 1187 1577 1242 respondisti

137 1245 299 1297 statim,
320 1247 459 1288 Nonis
480 1247 585 1288 Feb.
610 1246 847 1287 Discedens
866 1246 1185 1300 in‚me1noriam
1204 1245 1331 1286 rediit
1356 1243 1578 1294 Quintius,

137 1317 224 1357 quo
255 1304 324 1344 die
356 1304 499 1345 Roma
525 1305 568 1344 in
604 1303 791 1344 Galliam
821 1303 1041 1358 profectus
1073 1303 1141 1343 sit.
1174 1302 1227 1343 ad
1260 1301 1579 1357 ephemeridem

138 1361 380 1402 revertitur.
410 1361 628 1402 invenitur
651 1361 741 1402 dies
766 1359 1062 1416 profectionis,
1087 1360 1198 1416 prid.
1225 1358 1322 1400 Kal.
1349 1358 1453 1399 Feb.
1486 1358 1578 1398 No-

135 1417 202 1457 nis
226 1418 330 1458 Feb.
353 1419 387 1458 si
409 1417 563 1459 Romae
584 1417 681 1469 fuit,
700 1432 841 1459 causae
860 1417 921 1458 nil
939 1417 1137 1469 dicimus,
1155 1416 1260 1472 quin
1280 1416 1361 1457 tibi
1383 1414 1576 1466 vadimo-

134 1474 255 1515 nium
286 1475 545 1530 promiserit.
606 1475 752 1522 Quid?
792 1475 874 1516 hoc
905 1475 1087 1516 inveniri
1115 1475 1189 1530 qui
1220 1475 1390 1530 potest?
1430 1471 1573 1530 profe-
1590 1472 1644 1509 58

133 1541 228 1573 ctus
260 1541 324 1573 est
349 1547 434 1573 una
466 1533 514 1574 L.
546 1531 715 1584 Albius,
744 1532 876 1574 homo
901 1547 1001 1575 cum
1033 1532 1181 1588 primis
1205 1532 1426 1572 honestus.
1457 1529 1573 1571 dicet

136 1590 448 1630 testimonium.
481 1590 706 1631 Prosecuti
726 1599 826 1632 sunt
844 1589 1074 1632 familiares
1097 1598 1140 1630 et
1158 1588 1352 1639 Albium,
1371 1596 1415 1628 et
1438 1586 1578 1634 Quin-

136 1646 260 1688 tium.
294 1647 440 1688 dicent
470 1648 515 1689 hi
552 1662 725 1704 quoque
759 1647 1070 1689 testimonium.
1108 1646 1263 1688 litter-oe
1299 1645 1349 1686 P.
1383 1644 1577 1695 Quintii,

135 1713 264 1746 testes
294 1715 374 1757 tot,
407 1706 562 1761 quibus
593 1706 794 1746 omnibus
825 1720 954 1746 causa
976 1704 1220 1763 justissima
1249 1711 1327 1754 est,
1359 1716 1435 1742 cur
1465 1702 1574 1743 scire

134 1762 369 1817 potuerint,
412 1763 540 1815 nulla,
577 1778 652 1804 cur
691 1763 971 1815 mentiantur,
1009 1776 1109 1803 cum
1147 1760 1455 1817 adstipulatore
1495 1767 1570 1799 tuo

135 1822 528 1876 comparabuntur?
561 1820 618 1861 Et
639 1821 683 1861 in
704 1820 786 1862 hac
812 1819 1025 1876 ejusmodi
1049 1834 1178 1861 causa
1201 1818 1250 1859 P.
1277 1817 1484 1864 Quintius
1510 1815 1570 1857 la-
1582 1826 1637 1867 59

138 1876 335 1919 borabit?
366 1888 410 1919 et
430 1878 591 1920 diutius
622 1878 664 1919 in
689 1886 810 1919 tanto
834 1887 952 1919 metu
978 1877 1108 1920 miser
1132 1875 1407 1933 periculoque
1433 1888 1571 1915 versa-

135 1934 280 1977 bitur?
321 1946 364 1976 et
394 1935 689 1977 vehementius
720 1950 817 1976 eum
850 1935 990 1991 gratia
1027 1933 1255 1975 adversarii
1298 1931 1568 1987 perterrebit,

134 2007 265 2048 quam
287 1993 567 2048 fidesjudicis
589 1993 906 2035 consolabitur?
928 1991 1053 2033 Vixit
1070 1991 1184 2032 enim
1208 2003 1374 2045 semper
1396 1988 1571 2039 inculte,

134 2059 265 2106 atque
286 2050 479 2092 horride:
512 2059 665 2091 natura
686 2050 796 2091 tristi
822 2065 871 2091 ac
894 2049 1116 2091 recondita
1140 2047 1244 2089 fuit:
1277 2061 1363 2087 non
1387 2046 1439 2087 ad
1463 2045 1571 2086 sola-

134 2108 259 2160 rium,
282 2123 369 2149 non
392 2108 435 2149 in
455 2122 625 2164 campo,
647 2122 734 2148 non
758 2108 802 2149 in
833 2106 1044 2149 conviviis
1066 2114 1257 2147 versatus
1279 2113 1368 2145 est:
1402 2103 1446 2143 id
1467 2103 1571 2158 egit,

136 2174 184 2206 ut
204 2166 366 2206 amicos
385 2166 673 2217 observantia,
696 2179 784 2208 rem
809 2163 1071 2220 parsimonia
1100 2163 1316 2206 retineret.
1348 2160 1571 2215 antiquam

133 2222 267 2264 officii
299 2223 508 2264 rationem
539 2223 706 2274 dilexit,
731 2222 854 2278 cujus
885 2221 1085 2277 splendor
1114 2220 1255 2263 omnis
1286 2218 1352 2258 his
1376 2217 1569 2258 moribus

132 2280 361 2322 obsolevit.
420 2279 494 2332 At,
519 2280 553 2321 si
578 2281 621 2321 in
643 2294 770 2321 causa
792 2279 883 2336 pari
902 2278 1123 2322 ‘discedere
1144 2277 1321 2318 inferior
1339 2274 1569 2325 videretur,

132 2347 277 2378 tamen
299 2347 409 2379 esset
427 2352 512 2379 non
538 2337 810 2379 mediocriter
827 2336 1203 2392 conquerendum:
1229 2347 1359 2383 nunc,
1379 2332 1422 2372 in
1442 2346 1570 2373 causa
1580 2348 1612 2378 p·
1633 2341 1680 2369 11.

133 2397 365 2451 superiore,
384 2410 438 2436 ne
461 2405 508 2436 ut
531 2410 605 2452 par
626 2394 801 2450 quidem
825 2394 893 2445 sit,
917 2393 1120 2450 postulat,
1153 2394 1193 2423 54
1206 2389 1453 2432 inferiorem
1478 2403 1569 2431 esse
1580 2391 1610 2411 ³·

132 2467 222 2493 sese
244 2453 420 2508 patitur,
443 2453 655 2494 duntaxat
679 2466 811 2507 usque
832 2450 897 2502 eo,
917 2466 971 2493 ne
992 2464 1092 2494 cum
1117 2446 1408 2500 bonis,‚fama,
1431 2445 1568 2487 fortu-

131 2510 284 2565 nisque
307 2510 509 2551 omnibus
535 2510 636 2553 Sex.
663 2509 806 2550 Naevii
834 2508 1063 2564 cupiditati
1087 2505 1417 2560 crudelitatique
1438 2503 1567 2546 deda-

129 2577 213 2608 tur.
1287 2608 1308 2611 Ἥ

190 2623 349 2675 Docui,
371 2624 486 2680 quod
519 2624 706 2680 primum
731 2621 947 2679 pollicitus
974 2636 1082 2673 sum,
1106 2619 1158 2662 C.
1191 2618 1368 2675 Aquilli,
1391 2595 1651 2704 causamgo9

171 2753 210 2787 53
232 2764 296 2786 non
318 2763 430 2792 negas.
437 2753 700 2795 fraudulentum
711 2752 743 2793 9]
776 2754 827 2785 Sic
871 2752 1059 2794 Gelotiana
1103 2750 1218 2789 Itaque
1232 2750 1348 2790 etipse
1365 2746 1469 2788 recepi
1491 2757 1568 2786 non,

131 2795 312 2827 Lambinus
324 2797 425 2828 edidit
443 2802 539 2829 recte.
564 2806 641 2827 nam
663 2797 698 2827 in
717 2805 756 2827 eo
778 2802 828 2827 est
870 2795 957 2835 quod
973 2793 1071 2834 rulgo
1089 2793 1191 2824 abest.

128 2838 342 2879 impudentias
353 2839 826 2879 reprehensio,utetiamacer-
914 2840 953 2869 54
974 2835 1163 2877 inferiorem
1192 2844 1257 2866 esse
1290 2834 1369 2874 sese]
1408 2833 1462 2865 Sic
1493 2842 1570 2862 cum

128 2881 202 2912 bior
221 2880 256 2910 in
276 2881 607 2920 sequenti'membro.
661 2880 724 2912 Sed
751 2885 828 2912 ante
871 2880 1001 2911 Graevio
1030 2890 1047 2909 e
1075 2878 1140 2909 Ms.
1169 2877 1283 2908 Franc.
1312 2878 1367 2915 qui
1395 2882 1508 2909 tamen
1536 2880 1570 2903 et

128 2924 174 2955 sic
191 2925 264 2964 jam
286 2923 388 2954 edidit
405 2923 523 2962 Junta,
538 2934 555 2954 e
570 2923 634 2955 Ms.
650 2929 688 2954 ut
701 2923 828 2965 opinor,
872 2923 1000 2955 omittit
1012 2931 1095 2953 esse.-
1118 2919 1203 2960 quod
1218 2919 1336 2959 placet.

192 2978 302 3007 VOL.
325 2980 380 3007 11.
855 2980 878 3005 C
