1907 3231
671 133 791 171 PRO
819 133 862 171 P.
897 132 1171 172 QUINTIO:
1589 135 1634 168 13

205 239 342 293 quid?
371 238 454 280 hoc
475 252 561 294 quo
583 237 795 294 pertinet?
825 245 874 278 ut
902 251 1035 292 ocyus
1064 235 1118 276 ad
1140 243 1262 277 tuum
1284 236 1532 291 pervenias?
1559 234 1635 286 At,

209 296 245 336 si
263 296 305 336 id
329 296 470 347 velles,
483 294 745 352 jampridem
767 303 912 335 actum
943 308 1034 335 esse
1056 301 1240 349 poterat.
1302 292 1362 334 Ut
1390 293 1634 334 honestiore
1646 305 1702 341 44

200 352 370 408 judicio
404 353 682 394 conflictere?
713 351 774 392 At
803 352 893 392 sine
928 365 1096 392 summo
1127 350 1283 392 scelere
1315 349 1365 391 P.
1389 350 1635 400 Quintium,

207 411 498 466 propinquum
534 419 672 461 tuum,
696 408 898 465 jugulare
929 423 1017 449 non
1046 416 1184 463 potes.
1244 407 1306 449 Ut
1336 406 1503 448 facilius
1519 406 1638 461 judi-

205 467 322 508 cium
353 469 434 510 sit?
464 467 526 508 At
548 481 686 522 neque
710 466 762 507 C.
785 465 999 521 Aquillius
1023 465 1075 506 de
1097 465 1240 520 capite
1262 464 1435 505 alterius
1457 464 1640 504 libenter

198 523 385 580 judicat,
414 535 458 566 et
481 526 538 572 Q.
563 524 825 567 Hortensius
858 532 1008 564 contra
1035 533 1166 578 caput
1197 536 1282 563 non
1302 521 1456 562 didicit
1486 521 1642 561 dicere.

206 581 325 627 Quid
348 598 372 623 a
391 584 516 624 nobis
540 591 699 632 autem,
734 581 786 622 C.
809 580 987 636 Aquini,
1019 580 1227 621 refertur?
1260 579 1495 620 Pecuniam
1518 578 1642 633 petit.

203 653 413 695 negamus
460 640 621 681 deberi.
666 639 885 694 judicium
923 638 999 678 fiat
1037 638 1205 678 statim:
1253 651 1341 677 non
1383 650 1643 677 recusamus.

202 698 246 727 42
261 697 483 753 Numquid
505 699 737 753 practerea?
771 696 804 736 si
827 705 1011 745 veretur,
1040 707 1086 735 ut
1108 709 1188 746 res,
1205 693 1375 749 judicio
1401 692 1537 743 facto,
1568 707 1644 747 pa-

206 763 298 794 rata
321 755 396 797 sit:
422 754 668 810 judicatum
691 754 798 794 solvi
822 754 923 793 satis
954 752 1154 807 accipiat.
1187 752 1343 806 quibus
1364 766 1389 791 a
1410 764 1480 790 me
1502 749 1643 790 verbis

208 812 309 852 satis
332 813 531 868 accipiet,
555 812 706 852 iisdem
740 812 845 866 ipse,
867 810 984 864 quod
1015 818 1131 865 peto,
1164 809 1356 849 satisdet.
1388 807 1645 862 actuinja1n

207 878 350 924 potest
372 885 476 921 esse,
499 869 550 911 C.
573 868 749 924 Aquilli.
766 868 861 922 jam
877 877 922 907 tu
942 876 1063 923 potes
1086 865 1304 907 discedere
1326 866 1529 906 liberatus
1552 879 1644 905 mo-

204 925 341 978 lestia,
373 942 508 984 prope
540 927 696 977 dicam,
730 940 817 966 non
845 925 1025 976 minore,
1060 939 1190 980 quam
1232 923 1455 970 Quintius.
1525 921 1709 975 Quidam

206 984 388 1040 agimus,
411 984 644 1025 Hortensi?
674 983 778 1038 quid
809 982 862 1023 de
880 982 961 1024 hac
979 982 1230 1023 conditione
1251 981 1462 1022 dicimus?
1494 994 1645 1036 possu-

205 1056 301 1082 mus
325 1042 569 1097 aliquando,
600 1041 807 1097 depositis
838 1041 981 1092 armis,
1016 1040 1106 1080 sine
1137 1037 1327 1095 periculo
1359 1037 1643 1088 fortunarum,

209 1099 263 1139 de
301 1113 345 1140 re
385 1099 634 1155 pecuniaria
674 1098 942 1154 disceptare?
973 1111 1201 1153 possumus
1242 1096 1303 1137 ita
1333 1110 1422 1136 rem
1452 1103 1644 1135 nostram

206 1158 420 1212 persequi,
451 1165 499 1197 ut
522 1156 708 1197 hominis
733 1155 963 1211 propinqui
994 1163 1126 1210 caput
1157 1153 1371 1195 incolume
1393 1166 1484 1193 esse
1505 1151 1643 1207 patia-

204 1217 328 1255 mur?
360 1229 584 1269 possumus
608 1213 804 1269 petitoris
837 1226 1062 1268 personam
1079 1226 1246 1267 capere,
1277 1210 1537 1251 accusatoris
1569 1209 1642 1250 de-

204 1274 396 1326 ponere?
430 1270 585 1322 Immo,
618 1271 772 1325 inquit,
804 1271 879 1310 abs
911 1278 953 1310 te
984 1269 1086 1309 satis
1117 1268 1351 1324 accipiam:
1383 1281 1465 1322 ego
1496 1275 1638 1307 autem
1651 1291 1682 1322 p,
1697 1285 1727 1313 8.

207 1328 285 1369 tibi
305 1343 393 1369 non
416 1329 649 1369 satisdabo.
711 1327 822 1374 Quis
846 1327 1018 1368 tandem
1039 1326 1164 1367 nobis
1188 1324 1386 1379 istajura
1405 1334 1492 1365 tam
1515 1339 1639 1380 aequa
1651 1334 1680 1354 ἃ·

203 1385 436 1427 describit?
467 1385 562 1441 quis
592 1385 676 1425 hoc
709 1385 873 1434 statuit,
904 1384 1020 1440 quod
1052 1398 1225 1439 aequum
1247 1382 1302 1423 sit
1323 1382 1368 1423 in
1392 1381 1636 1432 Quintium,
1655 1374 1723 1422 14

202 1441 246 1483 id
281 1443 477 1499 iniquum
519 1457 610 1484 esse
650 1443 692 1483 in
736 1442 975 1483 Naevium?
1017 1441 1189 1488 Quintii
1225 1441 1354 1491 bona,
1388 1439 1542 1494 inquit,
1580 1453 1637 1480 ex

201 1499 345 1541 edicto
379 1502 574 1557 praetoris
609 1514 801 1556 possessa
838 1508 950 1540 sunt.
1011 1497 1144 1555 Ergo,
1177 1498 1221 1540 id
1244 1507 1292 1539 ut
1310 1497 1532 1546 confitear,
1558 1511 1637 1553 po-

202 1557 356 1610 stulas;
387 1568 448 1609 ut,
471 1558 586 1613 quod
611 1571 845 1613 numquam
867 1556 1031 1598 factum
1051 1571 1143 1597 esse
1157 1555 1327 1611 judicio
1349 1554 1633 1605 defendimus,

202 1615 261 1666 id,
284 1615 477 1671 proinde,
500 1615 620 1671 quasi
656 1614 819 1656 factum
853 1615 922 1666 sit,
956 1623 1103 1655 nostro
1121 1613 1291 1670 judicio
1313 1612 1631 1653 confirmemus.

202 1671 393 1714 Inveniri
425 1673 549 1723 ratio,
581 1671 633 1713 C.
656 1672 833 1728 Aquilli,
855 1687 943 1713 non
966 1680 1123 1729 potest,
1154 1680 1201 1712 ut
1223 1670 1277 1711 ad
1307 1685 1432 1711 suum
1453 1670 1633 1725 quisque
1644 1671 1701 1713 46

200 1744 328 1786 quam
350 1731 535 1787 primum
560 1730 649 1771 sine
679 1730 935 1785 cujusquam
964 1729 1187 1780 dedecore,
1210 1727 1403 1778 infamia,
1425 1727 1635 1783 pernicie-

201 1802 286 1842 que
316 1789 562 1844 perveniat?
596 1787 814 1838 Profecto,
849 1788 884 1828 si
916 1787 1021 1843 quid
1053 1787 1294 1836 deberetur,
1327 1794 1516 1841 peteret:
1549 1799 1635 1825 non

202 1845 349 1886 omnia
371 1845 540 1901 judicia
570 1845 661 1886 fieri
694 1845 855 1896 mallet,
886 1859 1015 1900 quam
1055 1859 1188 1886 unum
1228 1844 1346 1893 illud,
1390 1843 1502 1883 unde
1543 1842 1638 1883 haec

201 1903 349 1943 omnia
378 1914 626 1944 nascuntur.
688 1903 776 1950 Qui
809 1903 920 1943 inter
950 1910 1016 1942 tot
1046 1916 1181 1943 annos
1213 1916 1266 1942 ne
1298 1900 1522 1956 appellarit
1544 1900 1640 1955 qui-

200 1960 299 2001 dem
326 1961 573 2011 Quintium,
600 1975 700 2001 cum
730 1968 924 2016 potestas
957 1968 1069 2001 esset
1102 1959 1258 2016 agendi
1298 1958 1518 2013 quotidie:
1549 1957 1639 2012 qui,

200 2033 288 2072 quo
307 2026 499 2074 tempore
527 2018 712 2074 primum
735 2018 846 2058 male
876 2031 1002 2074 agere
1025 2018 1178 2073 coepit,
1201 2017 1245 2057 in
1277 2015 1533 2057 vadimoniis
1555 2013 1639 2055 dif-

205 2076 390 2116 ferendis
412 2086 580 2131 tempus
603 2090 730 2116 omne
748 2075 1057 2116 consumserit:
1090 2075 1162 2130 qui
1178 2083 1328 2131 postea
1346 2072 1639 2114 vadimonium

201 2147 375 2189 quoque
407 2134 583 2174 missum
609 2133 772 2184 fecerit,
804 2133 920 2174 hunc
950 2147 1026 2188 per
1047 2132 1223 2173 insidias
1246 2132 1287 2172 vi
1318 2131 1371 2171 de
1394 2144 1498 2186 agro
1520 2143 1640 2170 com·

203 2192 322 2231 muni
345 2191 572 2245 dejecerit:
605 2191 694 2246 qui,
717 2205 816 2231 cum
838 2190 891 2231 de
908 2204 952 2231 re
970 2190 1142 2245 agendi,
1165 2189 1281 2230 nullo
1301 2197 1538 2237 recusante,
1561 2202 1639 2243 po-

202 2257 332 2289 testas
363 2248 526 2299 fuisset,
550 2248 827 2304 sponsionem
857 2248 910 2288 de
933 2248 1092 2304 probro
1124 2247 1264 2288 facere
1295 2245 1514 2286 maluerit:
1547 2247 1637 2299 qui,

201 2320 302 2347 cum
323 2315 546 2347 revocetur
568 2306 621 2347 ad
648 2305 691 2346 id
707 2305 938 2360 judicium,
961 2305 1073 2346 unde
1103 2305 1198 2346 haec
1221 2314 1323 2344 nata
1356 2314 1455 2343 sunt
1476 2302 1636 2352 omnia,

204 2363 499 2404 conditionem
533 2363 823 2418 aequissimam
854 2363 1072 2418 repudiet:
1105 2362 1303 2412 fateatur,
1327 2375 1370 2401 se
1401 2374 1487 2401 non
1506 2373 1636 2415 pecu·-

204 2421 335 2471 niam,
356 2421 427 2462 sed
463 2421 594 2462 vitam
629 2430 671 2461 et
706 2420 958 2476 sanguinem
992 2428 1161 2475 petere:
1195 2420 1229 2460 is
1262 2433 1347 2459 non
1379 2417 1464 2458 hoe
1494 2416 1636 2473 palam

202 2478 336 2520 dicit?
366 2478 472 2519 mihi
497 2478 529 2518 si
553 2478 656 2533 quid
679 2478 919 2528 deberetur,
943 2486 1146 2533 peterem,
1177 2486 1306 2531 atque
1328 2474 1434 2515 adeo
1450 2474 1633 2530 jampri-

202 2535 299 2576 dem
318 2536 602 2576 abstulissem.
623 2535 730 2576 nihil
750 2535 832 2576 hoc
846 2543 966 2575 tanto
986 2535 1178 2590 negotio,
1191 2532 1300 2574 nihil
1314 2541 1401 2573 tam
1420 2532 1632 2573 invidioso
1644 2545 1697 2586 47

193 2592 378 2648 judicio,
400 2593 508 2634 nihil
532 2604 617 2633 tam
648 2593 827 2648 copiosa
857 2592 1140 2633 advocatione
1171 2600 1325 2641 uterer,
1345 2590 1378 2630 si
1402 2589 1634 2646 petendum

237 2743 280 2773 42
301 2741 477 2782 Numquid
493 2741 564 2781 pru]
595 2741 674 2772 Mss.
689 2746 724 2772 et
753 2740 825 2771 edd.
849 2750 896 2781 pr.
935 2750 990 2780 pr.
1015 2739 1175 2770 Gruterus
1195 2738 1329 2778 conjicit
1348 2737 1471 2778 ecquid,
1492 2735 1578 2777 quod
1593 2735 1640 2767 nil

197 2793 263 2814 ‘non
289 2786 380 2824 quid,
410 2784 497 2824 quod
523 2794 608 2824 saepe
635 2793 710 2814 cum
739 2783 901 2823 numquid
941 2782 1050 2813 differt
1064 2782 1103 2812 ab
1115 2781 1284 2822 numquid.

196 2832 417 2866 permutatur,
444 2826 493 2857 vel
520 2830 557 2857 uc
581 2826 669 2866 quid.
704 2826 799 2856 Junt.
821 2825 901 2866 quid
