1907 3231
411 103 487 145 DE
514 106 658 145 LEGE
683 106 808 145 AGR.
837 105 1056 144 CONTRA
1072 104 1330 144 '‘RULLUM.
1542 107 1621 146 615

160 213 459 269 turamagri?
486 212 620 263 Vero,
654 212 812 268 inquit,
843 225 938 265 9151:
965 223 1120 253 ARAR1
1149 224 1246 256 Aur
1282 224 1396 252 com
1432 222 1620 250 Possxr.

159 267 251 314 Qui
275 270 416 325 possit
437 270 564 320 arari,
587 270 744 324 inquit,
766 282 841 311 aut
863 268 947 311 coli
963 280 973 310 ε’
988 284 1092 321 ‚non
1116 269 1191 323 qui
1213 277 1357 308 aratus
1380 278 1455 308 aut
1477 267 1620 308 cultus

157 325 230 366 sit.
296 327 453 369 Utrum
477 327 573 368 haec
596 327 665 368 lex
690 337 768 377 est,
801 327 854 368 an
880 326 1026 368 tabula·
1044 323 1350 367 23Neratiauae
1375 323 1618 365 auctionis?

157 382 202 423 in
225 398 312 438 qua
334 386 543 440 scriptum
568 383 700 426 fuisse
722 385 869 427 aiunt:
904 383 1099 427 JUCERA
1123 397 1196 433 cc,
1222 395 1275 423 ΙΝ
1303 395 1485 433 omnus
1513 395 1619 422 om-

158 454 329 483 VETUM
377 455 513 484 FIERI
551 456 763 484 POTEST:
799 456 995 485 JUGERA
1034 455 1139 492 ccc,
1164 454 1249 482 UBI
1287 452 1514 481 INSTITUI
1547 453 1620 479 v1-

158 511 272 540 NEAE
294 513 539 541 POSSUNT.
606 500 703 542 Hoc
734 500 778 541 tu
805 515 920 542 emes
961 502 1044 541 ista
1078 495 1384 540 innumerabili
1420 496 1619 552 pecunia,

159 556 277 611 quod
304 558 410 598 arari
450 569 526 599 aut
555 558 636 599 coli
667 559 829 614 possit?
891 557 1021 605 Quod
1046 557 1185 598 solum
1219 565 1306 596 tam
1329 553 1443 595 exile
1464 564 1507 593 et
1529 567 1620 593 ma-

155 627 280 654 crum
311 624 390 666 est,
412 616 528 672 quod
561 625 703 658 aratro
736 616 967 672 perstringi
1000 630 1087 656 non
1122 613 1286 670 possit?
1318 619 1393 652 aut
1414 610 1530 667 quod
1554 620 1620 651 est

155 679 246 712 tam
268 686 467 728 asperum
501 683 716 724 saxetum,
741 675 784 715 in
816 688 903 729 quo
934 671 1224 728 agricolarum
1258 669 1399 722 cultus
1422 684 1511 711 non
1533 667 1618 709 ela·

156 728 309 771 boret?
363 729 549 783 Idcirco,
582 731 739 786 inquit,
762 745 889 787 agros
927 726 1152 771 nominare
1184 743 1268 769 non
1304 726 1620 783 possum,quia

154 795 332 843 tangam
356 789 522 830 nullum
544 789 598 830 ab
621 789 775 830 invito.
829 787 930 829 Hoc
952 801 1126 842 quoque
1151 786 1286 826 multo
1309 795 1373 826 est
1395 794 1620 840 quaestuo-

159 844 260 896 sius,
284 860 414 900 quam
434 847 468 887 si
491 847 546 888 ab
571 846 708 887 invito
728 854 931 887 sumeret.
984 847 1025 875 8⁴
1040 843 1221 884 inibitur
1239 843 1354 884 enim
1373 842 1483 883 ratio
1499 857 1618 897 quae-

156 911 247 944 stus
270 903 324 944 de
347 913 488 945 vestra
518 903 726 960 pecunia:
760 912 805 944 et
836 915 930 943 tum
960 901 1147 958 denique
1178 915 1281 957 ager
1312 909 1493 951 emetur,
1517 914 1619 941 curn

155 959 271 1002 idem
292 962 536 1018 expedierit
557 961 713 1002 emtori
736 972 779 1001 ct
802 960 1034 1002 venditori.

160 1054 164 1059 ,
213 1018 298 1060 Sed
333 1019 474 1060 videte
506 1019 595 1060 vim
627 1018 735 1074 legis
774 1019 971 1075 agrariae.
1006 1032 1058 1059 ne
1095 1017 1124 1058 ii
1156 1016 1348 1072 quidem,
1380 1014 1453 1071 qui
1487 1029 1616 1071 agros
1631 1004 1702 1059 26

155 1076 353 1132 publicos
384 1077 622 1133 possident,
644 1077 856 1118 decedent
886 1077 939 1118 de
972 1074 1256 1132 possessione,
1280 1073 1362 1114 nisi
1395 1082 1521 1114 erunt
1543 1073 1616 1114 de·
1630 1084 1681 1117 68

155 1133 276 1175 ducti
289 1135 459 1190 optima
474 1135 727 1176 conditione
741 1144 784 1175 et
802 1135 989 1191 pecunia
1006 1133 1214 1174 maxima.
1249 1131 1471 1173 Conversa
1489 1131 1616 1171 ratio.

153 1189 312 1243 Antea,
330 1207 427 1233 cum
450 1203 541 1234 erat
563 1208 588 1234 a
610 1193 786 1234 tribuno
810 1192 948 1249 plebis
971 1191 1137 1232 mentio
1156 1190 1263 1246 legis
1281 1189 1462 1246 agrariae
1486 1188 1617 1239 facta,

153 1250 363 1291 continuo
387 1251 460 1306 qui
483 1265 611 1306 agros
634 1249 848 1307 publicos,
871 1260 946 1291 aut
967 1250 1040 1306 qui
1066 1248 1358 1305 possessiones
1383 1245 1618 1288 invidiosas

155 1308 376 1360 tenebant,
410 1309 789 1364 pertimescebant.
853 1308 966 1349 Haec
999 1307 1068 1348 lex
1098 1321 1171 1347 eos
1205 1305 1402 1347 homines
1433 1304 1619 1345 fortunis

153 1363 406 1421 locupletat,
440 1366 606 1407 invidia
646 1366 816 1407 liberat.
880 1366 1025 1412 Quam
1061 1364 1220 1405 multos
1244 1364 1376 1414 enim,
1408 1362 1620 1412 Quirites,

152 1423 414 1464 existimatis
437 1438 542 1474 esse,
567 1424 640 1479 qui
662 1423 936 1465 latitudinem
961 1422 1283 1480 possessionum
1309 1421 1435 1471 tueri,
1456 1420 1529 1475 qui
1555 1420 1621 1460 in-

154 1480 318 1522 vidiam
341 1480 616 1522 Sullanorum
639 1496 842 1537 agrorum
867 1481 977 1522 ferre
999 1495 1085 1522 non
1112 1479 1308 1535 possint?
1340 1478 1413 1533 qui
1436 1477 1621 1518 vendere

153 1538 347 1594 cupiant,
370 1548 582 1580 emtorem
623 1554 712 1580 non
755 1540 998 1595 reperiant?
1033 1538 1207 1594 perdere
1233 1537 1327 1592 jam
1361 1535 1547 1590 denique
1570 1534 1621 1575 il-

152 1594 217 1636 los
239 1610 366 1652 agros
390 1597 557 1638 ratione
589 1596 732 1652 aliqua
764 1597 923 1638 velint?
967 1597 1054 1643 Qui
1089 1594 1233 1651 paullo
1265 1602 1380 1644 ante,
1403 1593 1518 1634 diem
1541 1607 1619 1633 no-

153 1663 369 1709 ctemque,
400 1655 682 1696 tribunicium
717 1670 875 1696 nomen
910 1654 1160 1703 horrebant,
1197 1662 1382 1693 vestram
1417 1651 1504 1691 vim
1528 1665 1619 1691 me-

154 1712 351 1763 tuebant,
370 1713 638 1754 mentionem
663 1713 770 1769 legis
802 1714 984 1769 agrariae
1017 1711 1408 1768 pertimescebant:
1443 1708 1471 1749 ii
1502 1723 1617 1750 nunc

154 1769 287 1810 etiam
325 1769 436 1811 ultro
471 1772 742 1827 rogabuntur
772 1780 903 1826 atque
935 1771 1190 1819 orabuntur,
1216 1777 1262 1808 ut
1295 1782 1422 1823 agros
1457 1766 1617 1823 partim

154 1826 370 1883 publicos,
394 1829 552 1884 partim
576 1829 725 1885 plenos
748 1829 941 1879 invicliae,
965 1828 1114 1884 plenos
1139 1825 1334 1884 periculi,
1358 1825 1509 1881 quanti
1533 1824 1661 1880 ipsip.
1680 1838 1730 1867 80.

152 1884 303 1935 velint,
335 1886 590 1928 decemviris
623 1886 809 1928 tradant.
870 1886 1017 1942 Atque
1049 1886 1132 1926 hoc
1165 1898 1337 1925 carmen
1373 1883 1443 1924 hic
1480 1882 1657 1923 tribu-³·

153 1957 235 1983 nus
261 1942 396 1998 plebis
420 1959 507 1985 non
532 1945 669 1996 vobis,
693 1945 765 1985 sed
790 1945 871 1985 sibi
895 1945 1011 1985 intus
1034 1943 1166 1985 canit.
1230 1941 1380 1983 Habet
1403 1955 1614 1992 socerum,
1629 1959 1679 1995 69

154 2000 296 2042 virum
317 2001 547 2057 optimum,
571 2003 641 2058 qui
668 2012 837 2044 tantum
862 2002 954 2059 agri
978 2002 1021 2043 in
1048 2002 1130 2042 illis
1151 1999 1402 2055 reipublicae
1426 1998 1615 2039 tenebris

103 2077 106 2079 ·
153 2061 403 2115 occupavit,
423 2070 634 2115 quantum
666 2061 935 2117 concupivit.
998 2059 1118 2101 Huic
1151 2058 1380 2099 subvenire
1404 2056 1497 2098 vult
1520 2071 1615 2097 suc-

153 2118 378 2158 cumbenti
396 2117 506 2173 jam,
529 2133 752 2175 oppresso,
776 2119 962 2160 Sullanis
994 2117 1199 2160 oneribus
1232 2115 1370 2172 gravi,
1405 2129 1481 2155 sua
1505 2114 1614 2171 lege,

154 2183 204 2215 ut
225 2174 353 2217 liceat
375 2176 432 2216 illi
456 2176 664 2217 invidiam
687 2177 918 2233 deponere,
942 2176 1172 2233 pecuniam
1196 2174 1396 2216 condere.
1460 2171 1518 2213 Et
1541 2187 1616 2213 vos

151 2246 240 2273 non
272 2233 499 2285 dubitatis,
521 2235 627 2289 quin
649 2235 882 2291 vectigalia
905 2244 1047 2275 vestra
1072 2233 1281 2282 vendatis,
1314 2230 1501 2288 plurimo
1523 2245 1616 2271 ma-

145 2289 296 2345 jorum
333 2300 575 2333 vestrorum
607 2292 818 2349 sanguine
851 2302 896 2333 et
929 2292 1084 2333 sudore
1120 2291 1319 2346 quaesita,
1343 2299 1391 2330 ut
1415 2287 1614 2329 Sullanos

151 2362 420 2405 possessores
451 2350 616 2392 divitiis
648 2351 859 2406 augeatis,
892 2349 1085 2407 periculo
1118 2348 1341 2390 liberetis?
1414 2346 1529 2387 Nam
1561 2345 1680 2388 ad70

153 2407 266 2448 hanc
305 2407 542 2450 emtionem
581 2408 912 2450 decemviralem
945 2409 1032 2450 duo
1072 2421 1233 2464 genera
1273 2419 1478 2462 agrorum
1522 2418 1618 2461 spe-

152 2553 195 2574 ra
210 2545 317 2584 agri?
352 2544 405 2577 Ne
420 2544 482 2576 hoc
498 2545 629 2586 quidem
644 2551 863 2578 contemnen-
909 2547 1038 2578 Veratii
1053 2557 1071 2578 a
1088 2545 1292 2585 Glandorpio
1308 2555 1347 2575 ex
1364 2543 1467 2574 Inscr.
1483 2552 1537 2583 ap.
1553 2541 1618 2573 Vo—

153 2586 243 2618 dum.
287 2587 376 2618 Nam
387 2594 509 2629 potest,
522 2594 562 2619 ut
576 2589 609 2619 in
626 2589 730 2620 altera
742 2591 862 2627 forma,
907 2591 1126 2626 laterrannm,
1151 2589 1209 2619 ubi
1231 2587 1357 2618 Consul
1374 2586 1529 2617 Veratius
1552 2590 1617 2621 est,

154 2629 313 2670 intelligi,
338 2641 382 2661 an
409 2631 537 2662 definis.
583 2632 627 2662 Et
655 2632 725 2662 haee
754 2633 863 2664 forma
907 2639 941 2664 et
960 2644 977 2663 e
995 2632 1177 2663 Macrobio.
1224 2630 1288 2661 Sed
1302 2637 1442 2669 utraque
1458 2628 1557 2659 lectio
1571 2629 1620 2658 vi-

149 2681 223 2702 vnon
239 2682 314 2703 rara
327 2673 414 2714 apud
429 2674 624 2705 Ciceronem
638 2680 698 2705 est.
907 2678 994 2707 tiosa
1006 2680 1067 2705 est.
1112 2675 1194 2705 Vide
1208 2680 1242 2704 et
1258 2673 1299 2704 ad
1314 2672 1422 2703 Flaco.
1436 2675 1487 2703 530.

198 2718 240 2746 83
264 2714 454 2746 Veratianae
475 2717 650 2757 auctionis]
678 2717 769 2748 Libri
793 2727 863 2757 qui·
952 2721 993 2749 8⁴
1015 2718 1154 2748 inibitur
1175 2728 1202 2747 e.
1229 2715 1332 2755 ratio]
1374 2715 1448 2745 Hoc
1474 2718 1525 2745 est
1548 2713 1617 2744 aP.

153 2756 232 2788 dam
254 2759 368 2799 scripti
391 2759 515 2790 habent
541 2761 753 2796 Neratium,
777 2760 864 2799 quod
909 2761 1080 2797 Manium,
1105 2760 1140 2790 in
1164 2760 1215 2790 ed.
1245 2761 1336 2790 1580.
1359 2768 1411 2799 ap.
1435 2757 1508 2788 Ald.
1530 2756 1617 2796 Nep.

153 2809 269 2831 verum
293 2806 391 2841 putat
415 2801 603 2840 Turnebus,
627 2803 704 2843 quia
728 2803 866 2834 Neratii
910 2803 992 2834 Edd.
1007 2806 1085 2834 ante
1101 2803 1188 2835 hanc
1200 2802 1336 2837 finietur,
1353 2799 1438 2842 quod
1454 2798 1619 2840 revocavit

154 2842 273 2873 Romae
297 2843 402 2880 fuere,
422 2845 567 2876 Veratius
593 2856 691 2876 nemo
719 2855 864 2876 comme·
908 2846 1069 2877 Graevius.
1435 2849 1438 2854 ’

151 2886 306 2919 unm-avit.
376 2888 695 2921 Commemorantur
733 2888 863 2929 quidem

838 2937 951 2974 Rr4
