1907 3231
397 148 475 186 704
981 147 1017 183 Ο
1031 145 1161 182 RAT
1174 145 1192 182 1
1205 146 1241 182 O

399 262 500 289 vero
521 247 617 287 38in
648 246 744 290 illo:
779 261 884 290 suis
912 261 1158 299 urmsouss
1189 251 1647 303 39sUPERsT1T1sz‚
1679 251 1826 305 [1²11AE-

398 305 665 357 8ENT113US]
702 318 851 346 ISTAM
888 319 1010 347 v1A31
1051 318 1192 345 mco:
1224 307 1417 347 4⁰1N1'1‘E
1454 320 1595 347 νιΛΜ.
1657 308 1824 351 Praesto

395 363 542 402 aderat
571 362 738 417 sapiens
772 362 854 411 illc,
877 363 949 416 qui
982 361 1087 402 inire
1108 361 1219 401 viam
1242 363 1437 404 doceret:
1472 376 1656 406 REm‘rE
1683 379 1825 408 leM.

395 419 546 459 eodem
569 419 677 459 duce
699 419 907 459 redibant.
969 417 1079 458 Haec
1103 417 1196 472 jam
1221 427 1311 459 tum
1342 420 1454 474 apud
1485 421 1578 461 iilos
1610 422 1825 474 barbatos,

395 476 587 526 ridicula,
619 476 760 524 credo,
792 474 1060 515 videbantur.
1099 474 1309 526 homines,
1342 491 1439 517 cum
1471 488 1584 518 recte
1619 488 1748 534 atque
1781 481 1826 520 in

393 531 489 572 loco
520 532 827 581 constitissent,
855 532 998 586 juberi
1030 532 1171 572 abire:
1205 542 1264 581 ut,
1298 533 1408 573 unde
1441 534 1644 587 abissent,
1674 536 1825 576 eodem

393 590 539 630 statim
579 589 776 629 redirent.
841 588 995 628 lisdem
1029 588 1201 643 ineptiis
1241 588 1384 629 fucata
1417 601 1516 631 sunt
1557 591 1629 632 illa
1664 593 1825 643 omnia,

391 648 650 697 4¹9uANno
676 658 736 684 TE
771 658 823 685 IN
849 659 971 687 JURE
998 659 1285 686 CONSPIClo.
1309 656 1350 685 et
1383 646 1490 697 baec,
1511 650 1657 690 42sE1)
1683 662 1822 690 ANNE

394 717 455 744 Tu
494 716 642 751 Diels,
678 715 761 752 ρυι
810 715 966 744 CAUSA
1005 705 1398 744 VINDICAVERIS?
1427 718 1524 757 quae
1562 705 1665 746 dum
1703 716 1826 747 erant

393 759 575 809 occulta,
594 758 829 798 necessario
849 761 903 800 ab
921 760 995 810 eis,
1010 760 1082 814 qui
1101 773 1151 799 ea
1173 760 1390 809 tenebant,
1407 761 1686 815 petebantur:
1707 773 1827 818 post-

393 831 444 857 ea
474 830 572 855 vero
606 815 870 870 pervulgata,
903 827 1032 871 atque
1064 816 1106 856 in
1138 816 1334 856 manibus
1359 817 1528 871 jactata
1559 826 1602 858 et
1631 832 1826 870 excussa,

395 872 644 913 inanissima
665 873 903 926 prudentiae
936 883 1101 929 reperta
1120 883 1243 914 sunt:
1275 873 1435 913 fraudis
1455 883 1598 914 autem
1619 884 1663 915 et
1686 877 1826 918 stulti-

329 931 382 968 ‘27
395 930 466 970 tiae
490 929 746 985 plenissima.
789 930 901 970 nam
924 945 1019 971 cum
1046 930 1256 986 permulta
1277 930 1479 985 praeclare
1499 930 1665 986 legibus
1685 942 1826 974 essent

392 987 642 1036 constituta,
673 1000 722 1026 ea
752 986 1145 1040 jureconsultorum
1180 987 1363 1042 ingeniis
1395 987 1594 1043 pleraque
1623 997 1826 1046 corrupta

389 1059 441 1085 ac
473 1044 704 1099 depravata
739 1052 851 1084 sunt.
909 1049 949 1076 43
966 1044 1170 1084 Mulieres
1202 1058 1364 1094 omnes,
1397 1054 1570 1100 propter
1600 1045 1824 1089 infirmita-

390 1110 478 1142 tem
508 1100 676 1141 consilii
709 1100 891 1155 majores
922 1099 964 1141 in
998 1110 1187 1141 tutorum
1218 1110 1427 1156 potestate
1454 1116 1546 1143 esse
1572 1101 1824 1146 voluerunt:

388 1157 434 1198 hi
466 1158 720 1198 invenerunt
753 1172 909 1213 genera
931 1167 1136 1208 tutorum,
1164 1160 1311 1212 44quae
1345 1167 1557 1213 potestate
1595 1160 1825 1203 mulierum

388 1215 725 1255 continerentur.
782 1217 822 1245 45
837 1215 967 1255 Sacra
993 1215 1166 1255 interire
1198 1214 1256 1254 illi
1287 1215 1538 1257 noluerunt:
1573 1215 1728 1258 horum
1758 1218 1825 1258 in‘-

387 1273 516 1328 genio
555 1285 674 1312 senes
702 1271 753 1312 ad
786 1272 1050 1313 coemtiones
1083 1271 1314 1322 faciendas,
1344 1272 1723 1315 interimendorum
1756 1289 1822 1315 sa-

387 1343 558 1370 crorum
591 1344 732 1378 causa,
762 1329 916 1384 reperti
950 1338 1062 1369 sunt.

1126 1328 1175 1368 In
1209 1329 1326 1369 omni
1358 1329 1542 1384 denique
1572 1329 1673 1385 jure
1706 1331 1823 1373 civili

388 1387 636 1441 aequitatem
671 1385 944 1440 reliquerunt,
977 1387 1106 1427 verba
1136 1386 1228 1440 ipsa
1262 1395 1511 1426 tenuerunt:
1543 1397 1606 1436 ut,
1638 1387 1741 1443 quia
1777 1388 1822 1428 in

387 1443 567 1499 alicujus
597 1442 731 1493 libris,
753 1443 940 1499 exempli
970 1458 1111 1492 causa,
1143 1442 1185 1483 id
1216 1456 1370 1483 nomen
1401 1443 1666 1495 invenerant,
1697 1453 1822 1501 puta-

387 1510 501 1551 runt,
523 1514 669 1540 omnes
702 1500 911 1550 mulieres,
933 1516 1029 1555 quae
1053 1500 1340 1541 coemtionem
1370 1500 1572 1551 facerent,
1597 1500 1723 1542 Caias
1746 1516 1821 1543 vo·

386 1558 488 1598 cari.

426 1689 464 1717 38
489 1687 520 1716 1⁴72
535 1686 609 1716 illo.-
631 1688 697 1716 suis
715 1686 873 1726 utrisque]
900 1687 952 1716 Sic
974 1691 1023 1717 est
1044 1686 1079 1716 in

384 1728 448 1759 Ms.
466 1729 528 1758 Gu.
543 1729 591 1758 ed.
608 1730 659 1758 w.
680 1728 759 1759 Edd.
779 1729 816 1758 R.
835 1731 924 1759 1-430.
948 1729 1002 1758 Br.
1021 1730 1078 1758 ἃς.

383 1772 474 1800 nullo
498 1772 583 1807 usui,
611 1771 661 1800 vel
685 1781 763 1800 usu:
787 1771 873 1809 quod
895 1777 929 1800 et
958 1771 1079 1811 recepit

384 1813 540 1842 Graevius.
587 1813 656 1851 Ego
672 1818 740 1842 tum
763 1823 794 1843 zv.
818 1814 853 1842 in
875 1813 930 1841 illo
943 1813 1078 1848 servavi,

384 1855 460 1893 qnia
483 1854 560 1884 alias
584 1855 664 1884 nihil
689 1861 750 1890 est,
773 1854 858 1893 quod
878 1855 981 1884 verbis
1003 1865 1078 1885 cum

383 1898 496 1926 ceteris
509 1898 603 1926 rebus
618 1897 821 1936 respondeat.

426 1941 466 1973 39
487 1940 712 1978 superstitibus
720 1939 945 1978 proesentibus]
973 1939 1078 1969 Hoto-

383 1989 506 2010 manno
517 1985 550 2010 et
563 1981 715 2011 Manutio
723 1982 933 2020 praesentibus
943 1992 959 2009 e
973 1981 1079 2020 glossa

384 2027 500 2052 natum
516 2023 656 2059 videtur,
681 2024 838 2063 probante
857 2024 1077 2061 conjecturam

383 2065 512 2094 Graevio
524 2076 533 2102 ;
554 2065 638 2104 quod
652 2067 837 2104 superstites
852 2073 930 2095 sunt
938 2074 1079 2104 proesen-

382 2111 437 2136 tes.
455 2117 513 2137 nee
529 2107 621 2137 nobis
636 2108 794 2147 displicet.
841 2107 935 2137 Clare
951 2107 1077 2144 Festus,

380 2150 566 2188 superstites
587 2150 769 2189 significare
785 2153 878 2180 testes
892 2155 1076 2189 praesentes.

383 2189 483 2221 Uncis
500 2191 627 2221 inclusi.

422 2236 464 2263 40
485 2234 565 2263 inite
578 2233 681 2273 viam]
701 2233 882 2263 Priscianus
898 2231 935 2262 L.
950 2232 1076 2263 XVIII.

379 2285 411 2314 p.
431 2276 520 2305 1168.
536 2277 580 2305 ite
596 2277 684 2306 viam
695 2288 704 2305 .·
718 2280 751 2305 et
766 2277 815 2305 ire
828 2276 917 2305 viam
931 2281 979 2305 est
996 2275 1077 2305 bene

378 2316 532 2347 latinum.
577 2317 729 2348 Placebat
753 2317 953 2354 Camerario,
979 2316 1077 2346 Lam-

379 2359 465 2393 bino.
512 2358 622 2389 Placet
653 2365 685 2389 et
722 2359 819 2389 mihi:
858 2358 913 2389 sed
941 2359 1016 2397 quia
1043 2363 1078 2388 et

378 2402 551 2440 vulgatum
575 2402 715 2431 latinum
738 2407 800 2438 est,
822 2405 856 2432 et
883 2401 917 2431 in
943 2411 981 2431 eo
1003 2401 1078 2430 libri

377 2444 602 2477 consentiunt.
617 2444 649 2473 id
663 2444 796 2473 servavi.

419 2488 454 2515 41
482 2486 624 2526 Quando
655 2490 677 2516 t.
707 2486 729 2515 i.
749 2485 782 2524 j.
811 2485 979 2524 con-spicio]
1011 2485 1073 2515 Pro

379 2527 499 2557 Caeein.
529 2530 574 2561 19.
597 2533 646 2558 est
672 2527 928 2567 quandoquidem
952 2528 987 2557 in
1014 2527 1073 2557 hac

376 2569 538 2606 formula3
561 2570 617 2599 ubi
642 2579 669 2600 v.
715 2569 773 2599 Est
801 2574 910 2599 autem
940 2574 1073 2599 tantum

377 2610 509 2640 initium
533 2611 705 2648 formulae3
730 2612 1074 2651 sequebatur,postulo

376 2662 422 2681 an
445 2652 533 2691 fuas
560 2658 694 2683 auctor.-
730 2653 815 2683 unde
843 2653 865 2683 1.
893 2664 921 2684 c.
955 2653 1075 2684 dicitur

375 2696 463 2724 actio
477 2695 511 2724 in
526 2701 692 2725 auctorem
709 2700 913 2735 praesentem.

416 2739 457 2767 42
479 2737 535 2766 sed
555 2747 640 2767 anne
654 2742 689 2767 tu
710 2738 800 2773 dieis,
816 2739 870 2777 qui
884 2747 985 2767 causa
1002 2736 1071 2765 vin-

373 2777 547 2817 dicaveris]
579 2780 631 2807 Sic
659 2779 721 2809 Ms.
747 2780 809 2809 Gu.
835 2779 906 2809 edd.
934 2789 983 2818 pr.
1010 2779 1070 2808 nisi

372 2820 459 2859 quod
478 2821 513 2850 in
530 2820 599 2850 edd.
623 2822 860 2861 transpositum
882 2827 932 2851 est
954 2822 1020 2861 qui,
1036 2825 1072 2851 et

546 1557 572 1599 J
578 1572 647 1597 am
669 1557 769 1597 illud
794 1557 899 1597 mihi
921 1558 1091 1613 quidem
1115 1556 1270 1596 mirum
1296 1557 1427 1597 videri
1451 1557 1661 1611 solen-tot
1683 1558 1822 1600 homi-

1121 1685 1246 1715 faetum
1261 1695 1395 1715 causum
1411 1685 1478 1724 qui,
1494 1685 1595 1716 etiam
1605 1685 1822 1727 judicaveris.

1122 1727 1281 1757 Gruterus
1303 1727 1426 1757 frustra
1447 1727 1480 1756 in
1502 1726 1552 1757 ed.
1577 1737 1625 1767 pr.
1650 1738 1718 1758 esse
1740 1728 1821 1762 dicit

1121 1770 1210 1808 quia.
1257 1769 1293 1799 Id
1308 1769 1358 1799 ed.
1379 1771 1469 1799 1480.
1491 1766 1592 1799 habet
1613 1779 1722 1800 errore
1743 1780 1821 1812 ope-

1123 1821 1242 1842 rarum.
1287 1811 1370 1841 Mihi
1391 1810 1498 1851 placet
1515 1810 1679 1850 judicium
1692 1821 1820 1850 eorum,

1120 1853 1172 1891 qui
1208 1852 1319 1883 delent
1347 1854 1414 1892 qui,
1444 1857 1480 1882 ut
1508 1853 1587 1883 Ant.
1615 1854 1820 1894 Augustinus

1121 1895 1194 1925 Em.
1219 1895 1264 1930 11,
1288 1897 1318 1926 2.
1343 1895 1496 1935 Cujaeius
1518 1894 1596 1925 obs.
1617 1895 1675 1933 lv,
1689 1899 1742 1929 33.
1762 1897 1820 1928 Vi—

1121 1942 1202 1968 ctor.
1229 1937 1285 1974 IV,
1301 1940 1353 1968 23.
1373 1944 1406 1967 et
1429 1936 1560 1967 Manut.
1584 1937 1626 1968 ad
1646 1938 1739 1970 Verr.
1756 1938 1815 1976 IV,

1122 1981 1172 2009 24.
1201 1979 1288 2018 quod
1315 1985 1349 2010 et
1375 1979 1524 2018 sequitur
1552 1978 1710 2010 Graevius.
1766 1979 1819 2012 De

1120 2021 1262 2051 formula
1276 2022 1354 2052 dieis
1368 2030 1468 2051 eausa
1480 2030 1506 2053 v,
1525 2020 1616 2051 Clav.
1628 2022 1662 2052 in
1676 2022 1756 2052 dicis
1767 2032 1795 2053 c.

1163 2066 1204 2093 43
1227 2063 1383 2094 flleclieres
1406 2062 1480 2102 &c.]
1503 2073 1532 2094 v.
1556 2073 1614 2104 pro
1630 2063 1751 2096 Caecin.
1766 2066 1819 2096 25.

1121 2109 1154 2135 et
1169 2105 1212 2135 ibi
1230 2105 1366 2136 Hotom.

1161 2150 1203 2177 44
1225 2157 1294 2187 quoe
1312 2150 1472 2187 potestate
1491 2155 1535 2176 m.
1559 2146 1663 2186 cont.)
1684 2146 1815 2187 Nempe

1121 2198 1200 2228 quos
1214 2190 1272 2219 sibi
1287 2190 1365 2229 ipsa:
1380 2193 1548 2228 optassent
1562 2198 1601 2218 ex
1615 2193 1816 2219 testamento

1120 2231 1194 2268 viri,
1217 2238 1256 2262 ut
1279 2231 1360 2262 bene
1387 2231 1482 2260 docet
1505 2230 1619 2270 Cujac.
1640 2230 1718 2261 Obs.
1736 2229 1815 2267 VH,

1161 2318 1201 2345 45
1218 2314 1324 2345 Sacra
1340 2315 1474 2345 inter-ire
1486 2314 1509 2344 i.
1524 2313 1573 2353 n.]
1596 2313 1816 2353 Intelligenda

1119 2366 1209 2387 sacra
1224 2358 1408 2388 familiaria.
1428 2367 1456 2387 v.
1471 2356 1510 2386 de
1532 2355 1633 2395 Legg.
1650 2355 1696 2392 11,
1714 2358 1761 2390 19.
1776 2356 1816 2386 de

1118 2400 1245 2430 senibus
1267 2400 1312 2429 ad
1331 2400 1517 2429 coemtiones
1540 2408 1569 2427 v.
1592 2398 1682 2428 Clav.
1709 2398 1742 2427 in
1766 2407 1815 2427 co-

1116 2442 1221 2471 iimtio.
1258 2442 1402 2481 itemque
1437 2441 1476 2471 de
1512 2440 1712 2475 mulieribus,
1745 2448 1815 2478 qua·

1116 2484 1321 2514 coemtionem
1340 2483 1507 2523 fizeerent.
1553 2482 1709 2512 Ceterum
1745 2481 1816 2510 vul-

1117 2530 1194 2563 gata
1207 2525 1305 2556 lectio
1321 2525 1417 2564 hujus
1439 2525 1501 2555 Ioci
1524 2523 1562 2554 ‹le
1586 2524 1719 2553 nomine
1739 2532 1813 2552 mu·

1116 2567 1232 2598 lierum
1252 2577 1331 2597 sana
1352 2573 1413 2604 est,
1435 2577 1496 2596 nec
1514 2565 1624 2596 addito
1645 2564 1733 2595 Caiae
1755 2574 1814 2594 no-

1116 2610 1205 2639 mine
1219 2609 1464 2649 interpolandus
1477 2609 1510 2638 in
1525 2607 1697 2647 principio,
1710 2611 1749 2636 ut
1763 2612 1813 2636 est

1117 2653 1150 2682 in
1174 2652 1224 2681 ed.
1252 2661 1300 2690 pr.
1323 2657 1357 2681 et
1380 2650 1459 2681 Mss.
1483 2649 1688 2689 quibusdam,
1710 2648 1811 2678 etiam

1114 2693 1221 2723 Guelf.
1251 2692 1295 2723 Ut
1323 2693 1419 2723 Gaia.
1442 2692 1538 2722 Junt.
1565 2695 1602 2721 ut
1623 2691 1701 2730 quia
1730 2689 1811 2720 Caia

1115 2744 1181 2765 non
1205 2735 1330 2775 patitur
1352 2735 1389 2764 id
1411 2743 1537 2770 nomen,
1559 2732 1645 2772 quod
1670 2731 1812 2763 refertur

1114 2777 1154 2808 ad
1170 2787 1323 2817 sequens:
1353 2777 1449 2807 Caius
1459 2776 1580 2806 vocari.
