1907 3231
580 91 645 129 IN
671 91 717 135 L.
746 87 1098 131 CATILINAM.
1503 95 1579 135 677

140 194 266 237 facile
287 195 399 238 hane
430 203 595 237 tantam
623 198 780 238 molem
812 197 908 238 mali
941 213 966 238 a
997 197 1238 238 cervicibus
1261 196 1412 238 vestris
1443 196 1578 253 depu-

137 253 297 295 lissem.
356 257 396 286 33
413 254 514 294 Non
552 254 622 295 ille
657 255 783 296 nobis
820 255 1063 296 Saturnalia
1093 254 1404 305 constituisset,
1439 268 1578 309 neque

141 320 263 352 tanto
286 320 385 352 ante
406 311 531 352 exitii
548 323 592 352 et
608 311 685 352 fati
705 313 819 353 diem
843 312 1090 369 reip‘ublicae
1113 311 1421 362 denuntiasset,
1440 325 1578 366 neque

138 369 441 419 commisisset,
463 378 513 408 ut
535 368 722 425 signum,
745 381 793 411 ut
815 370 970 411 litterae
993 385 1081 410 suae
1117 379 1246 409 testes
1279 368 1466 423 denique
1487 384 1579 409 ma-

138 425 284 466 nifesti
313 425 482 467 sceleris
517 425 953 482 deprehenderentur.
984 442 1081 483 quae
1118 441 1246 477 nunc,
1280 425 1352 466 illo
1385 427 1577 476 absente,

139 483 200 525 sic
222 492 345 539 gesta
373 494 488 534 sunt,
510 489 556 524 ut
579 484 742 525 nullum
773 486 816 525 in
847 487 1015 541 privata
1034 485 1175 526 domo
1188 484 1351 525 furtum
1374 497 1579 537 umquam

137 541 194 585 sit
230 551 317 581 tam
352 540 491 596 palam
530 542 771 594 inventum,
806 557 935 598 quam
967 543 1062 585 haec
1096 541 1328 583 tanta³⁴in
1359 540 1580 596 republica

135 597 381 653 conjuratio
406 599 634 640 manifesto
657 600 834 641 inventa
856 609 985 655 atque
1005 600 1272 656 deprehensa
1289 607 1370 639 est.
1409 597 1576 644 Quodsi

137 653 329 697 Catilina
364 656 407 697 in
447 657 553 697 urbe
586 658 638 698 ad
676 657 788 698 hauc
820 658 934 698 diem
973 659 1269 698 remansisset:
1301 669 1578 711 quamquam,

135 713 277 767 quoad
301 714 398 764 fuit,
421 715 622 755 omnibus
651 715 746 770 ejus
772 714 962 756 consiliis
985 716 1152 756 occurri
1175 725 1304 770 atque
1326 713 1491 763 obstiti,
1515 723 1579 753 ta-

135 784 250 823 men,
275 781 322 812 ut
344 771 558 812 levissime
591 773 756 823 dicam,
777 772 1071 813 dimicandum
1106 772 1231 813 nobis
1254 784 1352 812 cum
1376 769 1448 811 illo
1471 771 1575 811 fuis-
1606 784 1609 785 ⁷

135 838 214 879 set,
236 843 376 885 neque
397 844 475 870 nos
499 834 718 885 umquam,
740 829 843 870 dum
860 829 929 870 ille
944 830 986 870 iu
1008 831 1112 878 urbe
1134 829 1269 870 hostis
1292 828 1459 880 fuisset,
1483 839 1575 868 tan·
1587 838 1617 868 Ρ·
1639 830 1708 860 115.

136 886 190 926 tis
213 886 413 942 periculis
443 887 770 942 rempublicam,
794 896 914 927 tanta
947 902 1067 943 paee,
1091 898 1211 928 tanto
1241 887 1347 937 otio,
1371 895 1492 927 tauto
1521 882 1617 926 si-a'

132 942 283 996 lentio,
306 945 618 985 liberassemus.

193 1001 470 1056 Quamquam
503 1001 599 1043 haec
629 1002 790 1055 omnia,
823 1003 1032 1054 Quirites,
1063 1003 1125 1043 ita
1155 1011 1253 1042 sunt
1286 1016 1312 1043 a
1343 1015 1411 1042 me
1438 1000 1622 1050 admi-S

132 1058 328 1110 nistrata,
366 1070 413 1100 ut
443 1060 622 1103 deorum
653 1060 961 1103 immortalium
998 1071 1105 1101 nutu
1145 1068 1275 1114 atque
1313 1058 1494 1100 consilio
1533 1068 1575 1098 et
1591 1076 1638 1109 13

133 1126 257 1172 gesta
278 1128 322 1157 et
343 1117 515 1172 provisa
537 1132 629 1158 esse
651 1118 891 1160 videantur.
916 1120 1045 1175 idque
1069 1132 1165 1159 cum
1199 1117 1452 1172 conjectura
1472 1131 1576 1157 eon-

131 1174 252 1229 sequi
278 1189 519 1232 possumus,
542 1176 658 1230 quod
680 1176 755 1217 vix
779 1177 948 1218 videtur
971 1177 1147 1218 humani
1169 1175 1339 1215 consilii
1360 1185 1579 1214 tantarum

131 1245 273 1273 rerum
297 1232 555 1289 gubernatio
577 1247 668 1273 esse
688 1234 903 1289 potuisse:
937 1245 1029 1275 tum
1048 1248 1149 1274 vero
1174 1233 1234 1273 ita
1256 1241 1488 1288 praeseutes
1513 1232 1580 1272 liis

133 1291 402 1346 temporibus
425 1305 551 1346 opem
574 1300 618 1332 et
639 1291 851 1332 auxilium
881 1293 1007 1333 nobis
1041 1290 1245 1340 tulerunt,
1270 1300 1316 1330 ut
1347 1304 1420 1330 eos
1455 1303 1580 1346 paene

131 1348 267 1388 oculis
306 1348 449 1389 videre
483 1363 719 1404 possemus.
782 1349 911 1401 Nam,
936 1360 983 1391 ut
1012 1349 1084 1390 illa
1116 1348 1332 1399 omittam,
1356 1347 1467 1387 visas
1500 1361 1580 1387 no-

130 1413 284 1447 cturno
308 1416 503 1462 tempore
525 1407 579 1447 ab
602 1406 829 1448 occidente
851 1407 966 1450 faces
985 1408 1267 1460 ardoremque
1289 1404 1400 1453 eaeli,
1426 1415 1472 1445 ut
1494 1403 1578 1444 ful-

131 1463 297 1504 minum
315 1463 476 1519 jactus,
499 1474 546 1504 ut
564 1473 687 1504 terrae
705 1474 864 1516 motus,
887 1469 927 1496 35
943 1475 990 1505 ut
1013 1474 1170 1514 cetera,
1192 1477 1289 1518 quae
1315 1473 1402 1503 tam
1425 1461 1580 1513 multa,

129 1521 257 1561 nobis
291 1520 555 1572 consulibus,
578 1520 695 1561 facta
724 1532 838 1573 sunt,
863 1531 911 1563 ut
944 1522 1054 1573 haec,
1084 1536 1181 1576 quae
1214 1534 1330 1560 nunc
1361 1520 1484 1570 fiunt,
1507 1534 1579 1560 ca-

127 1592 230 1619 nere
262 1578 322 1619 dii
356 1578 620 1620 immortales
656 1578 922 1622 viderentur:
954 1579 1039 1621 hoc
1074 1588 1204 1629 certe,
1228 1577 1439 1627 Quirites,
1461 1576 1576 1632 quod

129 1649 224 1676 sum
245 1635 454 1687 dicturus,
474 1651 612 1692 neque
635 1637 1071 1691 praetermittendum,
1091 1650 1229 1691 neque
1249 1635 1577 1690 relinquendum

127 1702 209 1734 est.
242 1693 354 1734 Nam
381 1694 577 1750 profecto
600 1694 809 1735 memoria
827 1695 997 1746 tenetis,
1022 1694 1155 1735 Cotta
1173 1703 1217 1734 et
1232 1691 1453 1747 Torquato
1473 1706 1577 1733 con-
1592 1699 1639 1740 19

129 1749 309 1802 sufibus,
331 1752 372 1782 36
383 1751 624 1808 complures
644 1751 687 1791 in
707 1751 928 1809 Capitolio
945 1752 1082 1793 res'de
1101 1751 1209 1792 caelo
1230 1764 1320 1791 esse
1341 1764 1578 1806 percussas,

128 1822 229 1848 cum
259 1819 303 1849 et
329 1808 558 1850 simulacra
592 1809 771 1850 deorum
807 1809 1118 1851 immortalium
1143 1812 1182 1842 37
1194 1807 1373 1863 depulsa
1401 1816 1515 1858 sunt,
1537 1818 1582 1848 et

128 1874 282 1907 statuae
306 1876 499 1907 veterum
520 1867 749 1908 hominum
772 1868 974 1923 dejectae,
993 1878 1037 1908 et
1059 1867 1204 1923 legum
1225 1880 1312 1906 aera
1330 1864 1580 1920 liquefacta.

111 1932 269 1964 *taetus
303 1933 368 1964 est
398 1924 528 1966 etiam
559 1924 642 1974 iile,
672 1925 746 1980 qui
779 1925 888 1967 hanc
924 1926 1075 1966 urbem
1106 1923 1318 1974 condidit,
1343 1921 1579 1969 Romulus:

111 1989 257 2036 ‘quem
280 1981 525 2023 inauratum
544 1982 587 2023 in
609 1982 831 2039 Capitolio
855 1997 1037 2040 parvum
1057 1992 1187 2038 atque
1205 1981 1453 2034 lactentem,
1476 1980 1583 2024 ube-

167 2108 207 2137 33
226 2106 304 2138 Non
318 2108 374 2138 ille
386 2107 489 2148 nobis]
508 2109 561 2139 Sic
574 2108 644 2139 edd.
660 2118 709 2149 pr.
727 2108 829 2139 Aldus

107 2148 214 2180 ‘dedit
235 2151 333 2186 vobis,
352 2151 461 2181 nescio
484 2161 528 2182 an
548 2151 718 2190 consulto;
743 2152 830 2190 quod

122 2191 200 2222 inde
221 2191 255 2222 in
278 2202 392 2224 omnes
410 2192 483 2224 edd.
498 2195 605 2224 venit:
630 2204 828 2233 quamquam

122 2239 158 2265 et
181 2234 243 2264 hoc
269 2241 397 2266 rectum
419 2241 480 2267 est.
524 2236 658 2267 Dicitur
678 2237 768 2267 enim
790 2247 830 2266 u-

121 2281 280 2316 trumque
295 2278 511 2315 enclitice‚ut
520 2280 602 2310 mihi
613 2284 648 2310 et
662 2279 731 2310 tibi.
756 2279 830 2309 Eae-

123 2318 200 2350 dem
221 2320 292 2350 edd.
307 2331 356 2361 pr.
374 2320 497 2352 habent
522 2331 596 2352 mox
613 2322 705 2351 exitii
718 2326 749 2351 et
752 2321 830 2361 fizti

123 2362 222 2399 diem,
237 2368 276 2393 ut
298 2369 333 2394 et
346 2373 408 2393 scr.
425 2364 547 2403 plures,
563 2374 631 2394 non
646 2360 783 2394 exitium
799 2369 830 2394 et

110 2403 189 2444 fati
201 2406 300 2442 diem,
315 2411 354 2436 ut
366 2407 578 2443 recentiores,
591 2406 668 2437 inde
682 2407 723 2437 ab
734 2406 830 2437 Aldo.

123 2446 226 2478 Recte
242 2453 336 2479 vetus
351 2449 501 2479 restituit
517 2449 676 2480 Graevius.

166 2493 208 2521 34
229 2492 265 2521 in
294 2491 433 2531 repubL]
480 2492 534 2521 Sic
559 2501 628 2522 esse
651 2491 828 2531 legendum

99 2537 104 2540 '
122 2541 183 2572 pro
208 2534 244 2563 z'n
262 2543 367 2573 remp.
389 2544 429 2564 ex
453 2544 487 2564 re
510 2538 545 2564 et
562 2535 702 2575 privata
725 2534 829 2572 domo,

123 2577 175 2604 eui
192 2574 253 2606 hoc
268 2577 461 2616 opponitur,
487 2582 590 2616 patet.
637 2577 700 2608 Sed
724 2577 770 2606 sic
794 2582 829 2607 et

122 2626 185 2648 scr.
201 2618 269 2649 fere
284 2618 419 2649 habent.
464 2619 504 2649 In
519 2619 592 2650 edd.
610 2629 659 2660 pr.
675 2625 725 2650 est
741 2621 775 2649 in
797 2629 826 2650 r.

116 2668 154 2700 p.
169 2660 255 2691 unde
270 2661 373 2691 Aldus
388 2662 468 2692 feeit
478 2663 514 2692 in
529 2672 632 2702 remp.

166 2705 207 2733 35
220 2707 259 2734 ut
273 2708 394 2741 cetera,
408 2714 482 2744 quoe
493 2709 564 2735 tam
579 2704 702 2744 multa]
718 2703 829 2743 Vulgo

119 2748 303 2786 ceteraque,
327 2755 407 2786 quoe.
429 2746 513 2777 illud
537 2747 670 2784 melius,
687 2746 774 2786 quod
793 2747 829 2776 in

121 2786 215 2817 libris
235 2797 297 2819 scr.
323 2789 446 2829 reperit
473 2789 639 2820 Muretus.
685 2789 766 2820 Edd.
783 2799 832 2829 pr.

120 2829 245 2860 habent
260 2840 331 2871 quoe
354 2832 404 2861 ita
427 2833 517 2863 nobis
538 2832 620 2863 Coss.
642 2832 730 2862 unde
744 2832 833 2862 forte

120 2873 239 2904 melius
260 2874 309 2905 ita
335 2875 453 2907 multa.
489 2875 552 2906 Sed
566 2880 660 2906 totus
675 2875 767 2906 loeus
781 2874 834 2904 hic

872 2109 907 2138 in
932 2108 1023 2139 libris
1046 2108 1135 2138 varie
1153 2106 1289 2148 legitur,
1303 2111 1344 2137 ut
1363 2104 1583 2146 interpolatus

871 2160 941 2182 esse
956 2151 1120 2181 videatur.

915 2194 956 2225 36
968 2195 1150 2234 complures
1162 2192 1198 2222 in
1215 2190 1371 2231 Capitolio
1385 2190 1449 2230 res]
1464 2189 1518 2220 Ita
1531 2194 1583 2221 est

874 2236 910 2266 in
925 2236 975 2267 ed.
990 2236 1044 2267 W.
1060 2235 1147 2275 quod
1162 2243 1230 2265 non
1245 2234 1339 2270 vidit,
1354 2234 1407 2273 qui
1425 2243 1498 2264 eam
1512 2232 1582 2267 edi-

872 2279 999 2309 tionem
1017 2279 1052 2309 in
1068 2277 1218 2308 manibus
1233 2276 1387 2312 habebat,
1404 2276 1580 2312 Gruterus,

873 2322 929 2361 qui
942 2322 1028 2351 hane
1043 2321 1224 2351 lectionem
1237 2318 1339 2348 etiam
1353 2319 1387 2348 in
1401 2318 1482 2348 Mss.
1494 2317 1577 2348 Pan.

872 2370 908 2394 et
922 2364 1048 2394 duobus
1064 2363 1137 2394 aliis
1153 2361 1287 2402 reperit,
1296 2368 1331 2391 et
1342 2360 1375 2390 in
1386 2360 1477 2391 nullo
1490 2360 1580 2391 edito

873 2406 957 2437 libro
976 2415 1045 2436 esse
1059 2406 1155 2442 dixit,
1171 2409 1318 2435 ceterum
1341 2412 1406 2433 non
1431 2409 1581 2434 contem-

873 2449 1016 2479 nendam
1039 2449 1183 2489 putavit.
1229 2445 1341 2476 Nullae
1361 2446 1395 2476 in
1416 2445 1581 2486 Capitolio

872 2496 993 2528 turres,
1007 2496 1042 2521 et
1064 2492 1097 2521 in
1118 2488 1343 2528 sequentibus,
1359 2488 1416 2518 ubi
1436 2498 1582 2518 comme-

873 2539 1048 2564 morantur
1073 2543 1135 2570 ree,
1156 2541 1229 2571 quae
1252 2530 1393 2561 fulmine
1417 2539 1581 2571 percussae

872 2582 964 2614 sunt,
978 2575 1072 2606 nulla
1084 2575 1186 2605 turris
1198 2574 1335 2605 mentio.
1380 2573 1496 2612 Itaque
1510 2583 1579 2608 non

871 2618 1019 2649 dubitavi
1036 2619 1178 2658 recipere
1193 2626 1252 2657 pro
1266 2616 1402 2656 vulgato
1418 2619 1538 2647 turres.

915 2663 954 2694 37
978 2662 1115 2701 depulsa
1135 2658 1226 2698 sunt]
1256 2658 1438 2698 Eleganter
1452 2668 1511 2699 pro
1527 2658 1583 2688 de.

866 2704 959 2743 jecta
979 2712 1071 2740 sunt,
1097 2706 1138 2732 ut
1163 2711 1241 2732 mox
1269 2701 1365 2732 dicit:
1390 2700 1437 2731 sic
1461 2700 1584 2732 Caeciu.

875 2747 926 2777 22.
942 2756 964 2775 a
986 2756 1049 2786 quo
1073 2747 1138 2775 loco
1157 2744 1310 2783 depulsus
1331 2746 1422 2780 esset,
1438 2743 1516 2773 alibi
1531 2743 1586 2772 de-

865 2787 988 2829 jectus.
1011 2788 1125 2827 Nepos
1139 2786 1305 2817 Themist.
1323 2789 1352 2817 5.
1367 2795 1389 2816 a
1401 2784 1515 2823 gradu
1529 2785 1585 2815 de-

872 2832 999 2871 pulsus.
1044 2831 1150 2860 Miror
1172 2829 1340 2863 Graevium
1365 2827 1517 2869 praeferre
1532 2828 1586 2859 de-

878 2875 973 2913 lapsa
986 2884 1003 2905 e
1018 2873 1081 2905 Ms.
1098 2872 1213 2904 franc.
1505 2882 1509 2885 ⁴

794 2922 927 2959 xx3

1256 2983 1288 3010 Ὀ
