1907 3231
487 125 691 164 ACT.11.
739 121 928 162 LIBER
962 121 1254 163 QUARTUS.
1515 125 1592 161 843

147 225 288 268 facere
313 226 534 280 annulum,
568 231 770 271 omnibus
812 227 1112 287 praesentibus.
1181 224 1378 267 Nimium
1412 225 1593 269 fortasse

145 285 262 326 dicet
283 285 435 341 aliquis
458 286 574 328 hunc
593 287 860 344 diligentem.
879 287 1088 328 hactenus
1120 282 1418 339 reprehendat,
1439 284 1472 324 si
1494 286 1591 338 quis

148 342 287 384 volet:
319 343 427 384 nihil
468 345 666 400 amplius.
715 360 862 386 verum
899 344 983 385 fnit
1017 343 1056 383 ei
1098 339 1437 382 concedendum.
1475 341 1588 383 filius

144 400 261 440 enim
292 400 340 441 L.
366 399 536 441 Pisonis
559 412 664 452 crat,
687 403 793 458 ejus,
816 403 889 458 qui
913 402 1074 458 primus
1096 399 1149 439 de
1171 397 1366 454 pecuniis
1386 408 1587 453 repetun-

145 457 210 498 dis
236 457 374 513 legem
398 458 510 500 tulit.
573 459 822 501 Ridiculum
846 469 926 510 est,
956 472 1071 499 nunc
1093 457 1146 497 de
1171 455 1300 496 Verre
1331 469 1399 495 me
1429 456 1647 511 dicere,57

144 529 242 555 cum
265 515 318 555 de
339 514 496 557 Pisone
517 516 648 573 Frugi
671 518 870 559 dixerim.
893 526 1203 562 verumtamen,
1225 521 1435 568 quantum
1455 512 1586 553 inter-

143 572 214 624 sit,
245 571 403 613 videte.
436 573 516 615 iste
546 589 644 615 cum
667 575 830 631 aliquot
855 575 1088 615 abacorum
1120 571 1282 613 faceret
1312 585 1413 610 vasa
1443 584 1584 621 aurea,
1599 583 1719 621 p.213.

142 643 231 670 non
253 628 480 682 laboravit,
510 632 613 687 quid
635 647 720 673 non
744 633 873 673 modo
898 633 940 672 in
965 631 1126 680 Sicilia,
1158 642 1304 670 verum
1327 628 1458 668 etiam
1492 627 1585 668 Ro-
1598 635 1628 655 a.

141 701 225 728 mae
248 687 291 728 in
308 687 477 742 judicio
500 690 682 731 audiret.
743 689 821 731 Ille
841 690 885 730 in
906 689 998 730 auri
1021 687 1241 728 semuncia
1261 694 1398 726 totam
1422 684 1586 741 Hispa-

139 744 257 786 niam
281 746 388 786 scire
411 746 562 798 voluit,
591 749 704 788 unde
730 747 905 803 praetori
929 745 1110 786 annulus
1133 745 1268 785 fieret.
1290 743 1512 796 nimirum,
1536 753 1585 784 ut

139 801 210 843 hic
229 817 387 844 nomen
411 819 533 845 suum
557 805 879 860 comprobavit:
914 804 974 844 sic
995 802 1065 843 ille
1087 815 1347 857 cognomen.

197 860 330 902 Nullo
370 862 499 903 modo
541 876 716 918 possum
758 861 905 902 omnia
944 860 1068 901 istius
1107 859 1223 899 faeta
1263 867 1338 898 aut
1376 843 1668 899 memori-1126

138 919 359 974 consequi,
382 928 457 959 aut
478 920 672 960 oratione
701 918 948 975 complecti.
1010 917 1182 958 Genera
1210 916 1304 971 ipsa
1336 916 1466 970 cupio
1488 915 1584 956 bre-

140 975 250 1016 viter
271 976 508 1032 attingere:
542 986 589 1017 ut
622 976 694 1017 hic
716 977 845 1017 modo
868 990 938 1016 me
959 973 1230 1016 commonuit
1253 973 1424 1013 Pisonis
1447 987 1585 1013 annu-

137 1031 217 1084 lus,
248 1034 364 1088 quod
401 1043 542 1074 totum
581 1034 822 1075 effluxerat.
885 1034 1030 1080 Quam
1069 1031 1216 1072 multis
1249 1030 1378 1070 istum
1420 1030 1583 1085 putatis

136 1089 387 1132 hominibus
424 1091 616 1132 honestis
653 1092 706 1133 (le
742 1091 892 1147 digitis
929 1089 1110 1130 annulos
1143 1102 1293 1130 aureos
1326 1087 1582 1130 abstulisse?

133 1160 370 1203 numquam
390 1149 622 1200 dubitavit,
644 1150 1001 1204 quotiescumque
1020 1146 1201 1201 alicujus
1221 1154 1295 1186 aut
1313 1159 1487 1201 gemma
1507 1155 1583 1186 aut

134 1205 295 1246 annulo
328 1206 564 1247 delectatus
598 1217 676 1247 est.
739 1205 1045 1248 Incredibilem
1076 1219 1165 1245 rem
1194 1203 1351 1253 dicam,
1384 1202 1457 1242 sed
1493 1210 1582 1243 tam

133 1261 308 1314 claram,
340 1273 387 1304 ut
410 1264 552 1320 ipsum
575 1273 833 1320 negaturum
866 1278 954 1304 non
982 1262 1178 1303 arbitrer.
1239 1260 1353 1301 Cum
1378 1259 1581 1301 Valentio
1593 1276 1644 1313 53

134 1320 227 1375 ejus
251 1321 475 1378 interpreti
499 1322 682 1378 epistola
704 1322 949 1378 Agrigento
972 1319 1101 1360 allata
1121 1328 1247 1370 esset,
1281 1332 1380 1358 casu
1407 1317 1582 1372 signum

134 1377 216 1418 iste
243 1378 548 1420 animadvertit
576 1379 620 1420 in
652 1378 829 1420 cretula.
864 1377 1028 1434 placuit
1056 1377 1109 1417 ei.
1132 1374 1437 1431 74exquisivit,
1468 1374 1583 1416 unde

134 1444 247 1476 esset
277 1436 488 1492 epistola:
520 1437 756 1493 respondit,
787 1435 1048 1492 Agrigento.
1073 1434 1152 1475 iste
1181 1433 1360 1483 litteras,
1391 1431 1445 1473 ad
1473 1446 1582 1486 quos

132 1493 311 1545 solebat,
335 1494 478 1536 misit:
511 1495 616 1535 ntis
639 1493 821 1535 annulus
852 1494 906 1535 ad
940 1507 984 1533 se
1018 1492 1159 1548 primo
1189 1503 1363 1546 quoque
1387 1498 1585 1544 tempore

131 1550 368 1592 afferretur.
392 1551 453 1592 ita
473 1551 627 1592 litteris
657 1552 796 1602 istius,
831 1549 1145 1607 patrifamilias,
1179 1548 1228 1589 L.
1251 1547 1370 1588 Titio
1391 1546 1582 1598 cuidam,

130 1608 217 1649 civi
253 1608 469 1659 Romano,
502 1609 684 1651 annulus
718 1611 771 1651 de
805 1609 944 1665 digito
975 1608 1194 1649 detractus
1223 1614 1302 1647 est.
1367 1603 1447 1645 Illa
1479 1618 1583 1645 vero

128 1665 222 1720 ejus
253 1667 468 1723 cupiditas
492 1667 757 1709 incredibilis
780 1677 860 1708 est.
923 1665 1038 1707 Nam
1061 1673 1110 1705 ut
1139 1664 1184 1705 in
1215 1661 1388 1718 singula
1407 1660 1583 1702 concla-

129 1723 214 1775 via,
245 1739 343 1779 quae
365 1724 446 1765 iste
474 1739 563 1766 non
585 1726 715 1767 modo
741 1725 911 1776 Romae,
944 1723 1015 1765 sed
1051 1723 1095 1763 in
1125 1721 1328 1762 omnibus
1362 1718 1474 1760 villis
1507 1718 1584 1760 ha-

130 1780 219 1832 bet,
251 1782 437 1823 tricenos
456 1782 590 1824 lectos
613 1784 778 1840 optime
808 1792 964 1823 stratos
998 1795 1097 1822 cum
1131 1779 1284 1820 ceteris
1314 1777 1581 1818 ornamentis

129 1839 320 1880 convivii
373 1850 599 1894 quaereret,
649 1841 832 1881 nimium
875 1839 1011 1880 multa
1056 1850 1307 1892 comparare
1346 1835 1579 1876 videretur.

131 1895 264 1937 Nulla
287 1897 440 1938 domus
471 1897 513 1938 in
547 1898 694 1939 Sicilia
728 1897 918 1954 locuples
953 1896 1051 1946 fuit,
1082 1895 1157 1937 ubi
1189 1894 1269 1934 iste
1300 1907 1387 1934 non
1423 1892 1579 1933 textri-

128 1968 233 1994 num
257 1954 507 1996 instituerit.
567 1958 608 1990 75
625 1956 788 1997 Mulier
810 1966 874 1996 est
897 1955 1148 2011 Segestana,
1170 1951 1367 2008 perdives
1390 1960 1433 1990 et
1453 1950 1577 1991 nobi·
1589 1960 1640 1996 59

128 2010 195 2062 lis,
221 2011 371 2053 Lamia
393 2013 588 2055 nomine:
623 2028 698 2069 per
721 2014 955 2054 triennium
972 2012 1058 2062 isti,
1081 2010 1207 2067 plena
1226 2010 1356 2050 domo
1381 2007 1578 2059 telarum,

129 2069 365 2125 stragulam
401 2080 564 2112 vestem
597 2071 811 2112 confecit:
846 2070 955 2111 nihil
990 2069 1073 2110 nisi
1107 2066 1339 2123 conchylio
1374 2065 1576 2107 tinctum.

127 2125 317 2179 Attalus,
349 2127 482 2169 honio
525 2129 798 2185 pecuniosus,
832 2128 964 2178 Neti;
1011 2127 1140 2182 LySO,
1183 2123 1391 2180 Lilybaei3
1432 2122 1579 2164 Crito-

126 2183 216 2225 laus
242 2184 405 2238 Ennae3
439 2186 662 2242 Syracusis
687 2186 904 2236 AEschrio,
932 2185 1202 2233 Cleomenes,
1235 2182 1578 2231 'l'heomnastus3

125 2243 168 2276 76
182 2240 299 2284 Elori
336 2242 623 2296 Archonides,
660 2243 894 2300 MegistUS.
956 2243 1055 2283 Vox
1089 2255 1159 2281 me
1191 2240 1320 2281 citius
1355 2238 1576 2289 defecerit,

125 2314 255 2355 quam
278 2301 469 2343 nomina.
516 2301 616 2358 Ipse
637 2301 767 2342 dabat
791 2314 1025 2357 purpuram
1049 2308 1232 2349 tantum,
1256 2296 1384 2338 amici
1408 2310 1575 2351 operas,

125 2358 270 2398 credo.
286 2358 381 2414 jam
404 2360 520 2400 enim
542 2375 629 2401 non
654 2359 759 2400 libet
782 2359 928 2399 omnia
950 2356 1184 2399 criminari.
1215 2354 1336 2410 quasi
1361 2354 1443 2394 hoc
1466 2353 1572 2393 mihi
1587 2364 1617 2394 b.

124 2428 213 2455 non
237 2417 338 2457 satis
362 2417 417 2457 sit
439 2417 491 2458 ad
515 2418 693 2468 crimen,
715 2417 918 2457 habuisse
942 2424 1028 2455 tam
1059 2414 1257 2464 multum,
1289 2411 1405 2466 quod
1427 2411 1573 2452 daret:

125 2472 311 2515 voluisse
334 2474 562 2531 deportare
585 2486 674 2517 tam
696 2475 857 2516 multa:
890 2474 973 2515 hoc
997 2473 1196 2527 denique,
1220 2469 1334 2526 quod
1358 2468 1576 2520 concedit,

169 2646 210 2678 74
233 2646 420 2685 exquisivit]
449 2645 530 2676 Mss.
553 2645 618 2676 duo
638 2650 718 2677 vett.
746 2655 830 2685 quoe-
875 2643 978 2675 malo:
1004 2642 1163 2683 quiahaec
1178 2641 1285 2671 forma
1298 2643 1347 2670 cst
1362 2638 1581 2670 Ciceroniana

123 2686 218 2720 siml,-
235 2687 338 2718 edidit
354 2689 511 2719 Graevius.
535 2690 580 2719 sic
596 2695 629 2719 et
645 2690 709 2720 Gn.
746 2690 831 2719 Sane
876 2688 911 2717 111
927 2686 1081 2717 narrandi
1098 2684 1278 2725 principiis.

125 2728 157 2758 id
183 2728 215 2759 h.
239 2729 263 2759 l.
288 2731 481 2761 sufficiebat.
521 2730 582 2761 Sed
608 2736 641 2761 et
665 2733 834 2771 acquirere
919 2730 960 2764 76
984 2725 1313 2764 ElarzA1-esmn1‘des]
1336 2724 1459 2764 Recepi
1482 2722 1583 2754 Elnri

125 2780 193 2800 non
209 2782 336 2812 semper
352 2773 426 2813 plus
441 2778 505 2810 est,
520 2784 620 2813 quam
640 2784 797 2814 quaerere.
876 2783 935 2813 pro
954 2771 1080 2807 Pelori,
1104 2776 1144 2800 ut
1160 2769 1340 2799 doctissimi
1357 2767 1417 2797 viri
1433 2766 1582 2801 voluere,

168 2815 208 2846 75
232 2813 359 2845 ῘΙῙιιΙίε-ι·
385 2820 432 2846 est
460 2816 747 2857 Segestana—per
773 2816 832 2846 Iri·
877 2823 909 2845 et
926 2814 1073 2854 reposuit
1090 2812 1252 2847 Graevius,
1269 2810 1330 2840 etsi
1349 2815 1467 2839 contra
1481 2808 1582 2838 libros

123 2857 274 2896 emnium]
307 2857 376 2888 Aut
399 2862 446 2888 est
461 2858 654 2896 delendum,
676 2866 735 2890 aut
760 2863 834 2899 post
878 2867 1002 2887 omnes.
1040 2856 1203 2894 filei-sistus
1219 2863 1288 2884 non
1303 2860 1352 2883 est
1368 2853 1403 2882 111
1418 2851 1483 2882 Ms-
1498 2850 1581 2889 Reg.

121 2898 333 2930 scribendum
364 2909 403 2930 ea
426 2910 489 2940 per
515 2902 714 2932 triennium.-
750 2901 836 2942 quod
881 2900 1015 2937 (ᾔτεε-11,
1031 2900 1141 2930 necin
1157 2898 1220 2927 Gu-

820 2950 895 2987 24
