1907 3231
351 139 428 173 208
891 134 960 172 IN
995 134 1267 181 VERREM,

283 249 331 282 94
347 237 474 280 cunia
496 237 566 279 illa
586 246 892 279 numeraretur.
954 237 1016 280 Ea
1036 248 1312 296 posteaquam
1331 246 1552 282 numerata
1573 247 1650 290 est,
1671 252 1773 281 con-

347 305 490 336 tentus
513 295 592 336 hac
618 295 843 351 iniquitate
865 309 949 336 non
976 295 1080 337 fuit:
1114 296 1252 351 palam
1283 297 1334 338 de
1365 296 1464 338 sella
1494 312 1543 337 ac
1572 294 1772 337 tribunali

345 362 609 408 pronuntnat,
646 366 686 393 s1
725 365 836 403 Quis
875 365 1140 394 ABSENTEM
1179 367 1437 395 STHENHJM
1465 366 1546 395 Rm
1574 365 1774 395 CAPUA-

348 422 421 451 ωε
458 421 594 450 Ruunt
631 421 818 450 Facem:
864 421 1066 459 vertar,
1097 423 1212 451 SESE
1246 424 1359 452 Esus
1406 422 1585 452 NOMEN
1623 421 1770 450 RECE-

346 479 569 508 PTURUM:
601 474 645 505 ct
674 464 813 514 siinul,
845 475 890 504 ut
911 464 964 505 ad
986 480 1156 506 causam
1178 466 1411 517 accederet,
1430 479 1670 522 nomenque
1699 463 1772 506 d‘e-

344 522 486 574 ferret,
511 521 793 577 Agathinum,
820 536 979 561 novum
1012 521 1183 563 affinem
1215 533 1342 578 atque
1375 523 1604 580 hospitem,
1634 521 1773 578 coepit

343 579 521 622 hortari.
580 577 689 619 Tum
713 577 780 618 ille
808 576 933 628 clare,
956 578 1154 619 omnibus
1185 579 1472 630 audientibus,
1503 593 1592 621 sese
1620 577 1661 620 id
1684 582 1771 621 non

342 651 432 678 esse
456 635 681 684 tactui-um,
703 648 840 689 neque
862 648 906 674 sc
928 648 1061 690 usque
1081 650 1132 676 eo
1155 635 1335 677 Sthenio
1353 651 1443 678 esse
1465 635 1701 686 inimicum,
1725 634 1770 677 ut

342 707 438 733 eum
471 693 526 732 rei
558 690 752 747 capitalis
785 690 956 732 affinem
989 705 1081 732 esse.
1110 692 1284 734 diceret.
1355 692 1444 735 Hic
1477 703 1567 734 tum
1597 702 1771 748 repente

345 749 531 791 Pacilius
552 748 742 804 quidam,
756 747 884 789 homo
898 762 1027 805 egens
1050 757 1092 789 et
1113 748 1232 800 levis,
1254 750 1433 792 accedit.
1455 749 1530 801 ait,
1553 749 1586 790 si
1608 748 1771 799 liceret,

342 821 500 848 nomeu
532 805 720 846 absentis
752 804 915 846 deferre
948 820 991 846 se
1022 805 1142 847 velle.
1208 806 1296 848 Iste
1327 821 1441 857 vero,
1473 814 1517 847 et
1543 805 1685 857 licere,
1725 812 1770 846 et

345 862 435 904 fieri
467 861 614 913 solere,
646 872 689 902 et
718 877 761 903 se
795 871 1078 918 recepturum.
1107 863 1250 919 itaque
1276 863 1479 905 defertur.
1519 862 1649 904 edicit
1684 870 1770 904 sta-

281 935 330 971 95
346 920 436 971 tim,
460 930 506 960 ut
528 919 729 960 Kalendis
754 919 982 961 Decembr.
1004 919 1116 961 adsit
1137 921 1339 961 Sthenius
1369 919 1605 976 Syracusis.
1664 918 1769 971 Hic,

343 978 417 1031 qui
442 976 624 1018 Romam
645 977 842 1027 venisset,
858 976 1044 1032 satisque
1058 976 1238 1019 feliciter
1256 978 1459 1033 annijam
1473 976 1649 1018 adverso
1663 983 1770 1033 tern-

343 1048 445 1089 pore
467 1035 722 1089 navigasset,
743 1033 971 1088 omniaque
985 1033 1202 1075 habuisset
1216 1036 1404 1090 aequiora
1416 1043 1459 1075 et
1480 1032 1769 1090 placabiliora,

343 1105 471 1145 quam
493 1092 684 1131 animum
715 1090 910 1146 praetoris
932 1099 1061 1146 atque
1083 1091 1279 1147 hospitis,
1303 1107 1390 1133 rein
1412 1091 1464 1132 ad
1486 1090 1647 1132 amicos
1669 1104 1767 1132 suos

213 1171 245 1202 p.
263 1147 519 1192 leadetulit:
556 1151 713 1202 ¹¹quae,
736 1156 781 1188 ut
801 1157 920 1188 erant
942 1148 1097 1188 acerba
1116 1159 1244 1204 atque
1267 1148 1458 1205 indigna,
1479 1148 1540 1189 sic
1564 1146 1767 1188 videbanss

302 1214 330 1233 ὃ·
346 1214 414 1245 tur
441 1204 655 1245 omnibus.
724 1203 876 1260 Itaque
911 1204 954 1244 in
981 1214 1130 1246 senatu
1159 1206 1364 1247 continuo
1393 1204 1474 1246 Cn.
1499 1202 1702 1246 Lentulus
1724 1214 1768 1245 et

259 1253 331 1308 39
346 1262 394 1303 L.
418 1261 582 1303 Gellius
604 1261 798 1303 consules
829 1260 994 1302 faciunt
1034 1264 1311 1313 mentionem,
1348 1262 1514 1319 placere
1551 1261 1696 1311 statui,
1729 1261 1763 1303 si

341 1320 534 1375 patribus
555 1319 809 1374 conscriptis
831 1318 1058 1369 videretur,
1084 1333 1148 1360 NE
1173 1333 1428 1362 ABSENTES
1455 1331 1682 1360 ΗοΜιΝΕε
1709 1331 1761 1365 11<

342 1390 630 1417 PROVINCIIS
657 1389 738 1417 nm
778 1389 993 1417 mum-:NT
1030 1389 1200 1418 RERUM
1237 1389 1562 1418 CAPITALIUM.
1593 1389 1765 1416 causam

338 1433 504 1474 Sthenii
527 1444 676 1483 totam,
695 1443 737 1474 et
760 1433 880 1473 istius
903 1433 1195 1474 crudelitatem
1216 1445 1260 1475 et
1281 1433 1551 1488 iniquitatem
1570 1440 1764 1473 senatum

338 1490 508 1531 docent.
567 1490 729 1531 Aderat.
766 1490 807 1530 in
853 1502 1001 1530 senatu
1046 1490 1210 1541 verres,
1251 1501 1370 1546 pater
1412 1489 1549 1540 istius,
1581 1497 1624 1529 et
1659 1488 1765 1530 fl'ens

338 1562 684 1602 unumquemque
717 1557 953 1587 senatorem
997 1548 1192 1603 rogabat,
1230 1558 1278 1588 ut
1316 1547 1403 1587 filio
1437 1561 1512 1587 suo
1543 1550 1762 1601 parceret:

336 1619 474 1659 neque
491 1615 630 1645 tamen
655 1604 834 1644 multum
854 1603 1120 1659 proficiebat.
1138 1614 1227 1645 erat
1248 1604 1360 1645 enim
1385 1617 1549 1644 summa
1568 1601 1763 1644 voluntas

337 1672 521 1702 senatus.
566 1661 717 1716 Itaque
740 1660 962 1701 sententia:
986 1661 1254 1711 dicebantur,
1280 1675 1380 1702 cum
1408 1673 1652 1702 summus
1680 1674 1764 1701 AB·

339 1732 458 1759 sexs
487 1732 607 1759 unus
634 1731 814 1759 rAc‘rus
842 1731 1003 1768 ESSET,
1031 1732 1091 1759 DE
1121 1732 1347 1760 ABSENTE
1372 1729 1615 1759 sumerum
1642 1729 1762 1758 NUL-

341 1788 438 1816 mm
476 1789 609 1816 rimu
646 1788 893 1816 PLACERE:
930 1788 1004 1825 ET,
1041 1790 1082 1816 Sl
1117 1789 1250 1827 ouon
1289 1788 1437 1817 ESSET
1470 1786 1682 1824 FACTUM,
1707 1787 1759 1815 11)

275 1842 324 1878 96
340 1846 506 1874 RATUM
535 1846 649 1873 Essa
676 1846 776 1873 NON
807 1844 1047 1872 PLACERE.
1108 1832 1171 1873 Eo
1189 1833 1257 1873 die
1277 1831 1454 1888 transigi
1475 1829 1583 1871 nihil
1604 1830 1761 1885 potuit,

335 1890 450 1944 quod
472 1899 514 1930 et
538 1890 627 1930 ¹2'id
650 1888 853 1944 temporis
876 1899 980 1939 crat,
1001 1900 1045 1929 et
1065 1889 1133 1930 ille
1152 1899 1271 1946 pater
1292 1889 1428 1939 istius,
1443 1888 1662 1928 invenerat
1683 1886 1761 1928 ho-

333 1947 483 1997 mines,
524 1947 596 2002 qui
631 1946 812 1987 dicendo
852 1955 1020 2002 tempus
1057 1955 1370 1987 consumerent.
1443 1944 1598 1985 Postea
1631 1958 1760 1986 senex

334 2003 484 2044 Verres
505 2004 748 2045 defensores
778 2013 907 2058 atque
938 2003 1126 2059 hospites
1157 2018 1304 2044 ornnes
1337 2001 1503 2044 Sthenii
1534 2001 1759 2043 convenit:

331 2071 456 2117 rogat
476 2076 548 2101 eos
570 2069 698 2116 atque
731 2069 838 2110 orat,
868 2074 921 2100 ne
950 2070 1204 2116 oppugnent
1225 2060 1361 2100 filium
1382 2073 1530 2099 suum:
1561 2057 1613 2100 de
1633 2057 1759 2099 Sthe-

331 2117 403 2158 nio
433 2133 485 2159 ne
517 2118 732 2159 laborent:
765 2117 992 2158 confirmat
1029 2117 1110 2168 his,
1147 2126 1393 2158 curaturum
1434 2130 1478 2156 se
1507 2127 1613 2165 esse,
1657 2117 1760 2156 13ne

329 2175 432 2229 quid
453 2175 490 2216 ei
515 2189 589 2231 per
618 2175 754 2215 filium
782 2189 905 2214 suum
934 2183 1162 2215 noceatur:
1195 2189 1238 2215 se
1270 2172 1464 2215 homines
1495 2180 1634 2214 certos
1664 2170 1758 2226 ejus

329 2232 388 2272 rei
412 2247 540 2273 causa
570 2232 613 2272 in
644 2231 835 2273 Siciliam
865 2240 907 2271 et
941 2241 1050 2272 terra
1079 2239 1124 2272 et
1154 2231 1260 2272 mari
1289 2231 1532 2271 missurum.
1593 2226 1649 2268 Et
1669 2238 1759 2270 erat

330 2289 515 2344 spatium
541 2289 706 2330 dierum
729 2288 816 2329 fere
849 2288 1026 2344 triginta
1053 2297 1152 2330 ante
1183 2287 1396 2329 Kalendas
1419 2285 1649 2327 Decembr,
1671 2299 1759 2341 quo

268 2359 318 2397 97
330 2346 398 2387 die
420 2346 512 2396 iste,
542 2357 590 2386 ut
612 2345 832 2402 Syracusis
854 2345 1056 2386 Sthenius
1078 2345 1256 2394 adesset,
1286 2343 1492 2385 edixerat.
1552 2341 1758 2384 Commo-

331 2412 481 2444 ventur
498 2403 624 2444 amici
646 2402 829 2454 Sthenii,
853 2412 1024 2458 sperant
1046 2402 1151 2453 fore,
1173 2410 1221 2443 ut
1242 2401 1374 2458 patris
1396 2400 1548 2441 litteris
1571 2399 1754 2440 nuntiis·

326 2473 409 2514 que
431 2459 541 2501 filius
568 2463 604 2491 14
618 2461 672 2501 ab
694 2460 867 2517 incepto
890 2459 1034 2500 furore
1063 2468 1301 2501 revocetur.
1362 2456 1413 2498 In
1435 2465 1584 2498 senatu
1606 2459 1757 2513 postea

371 2618 403 2646 11
422 2624 503 2656 quoe.
516 2619 553 2644 ut
568 2620 663 2645 erant
677 2614 740 2655 aa]
779 2614 938 2646 Pra’cedit
951 2624 1020 2644 res:
1064 2617 1312 2645 consumeretur
1323 2612 1471 2650 dicendo,
1495 2621 1555 2643 nec
1576 2620 1627 2643 res
1647 2610 1756 2642 adde-

326 2658 436 2696 itaque
454 2657 583 2687 videtur
605 2658 793 2696 legendum,
810 2661 846 2688 ut
860 2658 1022 2687 erat—sic
1066 2655 1266 2687 cernendum
1283 2656 1418 2685 veniret.

327 2699 497 2730 videbatur
524 2700 679 2729 omnibus.
730 2699 818 2730 Ferri
847 2699 1019 2739 vulgatum
1108 2700 1144 2728 13
1178 2707 1219 2728 ue
1249 2695 1550 2737 quid—moceretur]
1587 2694 1756 2736 Legitima

324 2740 501 2780 'utcumque
514 2745 634 2781 potest,
652 2740 707 2771 sed
719 2747 768 2771 est
783 2741 912 2771 durum.
1062 2740 1248 2770 consecutio
1263 2743 1450 2779 temporum
1478 2736 1624 2778 postulat
1642 2745 1756 2768 nocea—

371 2785 408 2813 12
421 2783 456 2813 id
481 2783 632 2822 temporis
655 2783 742 2823 erat]
769 2782 834 2813 lut.
859 2783 925 2813 dies
947 2782 1020 2813 bre-
1063 2787 1131 2820 tur,
1147 2789 1180 2812 et
1195 2781 1241 2812 sie
1256 2781 1368 2822 putavi
1381 2779 1598 2810 scribendum.

324 2824 439 2861 viores,
455 2824 570 2864 quibus
588 2834 653 2854 non
672 2825 807 2864 long-uin
828 2825 925 2865 spatii
939 2824 1019 2854 deli·
1108 2827 1146 2856 14
1158 2825 1199 2855 ab
1212 2824 1336 2864 incepto
1335 2821 1474 2862 furore]
1496 2821 1629 2852 Servavi
1641 2819 1755 2851 lectio-

323 2866 469 2904 beraudi,
492 2871 530 2898 ut
557 2866 652 2898 facile
681 2871 810 2908 tempus
832 2866 1019 2908 legitimum
1061 2876 1139 2899 nem
1155 2865 1336 2907 vulgatam,
1350 2873 1424 2904 quae
1435 2868 1486 2897 est.
1499 2863 1535 2895 in
1547 2862 1619 2895 edd.
1630 2871 1680 2904 pt.
1691 2862 1755 2893 etsi
