1907 3231
618 110 735 148 PRO
760 110 807 147 A.
838 90 1162 149 cLUENrro.

1538 117 1614 156 567

175 223 346 256 senator
372 215 605 266 accusavit,
639 225 700 266 ut,
723 230 822 257 cum
844 215 1038 256 altiorem
1063 215 1242 271 gradum
1266 216 1506 272 dignitatis,
1539 217 1614 258 be·

174 273 332 314 neficio
355 272 502 329 populi
536 272 722 313 Romani
752 282 864 314 esset
892 283 1164 324 consecutus,
1186 287 1236 313 eo
1260 288 1303 315 se
1335 283 1506 328 putaret
1535 274 1613 322 du-

174 331 358 371 rioribus
379 330 519 386 legum
537 330 860 371 conditionibus
881 330 942 371 uti
966 345 1050 370 non
1072 333 1297 385 oportere?
1322 331 1465 376 Quam
1479 330 1613 372 multa

175 397 275 427 sunt
303 388 544 436 commoda,
576 387 733 442 quibus
766 402 984 429 caremus:
1017 402 1145 442 quam
1182 387 1319 427 multa
1352 387 1533 428 molesta
1562 403 1613 428 ac

173 444 381 494 difficilia,
404 458 500 498 quae
533 445 755 486 subimus?
785 457 915 500 atque
937 444 1081 486 53haec
1108 445 1254 485 omnia
1276 454 1444 485 tantum
1477 444 1612 486 hono-

172 501 229 541 115
259 511 302 541 et
332 501 627 556 amplitudinis
661 503 901 544 commodis
930 512 1280 566 compensantur.

1341 504 1381 532 5⁴
1396 500 1520 542 Conv
1512 511 1614 542 erte

172 572 287 599 nunc
312 559 364 599 ad
388 569 626 614 equestrem
651 560 860 612 ordinem,
882 569 1011 615 atque
1042 574 1085 600 in
1108 570 1272 600 ceteros
1295 559 1491 611 ordines3
1522 573 1614 599 eas·

170 614 268 656 dem
302 617 402 657 vitae
434 616 704 657 conditiones
737 631 824 658 non
855 618 1086 673 perferent.
1125 625 1279 673 putant
1311 616 1441 666 enim,
1470 616 1612 657 minus

171 672 330 714 multos
362 674 443 714 sibi
474 674 647 729 laqueos
678 674 838 730 legum,
860 686 904 715 et
925 674 1240 724 conditionum,
1269 688 1319 714 ac
1344 673 1609 738 judiciorum

172 731 418 785 propositos
448 745 540 772 0550
570 742 783 788 oportere,
813 732 886 786 qui
922 732 966 772 in
1000 746 1215 772 summurn
1247 730 1391 772 locum
1421 732 1610 772 civitatis

168 789 210 817 δ’
223 798 297 829 aut
319 804 404 829 non
428 790 647 844 potuerint
670 789 940 839 adscendere,
963 798 1038 829 aut
1058 803 1143 828 non
1167 788 1413 843 petiverint.
1450 789 1609 854 Atque,
1625 796 1695 831 151

171 854 220 885 ut
248 847 446 887 omittam
480 847 596 902 leges
626 845 729 887 alias
754 860 917 897 omnes,
950 847 1106 901 quibus
1136 859 1215 887 nos
1247 856 1456 896 tenemur,
1479 848 1609 888 ceteri

167 912 315 944 autem
351 914 447 944 sunt
477 904 647 944 ordines
677 903 871 944 liberati:

905 904 1015 944 hanc
1047 917 1182 958 ipsam
1215 902 1369 959 legem,
1396 916 1461 944 NE
1496 918 1609 955 Quis

170 974 375 1002 JUDICIO
409 972 914 1011 CIRCUMVENIRETUR,
939 960 990 1001 C.
1016 960 1241 1002 Gracchus
1274 960 1397 1002 tulit:
1428 975 1522 1002 eam
1553 961 1612 1002 le-

169 1032 269 1073 gem
293 1034 369 1075 pro
391 1019 529 1074 plebe,
554 1033 639 1058 non
665 1020 707 1059 111
731 1018 900 1074 plebem
923 1018 1036 1059 tulit.
1072 1018 1230 1059 Postea
1254 1018 1302 1059 L.
1326 1018 1457 1069 Sulla,
1481 1018 1612 1060 homo

167 1090 194 1116 a
225 1076 372 1132 populi
395 1091 522 1116 causa
546 1077 870 1127 remotissimus,
893 1086 1052 1127 tamen,
1073 1091 1173 1117 cum
1196 1076 1288 1130 ejus
1321 1077 1379 1116 rei
1407 1077 1613 1131 quaestio,

167 1146 265 1173 nem
291 1134 370 1175 bac
396 1134 489 1189 ipsa
510 1134 605 1189 lege
625 1134 922 1183 constitueret,
946 1149 1030 1188 qua
1054 1149 1128 1174 vos
1160 1133 1243 1174 hoc
1275 1143 1469 1189 tempore
1493 1133 1612 1188 judi-

166 1191 290 1241 catis,
313 1191 519 1248 populum
547 1191 660 1232 Rom
665 1206 808 1242 anum,
826 1206 987 1255 quem
976 1192 1030 1231 ab
1052 1191 1136 1232 1100
1159 1205 1315 1247 genere
1339 1191 1520 1232 liberum
1542 1206 1612 1231 ac-

165 1259 354 1303 ceperat,
397 1249 572 1304 alligare
613 1264 727 1289 novo
766 1249 1018 1304 quastionis
1057 1263 1212 1304 genere
1244 1264 1370 1291 ausus
1409 1263 1495 1289 non
1532 1258 1611 1289 est.

168 1305 302 1371 Quod.
331 1307 363 1347 si
394 1306 485 1346 fieri
522 1321 646 1362 posse
675 1306 990 1357 existimasset3
1027 1321 1104 1362 pro
1135 1306 1207 1347 illo
1241 1307 1356 1357 odio,
1388 1306 1503 1361 quod
1535 1306 1611 1347 ha-

166 1362 302 1403 buit
293 1379 337 1404 111
360 1372 599 1419 equestrem
624 1364 832 1414 ordinem,
857 1363 1012 1404 561111111
1037 1363 1208 1404 fecisset
1238 1363 1457 1414 libentius,
1480 1376 1654 1419 quamp-
1671 1369 1722 1397 50.

165 1434 337 1461 omnem
362 1421 476 1461 illam
499 1421 779 1462 acerbitatem
812 1421 1141 1476 proscriptionis
1164 1437 1268 1471 suae,
1291 1425 1325 1454 53
1343 1433 1534 1476 quaestus
1565 1420 1641 1462 111
1646 1432 1652 1439 “

165 1485 329 1519 veteres
355 1479 543 1534 judices,
575 1478 672 1518 58111
703 1478 814 1518 hanc
856 1493 983 1518 unam
1023 1479 1306 1533 quaestionem
1341 1479 1608 1520 contulisset.

166 1535 261 1576 Nec
284 1551 399 1576 nunc
430 1535 665 1591 quidquam
697 1535 855 1591 agitur,
878 1535 1002 1588 (mihi
1027 1536 1203 1587 credite,
1228 1536 1415 1591 judiceS,
1438 1547 1481 1577 et
1514 1552 1609 1593 pro-
1626 1542 1698 1575 152

163 1593 319 1651 spicite
350 1593 408 1646 id,
430 1593 544 1649 quod
578 1593 894 1650 providendum
916 1595 1014 1645 est,)
1037 1594 1119 1634 nisi
1151 1604 1199 1637 ut
1220 1604 1417 1654 equester
1439 1594 1545 1636 ordo
1567 1594 1612 1639 in

159 1767 236 1792 Vsum
251 1758 371 1789 habere
392 1762 511 1799 potest.
556 1759 719 1797 Arbitror,
737 1759 865 1790 Cicero—

163 1810 239 1831 nem
267 1801 383 1832 dixisse
410 1803 599 1832 ereas-avit:
637 1801 700 1832 hoe
731 1801 866 1833 nomine

163 1842 247 1873 dixit
261 1848 295 1873 et
317 1844 458 1883 putavit,
475 1854 508 1874 se
531 1855 550 1874 a
569 1844 679 1883 legum
695 1845 865 1874 duriorum

162 1885 302 1916 vinculis
326 1887 464 1916 liberum
483 1887 622 1923 factum,
637 1897 712 1917 cum
735 1892 868 1916 senator

161 1927 270 1958 sactus
285 1934 379 1959 esset.
425 1929 489 1959 Alii
505 1930 675 1968 corrigunt
691 1930 866 1965 recasavit,

162 1971 249 2009 quod
264 1971 371 2011 placet
393 1976 427 2002 et
442 1972 565 2002 Bruto:
591 1972 686 2011 idque
709 1972 790 2001 mihi
806 1971 867 2011 ipsi

161 2013 306 2051 primum
334 2014 369 2043 in
399 2020 545 2043 mentem
572 2015 673 2044 venit.
730 2014 793 2044 Sed
819 2023 867 2044 se-

161 2056 299 2093 quentia
334 2066 401 2086 non
440 2056 627 2096 patiuntur,
664 2067 723 2087 nee
759 2057 868 2088 forma

161 2099 331 2128 orationis.

205 2143 244 2171 53
267 2142 298 2171 11.
322 2141 430 2171 omnia
446 2144 578 2170 {matum
597 2140 672 2180 &ej
697 2140 718 2171 i.
741 2151 770 2171 e.
793 2140 868 2172 nul-

160 2180 228 2212 lam
243 2184 341 2213 aliam
358 2183 475 2213 horum
491 2183 795 2224 compensationem
810 2185 868 2215 ha-

147 2225 288 2262 .bemus‚
304 2236 402 2265 quam
420 2225 565 2260 honoris.
609 2225 745 2256 Frustra
766 2226 867 2258 Lam-

160 2267 256 2298 binus
270 2268 411 2299 eorrexit
426 2272 548 2298 tamen.

204 2313 243 2341 54
263 2310 417 2341 Converte
437 2320 526 2340 nunc·
547 2310 592 2340 ad
605 2319 632 2340 e.
648 2309 692 2348 0.]
719 2310 866 2341 Graevius

159 2363 178 2383 e
196 2352 260 2384 Ms.
278 2354 328 2383 Fr.
343 2353 443 2383 edidit
459 2357 606 2382 com-erte
626 2362 716 2382 nunc
737 2357 778 2383 te.
822 2353 867 2384 Et

162 2395 284 2426 haesere
307 2396 359 2426 hie
381 2396 482 2426 etiam
506 2395 630 2425 Brutus
645 2403 680 2425 et
695 2395 867 2427 Gruterus.

162 2438 196 2468 Si
212 2443 242 2468 te
256 2438 441 2469 addendum
463 2438 519 2473 sit,
543 2438 657 2468 malim
673 2443 820 2468 converte
836 2444 868 2468 te

159 2490 262 2518 nuuc,
288 2486 329 2511 ut
356 2490 453 2511 causa
478 2480 547 2510 vitii
577 2485 701 2520 pateat.
746 2480 809 2510 Sed
835 2481 868 2511 id

161 2532 229 2553 non
251 2525 426 2563 patiuntur
447 2524 628 2562 sequentia.
674 2523 828 2562 intellige
849 2534 867 2553 e

160 2566 422 2605 pra’cedentibus
439 2567 516 2602 hoec,
532 2571 590 2595 aut
612 2567 778 2605 conjunge
801 2567 865 2595 sic:

159 2612 308 2638 ema-erte
329 2618 417 2638 mmo
438 2609 483 2638 ad
504 2618 531 2637 e.
553 2619 578 2638 ο.
596 2619 628 2638 α.
654 2609 674 2638 ι’.
689 2618 716 2638 c.
741 2608 868 2638 ordines

159 2650 290 2680 eusdem
318 2652 394 2680 vita?
421 2651 634 2681 conditiones.-
663 2661 727 2680 nrm
756 2649 868 2691 peqfe-

160 2697 246 2722 rent.
290 2693 397 2732 Atque
411 2693 474 2724 hoc
490 2693 606 2723 melius
622 2693 758 2723 videtur.

205 2737 244 2766 55
267 2740 327 2765 aut
341 2745 404 2765 non
413 2740 594 2776 potuerunt
607 2746 640 2766 a.
655 2741 715 2766 aut
730 2746 793 2765 non
812 2746 869 2775 pe-

160 2777 321 2816 siverunt]
341 2777 484 2814 Ferrem,
499 2779 525 2808 si
544 2778 578 2808 in
594 2778 783 2808 universum
798 2777 868 2808 haec

158 2819 362 2857 dicerentur,
399 2824 433 2850 et
467 2820 666 2860 praecederet
699 2822 867 2860 iis—qui.

160 2861 249 2903 Quia
275 2866 328 2893 est
355 2863 428 2900 sibi,
454 2863 635 2895 necessario
660 2863 869 2895 scribendum

909 1764 959 1789 est
975 1759 1370 1800 potuerint—petiverint.
1392 1763 1467 1800 post
1483 1763 1544 1790 aut
1565 1760 1615 1790 in·

908 1802 980 1832 tell.
997 1812 1082 1833 eum.

953 1845 992 1874 56
1020 1845 1105 1874 nihil
1118 1842 1255 1883 fecisset
1284 1845 1446 1881 libentius,
1472 1854 1623 1884 quam-y

909 1886 1107 1925 contulisset]
1140 1887 1274 1917 Rectius
1308 1887 1434 1917 abesset
1457 1887 1593 1926 jecisset
1606 1900 1615 1916 .-

910 1930 995 1960 m'lcil
1008 1930 1169 1965 libentius,
1190 1939 1289 1969 quam
1308 1931 1504 1966 contulisset,
1529 1929 1615 1968 quod

910 1971 1040 2011 elegans
1063 1971 1212 2002 latinitas
1236 1971 1400 2011 postulat:
1424 1977 1458 2002 et
1480 1972 1615 2002 verbum

898 2013 1020 2053 facere
1032 2015 1133 2045 etiam
1149 2014 1226 2044 alibi
1241 2014 1274 2043 in
1290 2014 1351 2044 hae
1363 2014 1470 2045 forma
1485 2015 1617 2055 irrepsit

910 2067 968 2097 per
984 2057 1179 2097 glossatores
1194 2062 1225 2087 et
1243 2056 1403 2087 librarios.

953 2102 991 2133 57
1016 2104 1156 2139 quoestus
1184 2100 1218 2129 in
1244 2104 1367 2129 veteres
1384 2097 1531 2140 jndices]
1563 2099 1616 2129 Sic

910 2141 981 2172 edd.
998 2149 1122 2173 veteres
1136 2151 1296 2172 consensu
1310 2153 1316 2170 ε
1343 2142 1403 2171 nisi
1419 2141 1506 2181 quod
1528 2151 1616 2180 quae-

910 2184 985 2215 dam
1013 2184 1139 2215 habent
1160 2189 1303 2225 questus,
1327 2189 1366 2214 ut
1391 2184 1492 2214 edidit
1518 2184 1615 2214 Grut.

910 2227 973 2258 Sed
986 2228 1138 2257 vitiosam
1157 2236 1225 2257 esse
1249 2227 1439 2263 lectionem,
1455 2235 1617 2256 consensu

901 2269 1056 2309 judicant
1077 2270 1136 2299 viri
1160 2269 1257 2299 docti.
1303 2268 1483 2299 Lambinus
1506 2272 1619 2300 totum

909 2311 1010 2349 delet,
1026 2319 1064 2343 ut
1079 2317 1189 2342 ortum
1204 2322 1222 2341 0
1245 2317 1326 2341 nota
1349 2311 1534 2350 marginali.
1579 2311 1615 2342 P.

910 2354 1083 2385 Manutius
1099 2355 1247 2393 corrigit,
1263 2363 1329 2393 qua
1342 2359 1388 2383 est
1409 2364 1489 2383 usus
1509 2355 1544 2384 in
1566 2364 1617 2384 ve-

910 2401 994 2428 teres
1019 2396 1163 2437 judices,
1200 2396 1286 2436 quod
1330 2396 1438 2437 placet
1474 2396 1616 2428 Graevio.

911 2439 1034 2471 Lector
1047 2439 1160 2479 eligat.

954 2484 993 2513 58
1016 2483 1051 2512 in
1066 2483 1151 2513 hanc
1172 2490 1275 2511 unam
1290 2484 1400 2520 quoest.
1414 2481 1614 2521 contulisset]

911 2523 1038 2565 Nempe
1061 2525 1099 2556 de
1123 2524 1324 2564 repetundis,
1343 2528 1383 2552 ut
1405 2533 1463 2563 per
1476 2534 1549 2553 eam
1565 2534 1619 2554 ve·

910 2568 980 2596 xari
1006 2568 1143 2606 equites,
1172 2572 1211 2596 ut
1234 2572 1358 2596 veteres
1374 2565 1515 2604 judices,
1543 2576 1617 2606 pos.

911 2615 997 2646 sent,
1024 2610 1158 2648 fierique
1190 2609 1236 2638 rei
1263 2612 1433 2648 captarum
1465 2609 1619 2648 pecunia-

912 2661 997 2681 rum.
1042 2652 1198 2683 Ceterum
1227 2650 1299 2682 edd.
1330 2660 1380 2690 pr.
1409 2653 1498 2682 1480.
1527 2651 1616 2682 Med.

911 2693 1008 2725 Junt.
1032 2695 1203 2724 obtulisset.
1229 2693 1303 2724 Ald.
1326 2695 1501 2724 attulisset.
1521 2694 1618 2724 male.

913 2736 1042 2766 Primus
1057 2737 1183 2766 Victor.
1198 2737 1382 2766 contulisset
1395 2736 1508 2773 edidit,
1521 2745 1619 2774 quem

913 2778 948 2808 P.
984 2779 1157 2809 Manutius
1193 2780 1358 2818 ceterique
1394 2784 1481 2809 recte
1517 2778 1620 2808 secuti

913 2825 1002 2852 sunt.
1047 2821 1127 2852 Mox
1144 2831 1203 2860 pro
1227 2825 1370 2861 equester
1391 2821 1479 2857 ordo,
1500 2819 1554 2850 Fr.
1595 2824 1620 2850 Ι.

913 2873 1006 2903 eques
1022 2863 1082 2895 Ro.
1097 2862 1183 2903 quod
1197 2863 1306 2904 placet
1322 2863 1462 2895 Graevio.

824 2913 956 2949 004
