1907 3231
326 147 406 196 544
704 143 922 203 >ortum
942 144 1049 184 PRO
1076 145 1119 182 e.
1138 142 1374 181 RAssrmo.

268 256 322 292 30
334 261 511 302 sterum,
528 259 577 291 ut
592 249 714 302 nihil,
736 250 817 292 nisi
841 249 1151 304 sempiternum
1173 256 1368 303 spectare
1386 245 1596 288 videatur.
1655 245 1776 293 Qua-

334 319 514 367 propter
535 304 733 363 equidem
756 317 800 349 et
823 306 874 348 C.
899 305 1046 354 Marii,
1068 313 1112 346 et
1133 314 1376 347 ceterorum
1399 304 1588 345 virorum
1607 303 1775 359 sapien-

335 367 603 408 tissimorum
625 372 674 406 ac
699 362 1032 405 fortissimorum
1061 360 1238 412 civium,
1259 371 1439 412 mentes,
1463 376 1560 416 quae
1582 360 1689 401 mihi
1712 360 1774 401 vi—

337 424 492 465 dentur
528 437 582 463 ex
614 422 838 463 hominum
861 419 951 458 vita
981 420 1021 448 43
1035 417 1088 459 ad
1118 418 1295 459 deorum
1329 418 1581 474 religionem
1604 425 1649 458 et
1677 431 1774 457 san-

338 480 590 522 ctimoniam
613 479 886 532 demigrasse,
907 482 1054 525 testor,
1075 489 1144 515 me
1167 489 1246 530 pro
1280 475 1447 516 illorum
1470 474 1601 526 fama,
1622 473 1774 530 gloria,

336 538 559 587 memoria,
584 550 670 577 non
701 548 837 584 secus,
858 548 908 573 ac
940 533 1072 588 44pro
1105 531 1255 587 patriis
1290 531 1400 573 fanis
1429 542 1558 588 atque
1588 531 1775 573 delubris

336 592 699 652 propugnandum
721 599 896 646 putare:
929 603 993 639 ac,
1024 588 1059 628 si
1080 602 1158 644 pro
1180 587 1350 630 illorum
1378 588 1502 630 laude
1526 589 1634 630 mihi
1660 602 1780 629 arma

339 650 549 708 capienda
569 658 724 698 essent,
748 662 833 688 non
861 645 1003 687 minus
1035 653 1205 686 strenue
1235 660 1448 701 caperem,
1469 661 1597 701 quam
1619 645 1680 686 illi
1699 659 1778 701 pro

340 706 561 750 communi
594 705 729 746 salute
751 716 973 760 ceperunt.
1025 701 1213 754 Etenim,
1237 702 1445 754 Quirites,
1466 703 1674 759 exiguum
1699 717 1779 743 no-

340 768 407 806 bis
442 765 542 804 vitae
585 762 842 803 curriculum
884 770 1039 801 natura
1077 759 1429 816 circumscripsit,
1469 762 1511 791 45
1523 760 1780 801 immensum

263 821 325 867 11
343 822 507 878 gloriae.
570 819 730 870 Quare,
762 820 796 859 si
827 833 914 869 eos,
937 817 1010 872 qui
1026 817 1122 872 jam
1152 817 1205 858 de
1227 817 1316 858 vita
1346 817 1632 868 decesserunt,
1655 831 1779 858 orna-

229 880 512 929 p.97.bimus;
549 876 779 931 justiorem
817 876 944 916 nobis
973 875 1124 915 mortis
1153 874 1448 915 conditionem
1479 870 1781 928 relinquemus.

300 937 443 985 a·Sed‚
471 935 505 975 si
537 933 647 984 illos,
673 934 875 984 Labiene,
904 947 1012 988 quos
1035 932 1130 987 jam
1152 932 1296 973 videre
1325 946 1414 972 non
1445 944 1686 988 possumUS,
1705 944 1781 972 ne-

345 993 497 1049 gligis3
530 1005 582 1031 ne
612 991 678 1031 his
710 991 899 1045 quidem,
918 1004 1025 1045 quos
1057 989 1189 1040 vides,
1211 988 1377 1030 consuli
1407 997 1533 1044 putas
1555 990 1781 1044 oportere?

280 1055 328 1088 31
346 1050 577 1092 Neminem
598 1063 688 1089 esse
711 1048 808 1088 dico
839 1061 893 1088 ex
916 1046 967 1087 iis
990 1046 1205 1096 omnibus,
1227 1047 1301 1101 qui
1323 1045 1395 1086 illo
1418 1046 1487 1087 die
1511 1045 1665 1086 Romae
1688 1044 1781 1087 fue-

343 1108 443 1158 rint,
467 1121 596 1161 quem
628 1113 672 1145 tu
704 1104 819 1145 diem
850 1105 894 1145 in
918 1104 1135 1159 judicium
1157 1118 1301 1154 voeaS,
1323 1104 1544 1159 pubesque
1573 1111 1668 1144 tum
1688 1102 1781 1144 fue-

340 1166 412 1216 rit,
436 1163 540 1219 quin
571 1176 690 1203 arma
719 1162 896 1217 ceperit,
918 1161 1022 1216 quin
1053 1160 1249 1201 consules
1281 1170 1451 1201 secutus
1472 1161 1541 1201 sit.
1563 1173 1712 1201 omnes
1735 1159 1781 1211 ii,

339 1235 525 1277 quorum
548 1230 593 1260 tu
615 1234 671 1260 ex
695 1228 822 1260 aetate
844 1219 1138 1273 conjecturam
1160 1217 1300 1259 facere
1321 1227 1459 1273 potes,
1480 1217 1584 1272 quid
1606 1225 1697 1258 tum
1720 1216 1784 1258 fe-

291 1278 295 1281 *
341 1279 495 1328 cerint,
518 1278 593 1317 abs
626 1286 667 1317 te
698 1277 758 1317 rei
780 1276 950 1332 capitis,
975 1275 1026 1316 C.
1052 1274 1219 1315 Rabirii
1250 1275 1440 1326 nomine,
1461 1275 1664 1315 citantur.
1722 1273 1784 1315 At

342 1336 505 1378 occidit
528 1333 807 1375 Saturninum
832 1333 1050 1374 Rabirius.
1094 1332 1273 1373 Utinam
1295 1331 1493 1374 fecisset-l
1515 1346 1603 1373 non
1621 1331 1784 1388 suppli-

342 1394 459 1435 cium
495 1392 760 1447 deprecarer,
799 1390 872 1431 sed
902 1389 1129 1446 praemium
1163 1389 1440 1445 postularem.
1519 1387 1708 1439 Etenim,
1745 1389 1783 1430 si

343 1451 524 1500 Scaevae,
544 1463 665 1489 servo
685 1449 742 1495 Q.
758 1447 976 1497 Crotonis,
998 1447 1072 1502 q'ui
1097 1447 1258 1488 oceidit
1282 1447 1331 1488 L.
1347 1445 1784 1497 Saturninum,libe1·-

342 1518 407 1549 tas
426 1507 527 1548 data
541 1516 627 1558 est3
650 1506 764 1561 quod
786 1505 921 1560 equiti
940 1504 1139 1545 Romano
1157 1504 1382 1559 praemium
1399 1504 1489 1545 dari
1509 1518 1586 1560 par
1605 1503 1786 1545 fuisset?

344 1574 402 1614 et,
426 1564 461 1605 si
486 1563 538 1604 C.
563 1563 747 1613 issarius,
769 1562 886 1618 quod
908 1561 1085 1612 fistulas,
1107 1562 1263 1616 quibus
1295 1576 1407 1616 aqua
1428 1561 1785 1616 suppeditabatur

343 1621 469 1664 Jo-vis
494 1620 662 1676 Optimi
687 1619 877 1660 Maximi
910 1618 1079 1674 templis
1110 1633 1160 1659 ac
1191 1618 1377 1670 sedibus,
1399 1617 1578 1674 praecidi
1599 1617 1785 1675 impera-

345 1688 425 1731 rat,
447 1677 563 1734 quod
586 1677 629 1718 in
651 1676 763 1719 cli-vo
787 1675 1036 1732 Capitolino
1055 1675 1352 1732 improborum
1373 1675 1535 1718 civium

858 1759 1019 1801 Desunt
1030 1773 1111 1802 non
1125 1774 1277 1816 panca.

390 1889 429 1918 Π
453 1884 501 1917 aar
518 1885 651 1916 deorum
676 1887 732 1915 rel.
748 1889 777 1915 ee
800 1884 966 1925 sanctim]
985 1884 1047 1915 Est
1090 1884 1180 1915 Haesi
1203 1886 1236 1915 in
1249 1883 1359 1925 fanis.
1409 1884 1512 1915 Pati-ii
1535 1883 1592 1915 Dii
1617 1888 1652 1915 et
1678 1885 1786 1927 patria

345 1929 543 1971 periphrasis
557 1928 705 1958 Deorum
719 1934 796 1968 apta
810 1927 851 1957 ad
865 1927 897 1957 h.
912 1927 935 1957 l.
963 1928 1047 1957 Sim-
1089 1935 1174 1967 saepe
1201 1927 1265 1958 dici
1292 1928 1371 1964 scio,
1400 1936 1468 1957 non
1494 1926 1620 1966 templa
1640 1931 1674 1958 et
1701 1927 1785 1959 aedes

348 1973 423 2013 plex
437 1977 509 2002 erat
523 1971 563 2000 ab
579 1970 759 2001 hominibus
781 1970 827 1999 ad
848 1969 935 1999 Deos
947 1970 1048 1999 demi-
1090 1969 1248 2000 Deorum.
1280 1969 1394 2009 Itaque
1405 1969 1508 2000 sacris
1521 1968 1699 2009 legendum
1709 1979 1790 2001 con-

345 2024 472 2054 grasse.
515 2013 602 2052 Quia
626 2012 753 2042 dixerat
775 2012 944 2042 hominum
964 2012 1048 2049 vita,
1083 2012 1161 2051 jeci.

349 2057 450 2087 etiam
464 2055 605 2086 alterum
629 2054 727 2084 simili
751 2054 847 2084 modo
863 2053 1048 2093 exprimen-
1133 2056 1173 2084 45
1202 2053 1396 2085 immensum
1415 2053 1542 2093 gloria]
1573 2053 1612 2084 In
1636 2053 1789 2085 hocloco

350 2099 429 2129 dum
457 2103 549 2127 erat:
586 2096 801 2135 adjunxitque
835 2096 1048 2133 attributum,
1093 2095 1343 2127 Ciceronianam
1356 2096 1615 2127 concinnitatem
1628 2095 1788 2134 desidero,

351 2142 429 2170 vitre
451 2140 598 2169 Deorum
622 2139 842 2174 consentiens,
865 2139 1049 2168 sententiae.
1092 2138 1125 2168 h.
1149 2148 1178 2168 e.
1202 2139 1337 2168 verbum
1361 2139 1447 2178 quod
1470 2141 1511 2179 τῷ
1537 2139 1790 2178 οἱναιτηεοήρεὲι

357 2183 489 2214 Frustra
503 2191 579 2221 ergo
594 2180 774 2211 Lambinus
790 2181 931 2210 correxit
944 2181 1049 2219 regio-
1091 2180 1139 2210 ita
1159 2185 1357 2220 opponatur,
1383 2186 1422 2210 ut
1439 2182 1635 2211 immensum
1662 2182 1704 2221 oro}
1729 2191 1789 2212 an-

356 2233 439 2256 nem.
1088 2226 1198 2261 gusto,
1221 2232 1251 2254 v.
1268 2233 1296 2253 c.
1311 2222 1633 2264 aperustspatqfoeit.

397 2269 437 2299 44
453 2276 517 2307 pro
527 2266 650 2307 patriis
659 2264 760 2305 sanis
781 2269 878 2306 atque
892 2264 1048 2305 delubris]
