1907 3231
343 123 372 164 ii
854 128 1247 176 PRAEFATIO.

339 233 473 275 tarint
506 235 673 288 C1itici,
711 241 966 283 nominatim
998 242 1230 293 Victmius,
1264 251 1309 283 ut
1342 242 1385 283 in
1428 240 1683 298 praefatione
1718 241 1773 285 ad

340 314 433 342 eain
459 314 620 358 partem
640 307 1052 361 demonstrabimus,
1085 310 1172 351 sive
1193 308 1450 365 ignorabant
1473 309 1541 350 ill-1
1562 308 1774 365 exempla,

340 368 429 411 sixe
452 374 639 414 nancisci
661 375 712 416 ad
733 390 830 416 usus
850 391 947 417 suos
969 391 1051 418 non
1076 387 1287 433 poterant,
1308 377 1396 418 sive
1412 376 1553 432 1liqu-1
1574 377 1626 419 de
1648 391 1777 419 causa

338 437 678 482 dissimulabant.
741 442 853 484 Mihi
893 459 1014 485 usum
1049 444 1175 500 hujus
1204 444 1388 499 exempli
1425 443 1527 485 fecit
1562 443 1775 500 Merman-

341 520 426 555 uus,
451 505 620 549 illustris
646 507 827 551 Germ-di
851 510 1089 553 BIermanni
1112 511 1222 552 filius
1244 512 1422 568 optiinae
1446 511 1551 569 spei,
1574 526 1597 553 e
1621 511 1776 553 biblio-

339 572 476 615 thecae
503 586 689 631 paternae
713 578 863 635 eopiiS.

370 637 374 641 ”
399 640 574 694 Eodem,
597 659 682 699 quo
711 644 863 687 Romae
889 645 1002 687 facta
1023 653 1088 688 est
1117 645 1250 687 editio
1283 646 1366 697 ina,
1389 661 1517 697 anno,
1540 647 1653 688 idem
1682 645 1776 705 egit

340 708 571 751 Lmlovicas
605 711 741 753 Carbo
764 713 970 764 Venetiis,
1001 714 1043 755 in
1071 714 1245 756 officina
1280 713 1544 771 l‘Valdarferi‚
1566 729 1662 770 quae
1686 706 1775 771 pri-

338 791 455 817 mum
488 778 569 819 hoc
603 789 692 820 arte
714 795 788 821 sua
823 781 1167 837 experimentum
1199 782 1258 823 ibi
1294 781 1410 832 fecit,
1445 782 1638 838 pulcrum
1670 780 1775 824 ill'ud

336 843 485 886 charta
505 857 547 886 et
570 846 783 888 literarum
808 847 970 889 formis.
1022 849 1120 889 Fuit
1137 859 1277 890 autem
1304 848 1441 891 Carbo
1464 849 1542 900 vir,
1561 865 1638 906 pro
1661 849 1774 891 illius

337 914 541 968 temporis
563 915 706 965 modo,
742 925 787 955 ut
822 917 1025 956 traditum
1057 926 1135 967 est,
1157 917 1330 973 egregie
1363 917 1530 968 doctus,
1553 917 1685 959 literis
1710 917 1774 959 la-

336 979 451 1030 tinis,
484 981 767 1038 philosophiae
803 993 930 1038 atque
951 983 1204 1040 Theologiae
1231 985 1453 1036 doctrinis,
1476 999 1657 1041 quarum
1680 999 1774 1026 om-

335 1047 453 1088 niuiu
476 1049 710 1100 doctorem,
741 1049 991 1106 Theoiogiae
1024 1052 1197 1106 quidem
1232 1052 1283 1093 ad
1316 1062 1558 1093 extremum
1584 1051 1774 1094 Perusiae

334 1116 438 1171 egit.
502 1116 612 1157 Usus
638 1127 778 1158 autem
803 1128 865 1158 est
889 1118 1098 1174 exemplis
1133 1119 1304 1174 scriptis
1332 1119 1622 1175 paucioribus,
1644 1133 1774 1176 quam

336 1182 407 1224 J0.
429 1182 615 1225 Andreas
640 1184 807 1235 Romae,
839 1187 1080 1241 absuutquc
1102 1187 1157 1228 ab
1180 1186 1308 1242 hujus
1330 1187 1532 1228 editionis
1562 1187 1774 1244 exemplis

334 1251 547 1292 orationes
572 1266 647 1308 pro
673 1251 819 1294 Roscio
844 1251 1046 1303 Comoedo,
1073 1252 1255 1305 Fonteio,
1279 1251 1466 1311 Agraria
1489 1254 1627 1306 tertia,
1649 1255 1775 1296 item-

333 1333 415 1374 que
437 1334 499 1368 ea,
522 1335 648 1374 quain
681 1321 733 1362 ad
766 1321 930 1376 equites
956 1320 1109 1363 Cicero
1142 1321 1302 1363 dixisse
1334 1321 1566 1373 ferebatur,
1593 1320 1776 1364 Verrinoe

334 1396 461 1442 atque
479 1386 737 1442 Philippica,
759 1403 856 1444 quae
880 1389 1086 1444 sejunctae
1110 1404 1135 1430 a
1155 1390 1307 1430 ceteris
1329 1389 1598 1450 orationibus
1619 1379 1710 1432 esse
1731 1398 1778 1432 et

336 1455 520 1510 propriis
545 1456 832 1497 voluminibus
856 1472 899 1497 s(
904 1458 983 1498 ribi
1007 1466 1245 1498 sueverant.
1282 1456 1359 1498 Est
1371 1466 1514 1499 autem
1532 1457 1615 1500 hoc
1631 1471 1778 1500 exem-

335 1521 483 1577 plum
475 1537 515 1563 in
540 1524 816 1565 nominibus
809 1525 1002 1580 inprimis
1028 1525 1147 1566 valde
1166 1525 1385 1576 vitiosum,
1404 1525 1594 1582 itemque
1615 1525 1658 1567 in
1681 1525 1775 1573 aliis

335 1591 491 1630 v·e1bis.
553 1592 636 1633 Sed
671 1591 781 1633 inter
803 1592 885 1633 iliiv
926 1593 1017 1649 ipsa
1050 1593 1155 1634 'vitia
1191 1592 1345 1634 multae
1383 1598 1527 1635 tamen
1565 1590 1692 1635 bonae
1733 1602 1778 1635 et

333 1657 544 1709 meliores,
577 1674 705 1714 quam
743 1661 786 1701 in
829 1656 1038 1711 Romana,
1073 1660 1302 1702 lectiones
1315 1661 1601 1717 reperiuntur,
1643 1667 1774 1717 atque

334 1727 463 1767 etiam
491 1727 592 1767 vitiu
610 1727 838 1782 ejusmodi,
861 1729 902 1769 in
927 1729 1082 1784 quibus
1106 1719 1216 1770 verae
1237 1728 1432 1770 lectionis
1457 1728 1640 1786 vestigia
1661 1728 1772 1771 sint:

335 1809 430 1849 quae
455 1794 671 1846 lectiones,
689 1810 785 1836 cum
805 1806 952 1852 postea
970 1796 1197 1853 neglectae,
1210 1793 1289 1839 n'ec
1308 1804 1658 1838 commemoratae
1673 1796 1774 1849 sint,

335 1878 385 1903 ea
405 1863 602 1919 exempla
623 1879 771 1919 parum
794 1864 970 1919 cognita
1003 1863 1147 1914 fuisse,
1169 1864 1372 1906 credibile
1393 1859 1472 1906 est.
1492 1863 1497 1868 ’
1533 1862 1687 1921 Itaque
1709 1864 1774 1906 in-

335 1931 500 1971 terdurn
534 1942 576 1971 et
608 1946 685 1987 pro
718 1931 968 1987 conjectura
1001 1932 1174 1988 ponitur
1210 1947 1234 1973 a
1266 1932 1538 1988 quibusdam,
1579 1931 1695 1988 quod
1728 1931 1774 1975 in

335 1999 427 2052 ejus
450 1999 649 2039 editionis
671 2000 879 2055 exemplis
903 2000 1135 2057 reperitur:
1169 1999 1285 2040 velut
1307 2000 1350 2041 in
1374 2000 1451 2041 Or.
1483 1999 1526 2041 in
1552 1999 1654 2041 Seu:
1675 2008 1774 2056 post

339 2065 448 2107 Red.
468 2081 506 2106 e.
532 2081 564 2107 1.
592 2068 665 2108 ubi
690 2082 836 2108 omnes
859 2067 953 2109 aliae
987 2067 1172 2110 habent:
1202 2074 1350 2109 mentes
1377 2074 1571 2124 angusta,
1592 2065 1776 2118 humiles,

337 2148 495 2189 pravae,
515 2133 681 2189 opplelce
700 2135 871 2176 tenebris
891 2150 937 2177 ac
959 2135 1153 2186 sordibus,
1177 2134 1271 2176 haec
1292 2134 1437 2186 habet,
1460 2135 1575 2191 quod
1597 2134 1775 2190 quidam

336 2202 559 2256 conjecere
590 2202 816 2258 legendum
850 2217 941 2244 esse
964 2218 1129 2258 parvam
1162 2211 1254 2243 tum
1287 2203 1340 2243 ad
1371 2202 1495 2249 Quir.
1530 2217 1573 2259 p.
1595 2201 1650 2243 R.
1673 2208 1773 2245 c.3'.

335 2266 408 2308 'ubi
434 2269 527 2310 aliae
553 2280 713 2310 veteres
737 2270 896 2311 habent
915 2269 1197 2311 Dalmaticus:
1229 2269 1324 2312 haec
1345 2269 1478 2311 habet
1509 2268 1774 2322 Diademate,

336 2336 492 2377 vitiose
523 2338 696 2391 quidem
735 2338 776 2378 in
814 2339 910 2389 fine,
943 2339 1014 2379 sed
1050 2347 1096 2379 ut
1128 2353 1227 2379 vera
1260 2337 1389 2379 lectio
1427 2337 1701 2379 Diadematus
1727 2337 1774 2380 in

337 2403 483 2443 oculos
507 2404 707 2455 incurrat,
737 2421 834 2460 quae
857 2416 922 2446 est
943 2406 985 2446 in
1008 2406 1074 2447 ed.
1100 2406 1228 2447 Rom.
1252 2406 1355 2447 item
1387 2415 1435 2447 ut
1463 2405 1508 2447 in
1530 2404 1689 2460 Sen.p.
1713 2403 1772 2447 R.

336 2476 377 2511 2.
413 2471 540 2512 habet
578 2472 625 2512 L.
657 2472 823 2525 Nuntio,
858 2488 935 2529 pro
969 2489 1054 2529 quo
1096 2483 1334 2529 sequenteS,
1368 2482 1418 2514 ut
1454 2472 1584 2515 Rom.
1614 2466 1777 2514 habent

337 2536 522 2587 Manno,-
547 2539 589 2579 in
613 2555 697 2594 quo
723 2555 832 2582 verae
856 2541 1051 2582 lectionis
1073 2540 1230 2582 Ninnio
1243 2541 1428 2598 vestigia
1443 2550 1556 2582 sunt.
1603 2539 1777 2582 Utrius-

336 2620 420 2660 que
445 2607 613 2660 generis
637 2609 835 2664 exempla
849 2608 1024 2664 plurain
1042 2609 1155 2649 notis
1179 2609 1333 2650 nostris
1353 2608 1565 2665 reperient
1577 2607 1773 2649 lectores.

392 2673 520 2713 Anno
545 2684 641 2729 post
665 2675 850 2716 Adamas
868 2676 1153 2732 Ambergensis
1176 2674 1653 2717 Orationes‘Ciceronis
1682 2674 1774 2716 ediss

335 2739 399 2780 dit
439 2740 480 2780 in
508 2741 654 2781 eadem
691 2742 1127 2785 venetiarumurbe:
1159 2758 1287 2799 quam
1323 2739 1538 2795 Grae‘viuffi
1571 2742 1645 2799 qui
1679 2741 1774 2797 eJus'

334 2805 579 2863 exemplum
598 2808 972 2866 habuithrimam
1006 2811 1208 2868 appellat,
1238 2815 1428 2854 ceterum'
1449 2825 1528 2854 nec
1549 2802 1777 2867 descripsit
