1907 3231
0 3168 7 3231 a>
0 3003 5 3156 2-„—„·

503 90 702 128 ACT.11.
738 87 923 126 LIBER
957 88 1283 126 SECUNDUS.
1529 92 1604 129 2⁶29

174 202 343 246 statuae,
365 194 409 236 in
429 193 533 235 locis
559 192 742 250 publicis
765 194 932 249 positae,
956 192 1110 249 partim
1134 192 1263 232 etiam
1285 191 1329 232 in
1353 191 1516 233 aedibus
1541 208 1606 234 sa-

176 253 275 303 cris,
309 266 384 308 per
421 250 523 301 vim,
556 265 630 307 per
663 251 906 292 universam
939 249 1258 290 multitudinem
1296 248 1608 303 dejicerentur?

177 308 263 350 Tot
284 308 477 349 homines
500 307 542 348 in
566 307 669 348 Asia
698 318 915 358 nocentes,
938 317 1002 348 tot
1026 308 1066 348 in
1099 305 1262 356 Africa,
1285 314 1350 346 tot
1371 306 1413 345 in
1449 305 1609 361 Hispa-

177 365 264 416 nia,
288 365 442 415 Gallia,
467 364 676 416 Sardinia,
699 375 765 405 tot
796 365 836 405 in
870 366 962 421 ipsa
992 364 1139 405 Sicilia
1168 363 1365 403 fuerunt:
1398 377 1533 417 ecquo
1556 363 1608 403 de

176 422 352 463 homine
374 422 457 463 hoc
490 437 691 477 umquam
722 422 990 463 audivimus?
1024 422 1198 462 Novum
1228 429 1306 471 est,
1330 419 1531 475 judices:
1564 419 1608 460 in

178 478 332 520 Siculis
352 479 645 534 quidem,74et
665 480 708 520 in
728 480 927 520 omnibus
948 479 1129 529 Graecis,
1148 477 1328 518 monstri
1349 476 1500 517 simile.
1520 491 1605 517 non
1620 486 1650 516 Ρ·
1668 479 1737 521 ¹54¹.-

175 536 393 577 crederem
414 535 497 577 hoc
520 536 571 577 de
591 537 757 587 statuis,
779 537 858 577 nisi
876 537 1072 592 jacentes
1093 535 1363 590 revulsasque
1382 529 1648 575 vidissemza'

169 599 403 649 propterea
424 594 539 649 quod
570 594 681 650 apud
708 608 856 634 omnes
888 593 1067 635 Graecos
1096 593 1168 633 hie
1190 607 1282 634 mos
1301 602 1378 643 est,
1402 600 1449 632 ut
1470 591 1608 632 hono-

176 663 266 690 rem
300 651 547 692 hominibus
580 651 777 692 habitum
814 651 855 691 in
886 650 1174 691 monumentis
1208 649 1471 704 hujusmodi,
1501 663 1609 689 non-

173 707 293 748 nulla
313 707 520 764 religione
541 708 715 749 deorum
740 708 978 749 consecrari
1001 708 1275 748 arbitrentur.
1334 706 1488 761 Itaque
1509 720 1608 747 cum

178 763 341 805 Rhodii
376 765 534 806 bellum
572 765 675 806 illud
711 780 844 821 prope
879 764 955 805 soli
990 764 1181 820 superius
1217 778 1315 804 cum
1349 763 1608 804 Mithridate
1624 772 1695 808 159

175 835 278 878 rege
299 823 522 878 gesserint,
545 836 777 878 omnesque
804 821 896 877 ejus
919 822 1064 877 copias
1087 821 1452 875 accerrimumque
1474 821 1610 876 impe-

176 887 271 920 tum
300 880 533 930 moenibus,
556 878 768 930 litoribus,
789 879 1083 934 classibusque
1114 878 1199 918 suis
1228 878 1492 934 exceperint,
1514 892 1614 920 eum

177 944 221 976 et
243 938 354 993 regis
385 937 548 977 inimici
580 945 736 992 praeter
767 946 930 977 ceteros
962 945 1128 987 essent;
1161 945 1346 976 statuam
1376 934 1483 990 ejus,
1515 949 1613 990 quae

176 1003 269 1034 erat
291 994 403 1050 apud
421 994 534 1051 ipsos
558 994 601 1034 in
621 994 896 1035 celeberrimo
917 994 1033 1035 urbis
1053 993 1164 1044 loco,
1188 1007 1241 1033 ne
1261 1002 1351 1033 tum
1371 992 1543 1048 quidem
1568 992 1613 1034 in

176 1049 283 1107 ipsis
305 1051 422 1092 urbis
446 1051 643 1107 perieulis
675 1052 925 1108 attigerunt.
979 1051 1176 1092 Forsitan
1200 1051 1275 1091 vix
1299 1049 1530 1091 convenire
1552 1048 1614 1089 vi-

176 1108 361 1159 deretur,
383 1123 511 1164 quem
534 1109 675 1164 ipsum
696 1109 917 1149 hominem
948 1117 1154 1164 cuperent
1176 1117 1379 1157 evertere,
1401 1106 1494 1161 ejus
1522 1105 1617 1147 effi-

177 1165 294 1221 giem
328 1166 687 1221 simulacrumque
726 1180 915 1207 servare:
959 1166 1031 1206 sed
1066 1174 1208 1206 tamen
1247 1164 1461 1214 videbam,
1500 1163 1615 1220 apud

179 1236 252 1263 eos
295 1238 392 1264 cum
437 1238 588 1275 essem,
620 1232 662 1263 et
698 1223 950 1278 religionem
991 1237 1082 1263 esse
1115 1221 1329 1277 quandam
1363 1221 1406 1261 in
1442 1221 1507 1261 his
1551 1235 1617 1261 re-

179 1279 276 1331 bus,
298 1295 323 1320 a
344 1280 579 1336 majoribus
601 1280 815 1330 traditam,
837 1290 878 1320 et
901 1280 984 1320 hoc
1007 1280 1224 1335 disputare
1244 1296 1255 1330 3
1286 1293 1386 1319 cum
1408 1287 1549 1318 statua
1571 1292 1615 1318 se

178 1336 272 1392 ejus
295 1337 493 1379 habuisse
511 1337 714 1393 temporis
737 1338 962 1388 rationem,
980 1352 1066 1392 quo
1089 1336 1230 1392 posita
1251 1344 1386 1387 esset3
1418 1349 1515 1376 cum
1535 1334 1615 1375 ho-

178 1394 296 1435 mine
319 1409 433 1446 vero,
455 1409 541 1451 quo
572 1404 738 1450 gereret
760 1395 917 1435 bellum
946 1404 1074 1449 atque
1104 1393 1240 1434 hostis
1262 1402 1387 1433 esset.
1448 1391 1614 1432 Videtis
1626 1381 1699 1436 66

178 1451 328 1507 igitur,
350 1452 706 1494 consuetudinem
736 1452 1073 1508 religionemque
1101 1450 1371 1500 Graecorum,
1394 1465 1490 1505 quae
1522 1464 1615 1489 mo-

178 1520 387 1550 numenta
404 1509 594 1550 hostium
613 1509 656 1549 in
678 1509 788 1550 bello
807 1510 901 1565 ipso
922 1509 1055 1550 soleat
1072 1507 1314 1558 defendere,
1333 1521 1428 1548 eam
1450 1521 1617 1547 summa

180 1565 225 1606 in
248 1581 354 1622 pace
378 1567 572 1622 praetoris
589 1566 736 1623 populi
763 1566 949 1607 Romani
973 1566 1124 1607 statuis
1143 1565 1345 1622 praesidio
1367 1579 1454 1605 non
1472 1563 1618 1604 fuisse.

180 1621 540 1676 Taurominitani,
567 1639 749 1680 quorum
771 1634 835 1664 est
859 1624 1011 1665 civitas
1033 1623 1259 1673 foederata,
1281 1622 1478 1662 homines
1500 1621 1620 1677 quie·
1635 1631 1707 1665 160

181 1680 352 1732 tissimi,
374 1681 448 1736 qui
469 1684 509 1715 75
526 1681 713 1722 maxime
734 1683 788 1722 ab
811 1681 979 1737 injuriis
1011 1689 1256 1722 nostrorum
1285 1679 1619 1735 magistratuum

183 1738 458 1779 remotissimi
491 1748 747 1780 consuerant
780 1753 884 1790 esse,
918 1738 1120 1794 praesidio
1153 1737 1354 1788 foederis3
1398 1736 1443 1776 hi
1475 1745 1620 1777 tamen

184 1795 306 1836 istius
332 1806 522 1837 evertere
550 1805 735 1837 statuam
757 1811 844 1837 non
866 1796 1187 1837 dubitaverunt.
1210 1810 1294 1849 qua
1316 1793 1473 1844 ablata,
1495 1793 1618 1834 basin

184 1861 328 1894 tamen
360 1854 403 1894 in
439 1854 534 1895 foro
568 1868 738 1895 manere
767 1853 1020 1906 voluerunt3
1058 1853 1173 1908 quod
1208 1851 1380 1908 gravius
1413 1851 1458 1892 in
1488 1850 1620 1891 istum

184 1909 277 1951 fore
299 1912 524 1966 putabant,
547 1911 583 1952 si
605 1911 763 1952 seirent
782 1911 994 1962 homines,
1018 1920 1204 1951 statuam
1233 1909 1325 1964 ejus
1348 1924 1374 1949 a
1393 1908 1621 1949 Tauromi·

182 1967 342 2009 nitanis
365 1982 456 2009 esse
478 1968 705 2023 dejectam,
727 1983 856 2024 quam
879 1969 911 2010 si
935 1967 1094 2010 nullam
1117 1982 1323 2022 umquam
1345 1966 1532 2022 positam
1554 1979 1622 2006 ar·

183 2025 460 2067 bitrarentur.
519 2025 801 2082 Tyndaritani
828 2026 1078 2082 dejecerunt
1100 2025 1143 2066 in
1166 2023 1286 2066 foro:
1323 2033 1367 2064 et
1394 2024 1542 2064 eadem
1564 2022 1618 2064 de

183 2096 315 2124 causa
343 2097 501 2139 equum
522 2083 693 2124 inanem
715 2084 992 2139 reliquerunt.
1047 2082 1286 2132 Leontinis,
1306 2081 1461 2121 misera
1491 2080 1535 2121 in
1556 2079 1619 2121 ei-

185 2140 320 2181 vitate
338 2149 467 2197 atque
488 2141 620 2192 inani,
639 2150 782 2182 tamen
805 2142 942 2190 istius,
959 2141 1002 2181 in
1025 2139 1267 2197 gymnasio,
1289 2147 1431 2179 statua
1452 2137 1622 2194 dejecta

184 2207 264 2249 est.
326 2198 441 2239 Nam
471 2199 575 2254 quid
606 2213 689 2254 ego
719 2199 771 2239 de
802 2199 1080 2254 Syracusanis
1109 2197 1272 2253 loquar,
1295 2195 1410 2251 quod
1440 2210 1527 2236 non
1556 2203 1664 2238 esth,

185 2256 407 2313 proprium
430 2256 812 2311 Syracusanorum,
834 2256 907 2298 sed
928 2264 973 2296 et
994 2255 1162 2296 illorum
1188 2267 1434 2302 commune,
1455 2262 1499 2293 et
1519 2266 1624 2293 eon-

186 2322 340 2354 ventus
363 2313 489 2364 illius,
512 2328 562 2355 ac
587 2327 720 2369 prope
751 2314 884 2363 totius
916 2311 1178 2369 provinciae?
1209 2319 1370 2366 quanta
1395 2309 1495 2351 illuc
1517 2308 1628 2350 mul·

189 2370 345 2422 titudo,
367 2380 529 2427 quanta
552 2371 613 2412 vis
629 2370 854 2412 hominum
876 2370 1128 2412 convenisse
1151 2369 1374 2410 dicebatur
1396 2376 1504 2419 tum,
1527 2379 1629 2408 eum

190 2436 344 2469 statua:
369 2438 469 2470 sunt
489 2428 600 2469 illius
615 2428 796 2484 dejeetae
828 2437 957 2484 atque
979 2429 1163 2469 eversae?
1195 2438 1238 2467 at
1260 2440 1345 2481 quo
1366 2424 1491 2466 loco?
1522 2423 1631 2466 cele-

231 2591 273 2622 74
294 2589 371 2619 etin
383 2587 528 2618 omnibus
546 2586 680 2627 Groecis]
707 2585 887 2616 hominibus
928 2584 1000 2616 edd.
1025 2588 1161 2614 veteres.
1182 2583 1298 2613 remoti
1317 2593 1334 2613 e
1349 2581 1412 2613 ΜΞ.
1437 2581 1560 2612 Nannii
1582 2580 1632 2611 in-

190 2629 366 2669 legendum
400 2639 480 2667 esse,
516 2630 694 2660 rectissime
723 2628 885 2669 judicavit
930 2628 1050 2658 duxere
1063 2626 1244 2657 Lambinus
1267 2630 1301 2655 et
1323 2625 1496 2661 Gruterus,
1518 2623 1634 2654 offensi

192 2671 408 2702 Guilielmius.
425 2672 531 2703 Verba
547 2672 616 2702 haec
631 2681 716 2712 saepe
731 2669 888 2701 confundi
931 2670 1038 2700 forma
1053 2669 1122 2705 illa,
1138 2669 1230 2707 eujus
1245 2666 1395 2706 exempla
1408 2667 1472 2698 alia
1487 2674 1565 2696 sunt
1579 2676 1632 2705 ap.

193 2715 227 2744 in
240 2713 344 2753 libris,
356 2724 454 2755 supra
466 2714 618 2752 vidimus,
633 2721 666 2745 et
679 2714 758 2744 satis
770 2718 890 2743 notum
935 2712 1125 2742 Ciceronem
1140 2711 1247 2749 ipsum
1261 2714 1294 2739 et
1303 2709 1394 2740 alios.
1407 2719 1437 2739 v.
1451 2708 1585 2739 Clavem
1600 2708 1636 2737 in

193 2763 256 2787 est.
936 2755 1090 2785 maxime.
1136 2752 1197 2782 Est
1232 2757 1345 2782 autem
1380 2762 1420 2782 ex
1447 2751 1637 2781 imitatione

235 2801 276 2832 75
299 2797 708 2837 marnae—remotissimi]
741 2798 793 2828 Sic
808 2795 894 2826 edidi
937 2796 1140 2826 Graecorum.
1185 2793 1299 2824 Simile
1314 2793 1444 2832 est111‚
1460 2795 1511 2827 27.
1535 2792 1637 2832 inpri-

196 2851 271 2872 cum
288 2840 416 2871 Graevio
432 2850 491 2881 pro
506 2841 633 2879 remoti,
648 2851 666 2871 e
679 2840 761 2872 Mes.
796 2839 847 2871 Sic
863 2844 897 2869 et
939 2839 1001 2870 mis
1014 2837 1281 2879 improbissimum.

881 2887 961 2932 ρξ’,
