1907 3231
629 114 748 152 PRO
779 114 825 151 A.
849 110 1107 150 CAECINA.
1522 107 1599 150 483

155 217 276 260 unde
288 215 421 276 'fugin
479 217 599 265 Quid
620 221 743 260 tum?
774 218 956 268 Praetor,
978 214 1134 270 inquit,
1165 213 1406 263 interdixit,
1427 219 1492 262 ut,
1520 223 1601 250 un-

153 274 423 333 dedejectus
448 278 647 326 esset,·⁴eo
663 276 973 323 restitueretur‚·
992 274 1076 314 hoc
1098 280 1177 322 est,
1199 270 1461 326 quicumque
1480 269 1516 309 is
1536 266 1601 309 lo-

153 346 231 374 cus
250 333 502 385 esset,>unde
522 332 717 388 dejectus
737 341 863 375 esset.
922 331 1129 373 AEbutius
1151 339 1311 378 autem,
1326 328 1401 382 qui
1422 326 1598 376 fatetur,

153 388 373 447 aliquoex
404 390 501 431 loc‘o
523 390 740 446 dejectum
760 405 854 432 esse
876 389 1113 438 Caecinam,
1136 387 1186 439 is,
1207 399 1295 442 quo
1314 383 1446 424 modo
1467 397 1512 424 se
1533 396 1598 422 re·-

153 447 359 489 stituisse‘
375 448 504 498 dixit,
519 462 699 490 necesse
730 458 796 490 est
821 448 934 489 male
954 446 1106 488 fecerit
1124 444 1417 501 sponsionem.
1478 439 1596 486 Quid
1609 448 1656 481 Sl

153 514 237 557 θεῖ,
257 505 388 547 Piso?
419 505 561 561 placet
595 507 674 547 tibi
712 521 904 563 pugnare
918 504 1098 562 jerbis?
1128 503 1270 559 placet
1289 513 1464 541 causam
1487 497 1600 553 juris

153 571 202 603 et'
220 563 452 620 aequita'tis,
475 573 533 613 et,
567 578 654 605 non
677 576 836 605 nostrae
861 561 1158 620 possessioniS‚
1180 560 1254 600 sed
1281 557 1468 599 omnino
1503 569 1601 611 pos-

153 620 393 662 sessionum
415 622 626 674 omnium,
644 623 908 663 constituere
928 621 970 661 in
991 620 1123 661 verbo
1139 621 1152 660 ἓ
1166 631 1177 652 -·
1214 617 1325 673 Ego,
1344 613 1463 671 quod
1492 611 1601 653 mihi

148 677 515 734 *videretur,quod
534 680 809 734 amajoribus
831 678 1093 727 factitatum,
1106 676 1222 731 quod
1238 675 1390 715 horum
1413 670 1602 712 auctori-

149 742 257 787 tate,
271 737 722 793 quibusjudicandum
735 737 1006 792 est‚dignum
1025 744 1152 784 esset,
1163 732 1332 774 ostendi
1345 747 1359 783 ς
1379 730 1422 771 id
1436 741 1601 779 verum,

155 792 197 834 id
209 804 397 850 aequum,
413 795 453 836 id
470 794 574 835 utile
587 795 789 835 omnibus
801 807 908 843 esse,
925 792 1125 848 spectari,
1140 806 1228 846 quo
1249 788 1431 831 consilio
1452 796 1498 827 et
1515 800 1604 841 qua

152 852 383 902 sententia,
405 867 508 903 non,
530 853 687 907 quibus
709 851 900 906 quidque
915 850 1055 890 verbis
1072 858 1184 890 esset
1213 851 1253 880 852
1266 856 1439 887 actum:
1473 853 1519 886 tu
1533 857 1602 885 me

153 906 221 951 ad‘
242 911 420 951 verbum
454 923 603 950 vocas:
646 923 733 949 non
766 917 866 949 ante
901 908 1044 958 venio,
1077 921 1208 962 quam
1240 917 1454 945 recusato.
1486 916 1602 958 nego

152 977 368 1024 oportere,
402 981 514 1023 nego
550 966 737 1007 obtineri
771 979 911 1022 posse,
944 980 1058 1021 nego
1089 963 1219 1005 ullam
1254 976 1342 1003 rem
1373 974 1479 1010 esse,
1502 974 1600 1014 quae

151 1035 227 1067 aut
247 1024 555 1081 comprehendi
588 1024 704 1075 satis,
727 1034 802 1065 aut
831 1024 989 1074 caveri,
1012 1033 1087 1064 aut
1116 1020 1262 1077 excipi
1279 1019 1445 1075 possit,
1469 1016 1501 1057 si
1526 1026 1602 1057 aut

90 1077 94 1081 ”
150 1083 373 1138 praeterito
395 1081 540 1137 aliquo
565 1082 710 1133 verbo,
742 1089 817 1122 aut
847 1081 1052 1137 ambigue
1073 1079 1232 1137 posito,
1255 1076 1469 1118 sententia
1489 1084 1533 1115 et
1556 1088 1599 1115 re

150 1139 343 1191 coo-nita,
387 1154 473 1180 non
515 1139 573 1190 id,
615 1139 734 1195 quod
774 1138 1046 1195 intelligitur,
1084 1137 1157 1179 sed
1185 1137 1242 1187 id,
1276 1134 1393 1191 quod
1424 1131 1597 1184 dicitur,

152 1175 326 1239 vaiebit.
1284 1242 1287 1243 ⁷

149 1270 152 1272 ’
180 1272 182 1274 ’
208 1255 429 1302 Quoniam
448 1255 550 1308 satis
572 1255 792 1297 recusavi:
814 1254 943 1295 venio
959 1253 1053 1310 jam
1076 1268 1162 1309 quo
1187 1267 1329 1293 vocas.
1351 1263 1500 1306 quaero
1523 1248 1598 1290 abs
1613 1251 1685 1311 29

150 1321 208 1365 te,
231 1313 369 1354 simne
399 1313 608 1368 dejectus,
639 1328 725 1353 non
757 1312 810 1354 de
843 1311 1097 1353 Fulciniano
1120 1310 1281 1351 fundo:
1314 1321 1454 1364 neque
1482 1307 1598 1348 enim
1612 1323 1664 1358 82

145 1381 326 1426 -praetor,
349 1372 382 1412 si
415 1385 470 1411 ex
500 1385 551 1411 eo
575 1370 710 1411 fundo
731 1384 865 1411 essem
899 1369 1108 1425 dejectus,
1129 1369 1189 1409 ita
1211 1382 1278 1408 me
1309 1365 1478 1408 restitui
1504 1365 1599 1420 jus-

151 1428 233 1480 sit3
265 1428 337 1470 sed
366 1443 433 1479 eo,
465 1428 577 1469 unde
607 1428 802 1483 dejectus
832 1442 994 1469 essem:
1028 1441 1123 1467 sum
1153 1441 1209 1466 ex
1242 1425 1444 1481 proximo
1469 1421 1602 1463 vicini

151 1485 287 1527 fundo
308 1486 517 1541 dejectus,
540 1500 626 1541 qua
647 1485 821 1526 adibam
843 1485 895 1526 ad
919 1485 1050 1525 istum
1073 1483 1279 1524 fundum:
1315 1497 1410 1522 sum
1430 1481 1484 1522 de
1507 1480 1597 1521 via:

151 1557 245 1584 sum
265 1553 382 1585 certe
402 1543 615 1592 alicunde,
638 1543 728 1584 sive
749 1543 801 1584 de
834 1543 1018 1598 privato,
1041 1542 1131 1582 sive
1161 1541 1214 1581 de
1247 1539 1438 1596 publico.
1460 1552 1512 1579 eo
1535 1551 1600 1578 re-

146 1600 272 1642 stitui
305 1615 399 1643 sum
425 1601 588 1657 jussus.
620 1600 857 1642 restituisse
890 1610 931 1641 te
960 1600 1126 1641 dixisti.
1159 1613 1272 1655 nego
1295 1600 1334 1628 33
1350 1611 1417 1638 me
1448 1611 1503 1637 ex
1525 1596 1732 1646 de-p.301‚

149 1667 268 1701 creto
291 1659 489 1716 praetoris
511 1659 758 1701 restitutum
779 1673 885 1700 esse.
948 1657 1066 1705 Quid
1090 1657 1143 1698 ad
1163 1657 1258 1698 haec
1280 1654 1493 1696 dicimus?
1525 1659 1641 1694 auta-

142 1726 240 1769 tuo,
262 1717 627 1773 quemadmodum
650 1717 823 1767 dicitur,
847 1716 1007 1773 gladi0‚
1029 1726 1102 1756 aut
1125 1724 1292 1764 nostro,
1311 1712 1506 1754 defensio
1528 1721 1601 1752 tua

146 1775 421 1827 conficiatur,
442 1790 617 1817 necesse
638 1784 718 1816 est.
780 1775 826 1816 Si
849 1775 900 1816 ad
924 1773 1144 1814 interdicti
1167 1770 1426 1813 sententiam
1445 1767 1598 1811 confu-
1612 1785 1661 1818 33

150 1833 232 1888 gis,
253 1842 321 1884 et,
352 1833 406 1874 de
433 1848 520 1889 quo
554 1833 691 1874 fundo
721 1841 865 1874 actum
900 1832 955 1873 sit
986 1840 1093 1881 tum,
1117 1845 1216 1871 cum
1239 1829 1445 1870 AEbutius
1476 1827 1609 1868 resti-z

150 1901 271 1932 tuere
285 1891 539 1947 jubebatur,
560 1891 602 1932 id
626 1891 906 1947 quaerendum
926 1904 1018 1930 esse
1039 1889 1162 1939 dicis,
1186 1901 1325 1942 neque
1347 1885 1602 1941 aequitatem

145 1949 210 1990 Tei
234 1949 353 1990 verbi
375 1948 529 2004 laqueo
551 1950 647 2005 capi
671 1957 797 2005 putas
820 1956 1044 2004 oportere:
1079 1947 1122 1987 in
1147 1946 1251 1986 meis
1274 1945 1425 1985 castris
1451 1943 1601 1999 praesi-

148 2006 317 2062 diisque
341 2007 536 2048 versaris.
567 2021 678 2058 mea,
700 2021 796 2048 mea
815 2016 881 2047 est
913 2007 995 2047 ista
1016 2004 1235 2046 defensio:
1267 2017 1352 2058 ego
1374 2001 1458 2042 hoc
1480 2001 1600 2041 voci-

147 2064 288 2107 feror:
320 2079 402 2122 ego
437 2079 586 2105 omnes
624 2064 821 2105 homines
858 2064 1047 2120 deosque
1083 2072 1242 2103 testor:
1274 2075 1374 2101 cum
1412 2058 1598 2113 majores

150 2123 237 2163 vim
260 2132 469 2164 armatam
492 2122 736 2177 nnllajuris
758 2121 1011 2163 defensione
1034 2120 1237 2170 texerint,
1256 2133 1345 2159 non
1365 2117 1603 2172 vestigium

145 2180 257 2246 ejus,
288 2180 363 2236 qui
397 2179 592 2235 dejectus
626 2180 696 2230 sit,
731 2180 803 2221 sed
841 2179 1003 2221 factum
1036 2178 1164 2229 illius,
1197 2177 1270 2233 qui
1302 2175 1524 2231 dejecerit,
1556 2175 1601 2219 in,

137 2238 356 2295 Judicmm
387 2239 558 2291 venire3
590 2238 808 2294 dejectum
840 2252 945 2290 esse,
967 2237 1043 2294 qui
1072 2236 1250 2293 fugatus
1281 2234 1361 2276 sit:
1396 2233 1484 2274 vim
1507 2246 1599 2274 esse

190 2398 230 2428 82
252 2401 386 2428 actum.-
408 2403 445 2428 ιιι
465 2408 516 2428 me
532 2398 579 2428 ad
592 2397 725 2428 verbum
739 2406 852 2427 vocas:
895 2395 965 2426 Erf.
982 2401 1016 2426 et
1031 2395 1099 2432 alii,
1113 2388 1175 2425 hoe
1189 2392 1385 2424 servandum
1401 2395 1494 2432 puto.
1539 2391 1601 2423 Sed

148 2448 211 2469 non
234 2449 266 2470 α.
289 2450 320 2470 v.
344 2440 417 2480 &c.]
447 2441 501 2471 Sic
516 2440 721 2481 interpunxi‚
737 2439 850 2479 vulga-
895 2438 978 2469 illud
993 2438 1161 2469 decretum
1181 2437 1308 2468 factum
1324 2440 1394 2465 erat
1417 2444 1456 2464 ex
1469 2433 1599 2473 ediet0;

145 2482 173 2512 ti
186 2486 309 2513 actum.
354 2481 408 2513 Tu
422 2493 466 2513 m.
482 2494 514 2513 a.
526 2493 556 2514 v.
574 2493 669 2514 vocas
680 2483 696 2512 ?
718 2483 853 2512 ηοηὸιο,

190 2526 231 2555 83
253 2535 306 2555 me
320 2535 361 2556 ex
374 2526 501 2556 demeto
515 2525 683 2566 praetm'is]
709 2525 761 2555 Sic
779 2524 852 2556 edd.

146 2575 200 2606 pr.
211 2568 371 2607 usquead
381 2569 416 2599 P.
429 2568 639 2605 Manufium,
648 2567 702 2608 qui
714 2578 744 2598 a.
760 2570 852 2598 1540.

145 2607 250 2640 edidit
263 2619 304 2640 ea·
317 2610 418 2642 edicto
426 2624 436 2644 ;
461 2611 548 2644 unde
562 2611 778 2642 dissensiones
796 2610 852 2640 In-

145 2656 344 2691 ter-premnt,
379 2653 452 2684 aliis
479 2664 539 2694 pro
571 2654 636 2685 alio
673 2652 852 2684 stantibus.

145 2692 334 2726 Lamhinus-
342 2695 444 2726 etiam
464 2697 601 2737 corrigit
614 2707 654 2727 ez·
667 2696 852 2727 interdicto.

145 2734 282 2776 Proprie
307 2737 439 2777 quidem
461 2738 515 2770 bic
541 2740 707 2770 decretum
726 2738 853 2769 intelli-

146 2778 415 2827 gendumrnam
439 2786 564 2822 praetor
581 2783 684 2823 jussit
706 2780 851 2819 restitui,

145 2827 180 2852 et
202 2831 278 2861 quia
298 2822 334 2855 in
350 2832 389 2854 eo
404 2824 705 2857 consentiunt-edd.
721 2833 768 2865 pr.
784 2824 850 2855 Ms.

896 2489 974 2512 nam
999 2480 1033 2512 in
1052 2490 1091 2512 eo
1106 2487 1190 2518 erat,
1211 2479 1257 2509 sic
1276 2477 1486 2509 decreturum
1508 2486 1554 2514 se,
1574 2479 1601 2509 si

895 2524 943 2555 vis
965 2524 1055 2554 satta
1072 2527 1177 2554 esset:
1201 2527 1236 2553 et
1258 2521 1389 2561 proprie
1413 2519 1601 2559 appellatur

893 2565 1126 2602 interdictum,
1139 2566 1241 2596 etiam
1256 2564 1290 2595 in
1312 2562 1373 2593 hac
1388 2562 1550 2599 oratione,
1566 2570 1601 2594 et

895 2608 958 2640 hoc
972 2609 1082 2650 ipsum
1095 2608 1278 2643 decretum,
1293 2613 1332 2636 ut
1347 2616 1376 2636 c.
1390 2608 1442 2636 30.
1482 2604 1599 2644 Itaque

895 2651 936 2684 ad
949 2658 1136 2682 extremum
1156 2660 1205 2680 res
1217 2648 1334 2679 eodem
1357 2647 1453 2685 redit,
1469 2657 1600 2687 quoquo

895 2695 994 2726 modo
1027 2693 1170 2733 legatur.
1213 2691 1277 2723 Sed
1304 2691 1478 2730 qnaeritur,
1508 2689 1597 2730 quid,

893 2737 1076 2768 seeundum
1100 2735 1214 2771 libros,
1234 2733 1434 2776 probabilius
1455 2733 1499 2764 sit
1519 2734 1598 2764 scri·

894 2784 989 2820 ptum
1005 2789 1072 2810 esse
1084 2790 1105 2809 a
1119 2778 1289 2817 Cicerone.
1328 2774 1476 2809 Graevius
1493 2775 1598 2815 sequi-

894 2829 951 2853 tur
966 2822 1144 2854 lectionem
1160 2830 1199 2852 ez
1214 2820 1325 2860 edicto,

834 2864 936 2909 1i2
