1907 3231
672 116 1092 161 PRAEFATIO'.
1552 113 1614 157 vii

168 236 256 280 qua
287 218 532 278 imitatrice,
564 241 680 284 saepe
712 228 843 269 etiam
876 243 900 270 e
929 227 1196 284 conjectura,
1225 235 1274 267 ut
1298 226 1348 267 in>
1364 225 1457 268 aliis
1479 224 1613 281 parti-

170 292 251 334 bus
272 293 398 335 fe‘cit:
429 294 483 335 de
515 309 602 351 quo
636 296 681 337 in
714 296 962 338 recensione
983 306 1027 338 et
1049 309 1227 352 operum
1251 294 1547 336 universorum
1569 300 1614 334 et

170 361 457 402 oratoriorum
488 362 695 405 librorum
716 364 882 406 dictum
904 374 984 406 est.
1037 363 1241 406 Ceterum
1271 363 1367 404 haec
1393 361 1527 403 editio
1549 369 1614 401 et-

168 428 254 470 iam
271 428 314 470 in
332 431 599 473 orationibus
618 429 731 474 ba'sis
748 432 864 475 facta
881 443 946 474 est
962 433 1156 474 omnium
1173 431 1411 473 editionum
1432 443 1614 485 sequen-

167 496 292 538 tium.
316 513 414 540 narn
438 500 472 540 si
494 501 589 555 quis
612 501 655 542 id
677 501 858 543 editioni
883 501 940 543 P.
964 500 1156 543 ,Munatii
1173 499 1295 542 malit
1317 500 1530 550 tribuere3
1563 511 1614 539 ea

167 559 339 621 quoque
366 567 488 608 basin
510 568 642 610 habet
662 569 910 626 exemplum
934 570 1178 627 paternum,
1199 582 1339 624 neque
1367 567 1474 608 adeo
1496 564 1614 607 aliud

167 642 268 689 post
289 633 453 676 factum
473 646 553 689 est,
576 638 631 678 ab
652 638 817 679 editore
845 653 1033 694 quoque,
1055 652 1185 694 quam
1218 646 1267 677 ut
1299 644 1466 677 textum
1489 633 1614 675 Aldi-

165 715 284 753 num,
308 716 387 759 pro
404 703 610 746 facultate
631 706 854 758 librorum,
875 716 950 748 aut
973 706 1136 762 ingenii
1158 714 1202 746 et
1220 704 1446 756 doctrinae,
1466 717 1613 744 emen-

165 768 375 811 datiorem
396 771 571 825 faceret,
595 774 660 816 vel
679 773 938 831 pleniorem:
970 775 1084 815 unde
1105 774 1150 814 in
1173 773 1374 815 omnibus
1398 770 1613 827 Naugeri-

165 851 259 879 anae
282 838 479 881 lectionis
500 841 693 897 reliquiae
715 843 1002 898 reperiuntur.

143 937 147 940 -
179 931 184 935 ·
222 906 441 962 Sequitur,
465 918 528 961 ut,
559 910 665 965 quid
698 911 833 951 secuti
864 910 1026 952 Aldum
1057 909 1268 966 majorem
1296 908 1481 950 editores
1508 922 1614 965 ope-

163 987 258 1015 rum
293 976 590 1018 universorum
624 978 867 1034 profuerint
898 988 974 1019 aut
1005 979 1208 1035 prodesse
1239 977 1454 1019 voluerint
1482 976 1614 1018 orati-

164 1043 334 1096 onibus,
353 1044 562 1087 dicamus.
626 1046 678 1087 In
701 1062 787 1102 quo
810 1057 1038 1104 possumus
1060 1061 1151 1088 esse
1174 1047 1405 1098 breviores,
1437 1060 1536 1088 cum
1567 1045 1613 1086 in

163 1125 342 1168 operum
364 1113 663 1156 universorum
685 1116 950 1156 editionibus
975 1115 1259 1166 recensendis,
1288 1130 1385 1170 quae
1407 1114 1494 1156 huc
1516 1127 1614 1170 per-

164 1179 317 1232 tinent,
339 1180 457 1223 dicta
485 1183 585 1224 sint.
649 1183 803 1239 Itaque
825 1185 908 1225 hoc
936 1184 1066 1224 modo
1093 1183 1325 1224 dicendum
1346 1183 1471 1224 nobis
1493 1182 1614 1223 vide-

162 1255 245 1299 tur,
268 1249 455 1305 primum
480 1251 523 1291 in
551 1249 793 1301 antandri,
819 1261 862 1292 et
885 1259 984 1307 post
1011 1265 1108 1291 eum
1129 1250 1337 1307 Her-vagii
1363 1251 1568 1300 editione,
1588 1264 1613 1291 e

161 1317 385 1358 codicibus
409 1318 681 1360 Germanicis
711 1328 755 1360 et
777 1319 951 1360 lacunas
980 1319 1122 1375 plures
1149 1319 1344 1374 expletas
1366 1333 1457 1359 esse
1480 1318 1612 1360 orati-

160 1385 255 1426 onis
277 1400 355 1441 pro
379 1384 527 1428 Flacco
549 1396 593 1428 et
622 1388 664 1428 in
695 1386 922 1438 Vatinium,
942 1396 986 1427 et
1008 1402 1109 1428 vero
1139 1387 1271 1427 etiam
1294 1387 1388 1428 loca
1409 1386 1610 1442 quaedam

159 1466 251 1494 esse
283 1455 392 1495 bene
425 1464 619 1497 correcta
654 1470 730 1512 per
763 1454 899 1496 Miclz.
925 1454 1166 1507 Reatinum,
1201 1455 1274 1510 qui
1310 1454 1610 1496 Cratandrinae

159 1522 340 1563 editioni
364 1523 562 1580 praefuit:
592 1539 688 1580 quae
714 1524 873 1581 pariter
894 1524 1133 1579 eodemque
1155 1523 1285 1564 modo
1308 1522 1424 1565 facta
1445 1532 1544 1564 sunt
1568 1525 1612 1564 in

160 1590 456 1649 Hervagiana,
494 1590 582 1648 qua
625 1595 798 1633 lacunas
837 1593 1028 1647 quidem,
1067 1593 1112 1633 in
1157 1591 1372 1643 Sestiana,
1410 1607 1508 1649 quae
1550 1592 1611 1633 ibi

158 1674 294 1716 prope
317 1661 444 1701 tertia
464 1669 586 1716 parte
617 1661 785 1702 auctior
815 1660 932 1702 facta
957 1670 1037 1701 est.
1099 1659 1355 1711 Observavi,
1377 1660 1612 1716 permultas

138 1727 288 1784 ‘hujus
310 1729 513 1770 editionis
536 1728 743 1770 lectiones
773 1743 866 1769 esse
895 1729 1068 1769 easdem
1092 1728 1135 1768 in
1170 1727 1436 1780 Victoriana,
1458 1729 1613 1770 eodem

157 1803 352 1853 tempore
374 1796 504 1849 facta,
526 1812 606 1838 nec
639 1798 770 1838 modo
804 1798 954 1848 bonaS,
989 1797 1062 1837 sed
1087 1796 1218 1837 etiam
1242 1796 1434 1847 vitiosas,
1458 1806 1505 1837 ut
1533 1811 1612 1852 pro

158 1864 329 1906 Fontei.
352 1865 397 1906 in
426 1865 657 1906 hominibus
690 1880 768 1922 pro
799 1865 1044 1917 nominibus,
1068 1879 1106 1905 c.
1129 1871 1171 1906 4.
1232 1863 1285 1905 In
1321 1863 1612 1906 Cratandrina

157 1934 346 1990 primum
368 1934 500 1975 variae
533 1933 739 1975 lectiones
771 1948 794 1974 e
823 1933 934 1974 Mss.
965 1941 1008 1974 et
1029 1933 1126 1974 edd.
1158 1941 1233 1973 aut
1261 1932 1523 1988 conjecturis
1547 1933 1610 1974 vi-

155 2017 301 2044 rorum
336 2002 566 2044 doctorum
600 2011 762 2043 notatae
799 2011 914 2052 sunt,
947 2001 990 2042 in
1032 2001 1301 2056 marginibus
1336 2000 1420 2041 illae
1462 2001 1610 2057 dispo-

159 2070 274 2112 sitae:
307 2071 350 2111 id
379 2071 573 2111 imitatus
606 2078 684 2121 est,
709 2069 1002 2125 Hervagianae
1036 2069 1109 2124 qui
1144 2068 1336 2125 praefuit‚
1371 2068 1443 2109 sed
1474 2078 1522 2109 ut
1555 2069 1610 2110 ad

157 2130 320 2181 calcem
355 2139 554 2194 rejiceret
586 2153 732 2179 earum
765 2137 973 2190 libellum,
995 2152 1148 2194 parum
1183 2137 1357 2193 quidem
1381 2137 1611 2178 commode

156 2207 209 2249 ad
232 2207 500 2248 eruditorum
522 2206 748 2247 hominum
771 2222 888 2248 usus.

211 2274 253 2316 A
275 2273 471 2327 Victorio,
493 2275 567 2332 qui
589 2284 654 2316 est
676 2275 741 2316 his
765 2275 1004 2331 proximus,
1021 2274 1290 2316 orationibus
1314 2290 1400 2316 non
1422 2274 1608 2316 multum

157 2358 300 2400 operae
324 2354 530 2385 navatum
563 2355 642 2385 est.
665 2358 766 2384 narn
796 2353 840 2384 et
870 2353 1070 2384 notarum
1100 2358 1236 2400 prope
1258 2342 1366 2384 nihil
1388 2353 1467 2393 est,
1490 2343 1608 2398 quod

157 2413 210 2454 ad
232 2427 302 2453 eas
322 2413 552 2469 pertineat,
570 2422 613 2453 et
637 2412 774 2468 magis
797 2412 985 2467 aiiquem
1004 2411 1220 2452 interdum
1243 2411 1386 2452 locum
1409 2411 1606 2467 arripuit,

156 2495 286 2536 quem
308 2480 374 2522 vel
395 2495 419 2522 e
440 2481 559 2522 libris
581 2481 723 2532 editis,
748 2480 813 2521 vel
845 2495 922 2536 per
951 2480 1247 2535 conjecturam
1272 2488 1455 2530 sanaret,
1476 2494 1607 2534 quam

155 2557 297 2590 toturn
329 2564 486 2606 corpus
509 2549 702 2590 curavit:
732 2549 848 2604 quod
871 2548 932 2589 illi
956 2562 1043 2589 non
1077 2548 1218 2588 minus
1252 2562 1380 2603 quam
1410 2548 1605 2604 epistolis

153 2627 359 2675 praestare
381 2626 565 2674 poterat,
582 2617 821 2674 praesertim
844 2631 943 2658 curn
968 2616 1123 2656 iterum
1143 2630 1273 2672 opera
1290 2616 1489 2657 universa
1507 2616 1605 2658 ede-

153 2694 222 2727 ret
242 2686 422 2743 triginta
444 2701 578 2743 prope
599 2687 722 2727 annis
746 2696 845 2742 post
868 2685 1050 2741 primam
1077 2684 1328 2725 editionem.
1392 2684 1517 2726 Unde
1539 2685 1604 2737 fit,

154 2762 202 2795 ut
224 2754 267 2795 in
290 2755 558 2796 orationibus
580 2755 755 2810 quidem
780 2753 1004 2795 Ciceronis
1034 2767 1120 2794 non
1142 2752 1326 2793 multum
1350 2752 1451 2793 novi
1482 2752 1605 2809 adju-

154 2822 290 2864 menti
311 2823 451 2866 critici
475 2823 531 2865 sit
559 2824 614 2865 ab
635 2822 827 2865 editione
849 2821 1117 2863 Victoriana.
1178 2820 1236 2862 Et
1264 2820 1467 2876 quoniam
1492 2820 1615 2862 hanc.

844 2907 916 2942 a4
