1907 3231
517 155 633 192 PRO
654 154 700 193 Q.
729 153 919 191 Roscio
946 153 1227 190 COMOEDO.
1539 130 1586 186 ἐι

156 257 515 299 'feceruntmultit
539 257 644 298 nihil
660 257 702 298 in
721 272 770 298 ea
793 271 836 298 re
859 257 937 298 tibi
963 256 1131 312 injuriae
1151 254 1249 296 feci.
1271 262 1366 309 pete
1386 260 1429 293 tu
1456 257 1591 303 tuum,

160 316 368 371 exige,·et
398 314 530 366 aufer,
554 314 669 369 quod
703 315 896 355 debetur.
929 328 1047 354 suam
1109 313 1259 367 uisque
1291 318 1454 366 partem
1479 310 1590 365 juris

159 372 376 427 possideat
400 380 443 411 et
465 381 757 427 persequatur.
818 372 877 412 At
898 371 1013 412 enim
1043 370 1083 402 26
1119 384 1219 410 uum
1250 367 1474 423 negotium
1497 381 1592 422 ges-

157 429 252 469 ·sisti
276 430 397 469 bene.
450 429 564 469 Gere
586 439 629 468 et
653 438 698 468 tu
724 438 843 469 tuum
871 430 992 469 bene.
1034 425 1204 482 Magno
1227 435 1344 465 tuam
1367 423 1590 464 dimidiam

158 495 323 541 partem
349 485 561 526 decidisti.
624 484 792 541 Magno
823 494 866 526 et
889 495 935 526 tu
960 495 1078 526 tuam
1109 492 1274 540 partem
1295 481 1458 522 decide.
1492 479 1591 520 H-S

160 555 365 583 cccrooo
406 542 634 583 abstulisti.
665 544 704 576 ‘27
718 543 761 583 Si
793 542 844 583 fit
882 542 965 583 hoc
998 556 1122 593 vero3
1165 539 1264 581 H-S
1304 550 1507 580 cccmoo
1544 545 1591 577 tu

157 613 329 654 quoque
367 599 500 639 aufer.
578 599 661 640 Sed
694 600 806 641 hanc
839 599 1101 640 decisionem
1138 597 1286 638 Roscii
1321 596 1514 637 oratione
1549 602 1591 634 et
1610 597 1673 643 12

157 656 362 711 opinione
384 671 540 712 augere
561 657 686 698 licet:
719 672 763 698 re
785 666 828 697 et
852 658 1031 698 veritate
1060 656 1320 696 mediocrem
1351 662 1394 694 et
1418 662 1589 693 tenuem
1602 669 1652 702 33

157 727 249 753 esse
271 713 512 754 invenietis
571 713 755 770 Accepit
777 715 892 754 enim
923 728 1074 770 agrum
1106 712 1373 767 temporibus
1404 709 1470 760 iis,
1492 723 1592 749 cum

150 770 347 825 jacerent
374 771 511 826 pretia
542 771 823 827 praediorum:
856 770 929 825 qui
960 784 1062 825 ager
1091 783 1230 824 neque
1261 768 1404 809 villam
1426 766 1595 818 habuit,

157 841 296 882 neque
318 841 371 867 ex
395 827 479 867 ulla
511 838 630 883 parte
661 827 744 868 fuit.
765 827 930 878 cultus3
962 827 1036 882 qui
1059 841 1173 867 nunc
1199 826 1335 866 multo
1361 824 1492 880 pluris
1515 832 1594 873 est,

157 898 287 939 quam
307 893 413 925 tunc
436 884 531 925 fuit.
563 899 702 938 neque
724 885 765 925 id
789 893 853 925 cst
875 884 1046 924 mirum.
1067 893 1159 924 tum
1182 883 1297 923 enim
1320 890 1496 937 propter
1515 878 1596 920 rei-

152 941 342 997 ·publicae
375 941 653 991 calamitates,
685 941 878 982 omnium
917 942 1204 997 possessiones
1240 948 1361 980 erant
1391 937 1595 987 incertae;

156 1012 286 1049 nunc,
305 999 433 1039 deum
452 998 758 1039 immortalium
779 999 1061 1054 benignitate,
1075 998 1269 1038 omnium
1289 996 1475 1037 fortunae
1496 1003 1596 1034 sunt

156 1064 312 1097 certae:
345 1064 435 1095 tum
457 1064 548 1095 erat
569 1069 671 1111 ager
692 1056 878 1096 incultus
902 1056 991 1096 sine
1014 1065 1154 1106 tect03
1185 1068 1300 1095 nunc
1322 1062 1387 1094 est
1408 1050 1595 1092 cultissi-

156 1126 251 1153 mus
273 1127 372 1153 cum
393 1112 561 1167 optima
582 1112 695 1153 villa.
759 1113 1080 1163 Verumtamen,
1103 1112 1308 1167 quoniam
1330 1119 1483 1150 natura
1504 1117 1591 1148 tam
1604 1122 1655 1157 34

157 1169 392 1209 malevolus
413 1184 471 1220 cs,
495 1184 729 1225 numquam
752 1171 834 1211 ista
855 1179 897 1210 te
919 1170 1116 1210 molestia
1137 1178 1181 1209 et
1201 1183 1304 1210 cura
1332 1170 1371 1198 98
1388 1165 1592 1206 liberabo.

161 1225 372 1267 Praeclare
396 1241 520 1266 suum
544 1228 769 1282 negotium
797 1222 1162 1283 gessit’Roscius:
1197 1225 1379 1266 fundum
1402 1223 1596 1263 fructuo-

157 1283 372 1324 sissimum
411 1283 608 1325 abstulit:
652 1284 756 1338 quid
793 1284 846 1324 ad
885 1286 952 1325 te?
995 1293 1114 1324 tuam·
1153 1292 1317 1338 partem
1357 1279 1596 1329 dimidiam,

158 1340 522 1395 quemadmodum
546 1341 623 1391 vis,
643 1340 807 1381 decide.
838 1340 982 1381 Vertit
1002 1341 1074 1381 hic
1096 1340 1322 1389 rationem,
1341 1346 1385 1378 et
1403 1337 1460 1387 id,
1480 1335 1597 1391 quod

157 1398 340 1453 probare
371 1411 457 1437 non
488 1406 645 1453 potest,
678 1397 840 1453 fingere
871 1407 1066 1439 conatur.
1128 1396 1196 1438 De
1228 1405 1320 1437 tota
1349 1409 1408 1445 re,
1441 1392 1597 1447 inquit,

155 1454 368 1495 decidisti.

215 1510 331 1567 Ergo
355 1510 441 1551 huc
470 1511 670 1552 universa
699 1526 828 1553 causa
848 1511 1088 1563 deducitur,
1111 1522 1252 1552 utrum
1279 1509 1464 1550 Roscius
1495 1522 1596 1549 cum

161 1567 309 1611 Flavio
331 1568 384 1609 de
405 1582 481 1609 sua
502 1578 636 1624 parte,
659 1584 713 1610 an
735 1570 788 1610 de
811 1578 903 1610 tota
925 1570 1130 1611 societate
1152 1568 1303 1609 fecerit
1332 1566 1594 1622 pactionem.

159 1625 274 1670 Nam
295 1640 378 1682 ego
402 1625 625 1677 Roscium,
649 1627 683 1667 si
706 1626 810 1682 quid
833 1627 1056 1668 communi
1077 1627 1253 1667 nomine
1276 1624 1436 1680 tetigit,
1459 1621 1594 1663 confi·
1605 1627 1656 1669 35

159 1691 252 1724 teor
280 1693 484 1739 praestare
504 1683 661 1725 debere
688 1684 904 1726 societati.
940 1687 981 1719 ί«ΖΘ
1001 1684 1246 1734 Societatis,
1268 1697 1355 1722 non
1380 1695 1476 1721 suas
1500 1680 1596 1720 lites

160 1740 355 1791 redemit,
381 1755 481 1781 cum
513 1740 695 1782 fundum
726 1756 751 1782 a
782 1740 931 1782 Flavio
962 1742 1144 1797 accepit.
1195 1743 1236 1770 30
1255 1738 1373 1786 Quid
1405 1739 1466 1778 ita
1496 1737 1599 1778 satis

158 1812 248 1842 non
269 1798 402 1849 dedit,
427 1812 645 1840 AMPLIUS
673 1812 701 1839 A
728 1812 782 1839 ΞΕ
809 1812 1057 1840 NEMINEM
1084 1797 1403 1839 PETITURUM?
1436 1794 1524 1840 Qui
1547 1794 1600 1835 de

160 1870 237 1896 sua
257 1864 378 1911 parte
399 1854 574 1906 decidit,
597 1856 768 1911 reliquis
797 1857 1011 1912 integram
1033 1856 1237 1910 relinquit
1262 1854 1492 1895 actionem.
1525 1851 1599 1905 qui

161 1927 239 1970 pro
262 1912 389 1953 sociis
411 1913 626 1969 transigit,
646 1913 838 1964 satisdat,
856 1913 1073 1954 neminem
1095 1927 1244 1954 eorum
1266 1921 1416 1967 postea
1438 1908 1600 1965 petitu-

157 1984 270 2014 rum.
331 1970 449 2017 Quid
479 1970 540 2010 ita
570 1970 717 2011 Flavio
749 1971 831 2012 sibi
860 1985 1011 2012 cavere
1041 1985 1129 2011 non
1159 1969 1277 2011 venit
1306 1969 1348 2008 in
1381 1968 1712 2009 mentem3P·512

157 2027 379 2070 nesciebat
407 2027 609 2068 videlicet
640 2027 893 2084 Panurgum
921 2027 1053 2070 fuisse
1078 2028 1121 2068 in
1141 2027 1374 2068 societate?
1407 2022 1639 2065 Sciebat.³·

159 2083 407 2135 Nesciebat,
439 2084 652 2126 Fannium
684 2084 846 2126 Roscio
877 2100 968 2126 esse
999 2085 1196 2126 socium?
1238 2081 1465 2124 Praeclare.
1495 2095 1596 2120 nam

159 2142 242 2183 iste
262 2156 362 2183 cum
383 2155 434 2182 eo
456 2142 575 2182 litem
598 2150 885 2183 contestatam
906 2143 1110 2184 habebat.
1154 2141 1244 2183 Cur
1266 2140 1399 2196 igitur
1420 2137 1660 2191 deciditsssi

159 2208 204 2240 et
233 2203 271 2231 31
282 2213 370 2240 non
393 2198 684 2254 restipulatur,
705 2201 923 2241 neminem
946 2200 1129 2256 amplius
1156 2198 1418 2255 petiturum?
1449 2209 1525 2235 cur
1546 2194 1599 2234 de

159 2255 294 2298 fundo
324 2256 500 2309 decidit,
522 2266 565 2296 et.
589 2256 760 2311 judicio
781 2272 870 2299 non
895 2258 1161 2299 absolvitur?
1193 2270 1268 2297 cur
1291 2264 1380 2295 tam
1403 2252 1605 2308 imperite

201 2370 242 2401 26
256 2374 350 2400 tunm
363 2371 669 2409 negotium-tuam
683 2371 797 2401 dimid.
806 2371 858 2411 p.]
903 2371 982 2402 rabo
992 2384 1002 2401 .·
1025 2371 1107 2402 nihil
1122 2369 1300 2402 admodum
1314 2369 1422 2400 refert.

160 2412 203 2444 In
221 2413 326 2443 altero
350 2412 422 2443 edd.
445 2423 494 2452 pr.
516 2413 641 2444 addunt
663 2418 714 2453 tu,
737 2423 805 2444 non
827 2415 863 2444 in
947 2416 987 2449 99
1011 2414 1193 2450 societatis,
1218 2421 1285 2442 non
1308 2412 1347 2451 s.]
1377 2411 1450 2441 Hoc
1476 2414 1526 2441 est
1550 2409 1607 2441 ad-

159 2454 278 2500 primo.
336 2454 482 2485 Graevius
511 2465 550 2485 ex
579 2456 629 2487 ed.
654 2456 742 2486 vict.
771 2455 861 2486 addit
905 2456 1050 2492 versarii,
1084 2455 1302 2490 adfirmantis,
1333 2454 1488 2484 Roscium
1517 2463 1607 2484 com-

162 2497 304 2536 utrique.
348 2497 420 2537 Ego
443 2499 553 2528 neutri
570 2498 689 2535 addidi,
705 2504 738 2528 et
759 2497 861 2529 delevi
905 2499 996 2528 muni
1011 2508 1069 2528 suo
1085 2503 1118 2528 et
1133 2497 1211 2528 socii
1227 2496 1360 2527 nomine
1373 2497 1484 2536 egisse.
1513 2494 1609 2536 ,Quid

164 2539 201 2570 in
214 2540 315 2570 tertio
327 2546 404 2570 ante
418 2541 592 2571 abstulisti.
634 2541 723 2571 Nam
739 2540 820 2571 illud
832 2545 863 2570 ec
904 2542 952 2570 ita
967 2541 1024 2570 Sec.
1040 2545 1090 2570 est
1103 2539 1279 2580 responsio.

166 2585 205 2612 tu
223 2582 385 2612 efficacius
403 2590 465 2618 est,
489 2583 515 2612 si
538 2592 605 2613 non
631 2582 785 2624 praeeedit
806 2588 861 2615 τιι,·
949 2585 989 2612 30
1012 2582 1104 2622 ‚Quid
1125 2583 1173 2612 ila
1191 2582 1272 2611 sam·
1290 2590 1353 2611 non
1373 2579 1421 2619 εἰ]
1448 2579 1530 2610 Edd.
1552 2589 1602 2620 pr.

163 2624 359 2663 quodetiam
374 2624 484 2664 friget.
507 2624 559 2655 Sic
573 2635 650 2655 mox
664 2637 692 2656 c.
712 2627 760 2656 1⁶3.
778 2625 862 2654 med.
908 2625 1001 2666 ‚Quid
1012 2626 1059 2655 ita
1073 2627 1088 2654 ?
1110 2625 1144 2654 in
1156 2630 1295 2662 utroque
1308 2623 1380 2654 loco
1391 2623 1487 2654 male.
1511 2622 1606 2663 Quid,

206 2667 246 2700 ⁶27
270 2665 309 2697 Sc·
318 2667 368 2706 fit
390 2669 448 2697 hoc
467 2667 556 2706 vero]
583 2667 718 2699 Hotom.
732 2668 867 2707 corrigit
909 2669 958 2697 ita
971 2671 1033 2703 est,
1047 2667 1156 2706 Quare
1170 2672 1329 2705 ergo'non
1343 2674 1456 2696 cavere
1475 2665 1605 2697 Flavius

165 2708 227 2738 sit:
251 2708 338 2747 quod
355 2713 390 2739 et
405 2709 498 2740 nobis
515 2710 660 2749 primum
679 2711 866 2747 legentibus
906 2710 1018 2749 jussit,
1031 2708 1170 2748 amplius
1186 2709 1244 2739 &c.
1551 2728 1554 2730 v

165 2750 201 2779 in
215 2755 361 2781 mentem
379 2752 483 2789 venit,
505 2756 539 2782 et
553 2752 690 2783 fortasse
705 2744 775 2783 aliis
789 2761 868 2792 quo-
955 2754 990 2782 31
1017 2760 1081 2781 nou
1102 2750 1330 2790 restifmlatur]
1356 2748 1505 2790 intellige
1528 2748 1607 2780 Fla-

167 2801 230 2831 que
248 2793 367 2823 veniat.
911 2794 1004 2825 vius:
1030 2804 1050 2823 a
1076 2803 1141 2832 quo
1167 2793 1306 2822 fundum
1333 2792 1509 2832 stipulatus
1535 2795 1617 2822 era't⁴

213 2835 252 2865 528
269 2834 421 2874 liberabo]
447 2836 529 2867 Edd.
545 2835 646 2868 Rom.
658 2836 714 2867 ΒΓ.
731 2835 867 2868 Mediol.
911 2836 1046 2867 Roscius
1062 2835 1293 2867 satisfactionis
1309 2834 1453 2867 nomine.
1479 2834 1607 2876 Legan—
1622 2866 1629 2871 ,

171 2875 332 2908 liberabis.
376 2877 396 2908 J
401 2883 482 2909 unta
501 2886 534 2911 et
547 2878 648 2911 Aldus
664 2878 778 2912 dedere
794 2880 869 2918 libe·-
911 2885 967 2911 tur
981 2877 1158 2918 sequentia.
1571 2894 1580 2899 -

258 2932 366 2960 voL.
393 2933 446 2961 11.
876 2935 904 2962 G
