1907 3231
272 105 351 140 510
711 116 714 118 ·
868 98 1122 138 ORATIO

273 221 374 248 men
397 206 608 248 invictum
641 205 685 246 in
718 204 942 246 navalibus
973 201 1131 259 pugnis
1159 207 1470 257 permanserat,
1487 208 1648 258 magna
1667 205 1718 243 ac

275 264 412 306 multo
435 263 626 305 maxima
655 273 777 319 parte
807 277 892 302 non
914 261 1046 301 modo
1073 258 1286 311 utilitatis,
1311 260 1381 301 sed
1405 259 1633 315 dignitatis
1653 268 1718 300 at—

213 327 263 362 55
277 337 360 378 que
382 322 550 379 imperii
569 321 727 363 caruit:
760 334 852 369 nos,
875 331 1060 372 quorum
1080 317 1267 372 majores
1283 316 1552 358 Antiochum
1572 330 1718 372 regem

275 379 410 422 classe
434 380 677 434 Persenque
711 383 980 431 superarunt,
1003 374 1290 429 omnibusque
1313 375 1537 416 navalibus
1560 374 1718 430 pugnis

277 437 677 494 Karthaginienses,
698 433 896 474 homines
930 431 973 480 in
1003 430 1231 472 maritimis
1256 433 1383 473 rebus
1410 431 1719 474 exercitatissi-

273 510 368 537 mos
392 494 770 552 paratissimosque
793 490 1008 540 vicerunt,
1027 488 1055 528 ii
1091 488 1207 529 nulio
1241 489 1284 530 in
1312 490 1408 531 loco
1431 490 1525 545 jam
1553 488 1719 545 praedo-

273 554 403 595 nibus
426 567 546 608 pares
575 564 665 591 esse
700 556 971 604 poteramus:
1003 546 1044 578 66
1057 561 1134 587 nos
1165 561 1352 602 quoqne,
1373 549 1447 602 qui
1478 557 1606 589 antea
1633 560 1720 587 non

273 612 405 652 modo
430 609 599 650 [taliam
623 616 760 646 tutam
785 605 1068 655 habebamus,
1100 604 1173 645 sed
1207 618 1356 645 omnes
1380 605 1520 649 socios
1545 605 1592 645 in-
1620 603 1722 644 ulti-

274 669 356 710 mis
379 667 464 709 oris
486 664 744 706 auctoritate
774 662 910 704 nostri
943 661 1112 717 imperii
1145 660 1284 702 salvos
1316 665 1519 717 praestare
1551 671 1723 719 potera-

230 727 394 776 b-1nus3
427 734 534 774 tum,
556 736 656 763 cum
679 720 817 762 insula
842 719 974 761 Delos
1007 729 1096 759 tam
1130 719 1281 775 procul
1314 734 1339 760 a
1360 720 1554 761 nobissin
1577 719 1721 776 AEgeo

274 783 380 824 mari
405 781 560 838 posita,
583 794 837 835 quoromnes
860 777 1049 832 undique
1072 792 1172 818 cum
1193 777 1410 817 mercibus
1431 786 1562 832 atque
1581 777 1721 818 oneri-

275 841 355 881 bus
378 839 696 887 commeabant,
718 836 876 878 referta
897 835 1076 886 divitiis,
1100 849 1247 891 parva,
1270 835 1362 875 sine
1390 839 1514 876 muro'
1535 834 1643 876 nihil
1669 834 1724 875 ti-

273 899 444 950 1nebat3
476 896 605 937 iidem
628 910 716 936 non
737 894 868 936 modo
897 893 1149 950 provinciis,
1171 902 1302 947 atque
1323 892 1408 933 oris
1433 892 1574 934 Italiae
1594 891 1724 933 mari-

276 956 410 1006 timis,
441 969 490 995 ae
513 953 723 1010 portubus
743 951 916 1002 nostris,
935 950 1162 991 sedetiam
1181 949 1328 1006 Appia
1343 950 1438 1006 jam
1462 950 1533 992 via
1550 949 1725 992 careba-

276 1028 398 1054 mus:
441 1022 484 1053 et
520 1012 586 1052 his
623 1010 892 1066 temporibus
926 1023 1013 1049 non
1044 1008 1236 1063 pudebat
1263 1008 1542 1065 magistratus
1576 1007 1724 1064 popuii

280 1070 485 1120 Romani,
508 1070 551 1110 in
573 1069 690 1109 hunc
713 1068 854 1123 ipsum
877 1065 1022 1107 locum
1040 1067 1078 1099 67
1090 1066 1333 1117 escendere,
1365 1081 1460 1107 cum
1481 1080 1581 1107 eum
1602 1064 1725 1107 vobsis

278 1130 464 1184 majores
483 1127 614 1167 vestri
635 1125 804 1167 exuviis
828 1124 1013 1165 nauticis
1043 1132 1089 1165 et
1119 1123 1319 1164 classium
1347 1124 1495 1180 spoliis
1525 1132 1725 1166 ornatum

201 1181 567 1242 19reliquissent.
629 1183 755 1225 Bono
795 1192 837 1224 te
867 1182 1014 1223 animo
1048 1191 1156 1232 tum,
1191 1181 1248 1227 Q.
1279 1180 1509 1231 Hortensi,
1539 1180 1727 1237 populus

219 1254 268 1288 56
284 1244 522 1294 Romanus,
541 1251 586 1284 et
616 1251 796 1294 ceteros,
818 1240 893 1296 qui
925 1249 1048 1281 erant
1079 1239 1124 1280 in
1145 1240 1296 1280 eadem
1325 1239 1556 1290 sententia,
1584 1239 1727 1280 dicere

279 1301 549 1343 existimavit
569 1315 633 1351 ea,
654 1314 752 1356 quae
783 1298 1056 1339 sentiebatis:
1090 1297 1163 1338 sed
1197 1307 1341 1338 tamen
1368 1297 1413 1338 in
1444 1296 1581 1338 salute
1609 1310 1727 1338 com-

276 1359 400 1401 muni
423 1359 538 1400 idem
572 1358 756 1414 populus
779 1356 1006 1398 Romanus
1028 1355 1166 1397 doiori
1198 1370 1274 1396 suo
1308 1354 1476 1406 maluit,
1504 1362 1631 1410 quam
1653 1364 1728 1395 1111-

278 1417 473 1460 ctoritati
511 1425 665 1458 vestrae
701 1416 1015 1470 obtemperare.
1078 1413 1233 1468 Itaque
1266 1428 1352 1454 una
1387 1413 1473 1464 lex,
1508 1426 1620 1454 unus
1648 1412 1728 1462 vir,

278 1491 389 1517 unus
412 1490 563 1525 annus,
586 1488 674 1514 non
694 1473 826 1514 modo
845 1487 924 1512 nos
940 1471 1012 1512 illa
1031 1471 1203 1512 miseria
1221 1486 1272 1512 ac
1290 1468 1561 1528 turpitudine
1576 1470 1729 1511 libera—

283 1534 372 1586 vit3
405 1533 477 1574 sed
509 1533 640 1573 etiam
674 1530 834 1581 effecit,
863 1538 912 1570 ut
944 1528 1177 1584 aliquando
1200 1542 1298 1569 vere
1323 1528 1563 1570 videremur
1588 1528 1732 1569 omni-

221 1596 270 1634 57
286 1592 363 1633 bus
395 1591 597 1647 gentibus
619 1604 669 1630 ac
690 1587 940 1630 nationibus
974 1596 1087 1628 terra
1117 1585 1312 1641 marique
1340 1586 1566 1643 imperare.
1628 1585 1730 1631 Quo

281 1648 391 1691 mihi
409 1649 541 1690 etiam
563 1647 785 1703 indignius
803 1645 973 1686 videtur
989 1645 1281 1686 obtrectatum
1302 1658 1394 1685 esse
1412 1642 1569 1694 adhuc,
1585 1642 1731 1686 Gabi-

280 1708 355 1748 nio
377 1707 534 1757 dicam,
557 1720 667 1746 anne
686 1702 912 1759 Pompeio,
935 1717 989 1743 an
1009 1702 1205 1757 utrique?
1235 1701 1298 1755 (id
1321 1701 1437 1757 quod
1459 1708 1524 1742 est
1544 1700 1730 1751 veriusz)

279 1780 334 1806 ne
356 1764 570 1821 legaretur
590 1761 646 1803 A.
670 1761 886 1803 Gabinius
918 1759 1001 1801 Cn.
1023 1759 1236 1815 Pompeio
1260 1758 1485 1815 expetenti
1507 1773 1558 1800 ac
1582 1766 1732 1814 postu-

279 1822 402 1864 lanti.
463 1821 621 1862 Utrum
644 1820 728 1870 ille,
761 1819 835 1875 qui
857 1817 1048 1875 postulat
1069 1816 1260 1874 legatum
1284 1817 1337 1858 ad
1363 1826 1534 1858 tantum
1558 1815 1732 1866 bellum,

281 1895 411 1936 quem
443 1879 561 1930 velit,
586 1879 764 1919 idoneus
797 1891 883 1918 non
920 1885 999 1927 est,
1027 1876 1102 1932 qui
1135 1875 1354 1931 impetret,
1386 1889 1486 1916 cum
1511 1873 1644 1915 ceteri
1677 1874 1733 1914 ad

281 1938 538 1994 expilandos
557 1936 697 1978 socios
714 1934 1064 1991 diripiendasque
1081 1932 1342 1990 provincias,
1363 1947 1472 1989 quos
1489 1931 1732 1981 voluerunt,

278 1994 448 2052 legatos
471 1994 724 2046 eduxerint3
756 2008 811 2034 an
834 1992 940 2048 ipsc,
962 1992 1088 2047 cujus
1110 1990 1206 2048 lege
1228 1990 1339 2031 salus
1361 2006 1412 2032 ac
1441 1989 1632 2046 dignitas
1654 2003 1734 2046 po-

281 2053 385 2111 pulo
407 2052 608 2094 Romano
625 2061 755 2107 atque
771 2050 974 2092 omnibus
990 2049 1195 2105 gentibus
1215 2049 1458 2090 constituta
1476 2056 1558 2098 est,
1577 2061 1734 2103 expers

284 2126 376 2153 esse
398 2111 528 2152 debet
549 2110 699 2166 gloriae
723 2109 815 2164 ejus
839 2107 1110 2163 imperatoris
1132 2116 1263 2162 atque
1284 2106 1379 2162 ejus
1399 2104 1631 2154 exereitus,
1657 2104 1733 2160 qui

224 2174 274 2209 58
287 2169 470 2211 consilio
493 2169 627 2224 ipsius
650 2177 780 2222 atque
802 2165 996 2222 periculo
1017 2174 1084 2206 est
1103 2165 1394 2206 constitutus?
1424 2162 1494 2204 An
1518 2161 1571 2204 C.
1595 2161 1735 2203 Falci-

286 2228 399 2279 (11115,
431 2227 489 2274 Q.
524 2225 744 2275 Metellus,
786 2225 842 2270 Q.
879 2222 1049 2264 Coelius
1080 2222 1356 2272 Latiniensis,
1390 2220 1474 2263 Cn.
1511 2220 1736 2270 Lentulus,

286 2300 396 2341 quos
417 2298 566 2326 omnes
588 2283 765 2324 honoris
795 2296 925 2323 causa
956 2280 1136 2322 nomino
1158 2295 1257 2321 curn
1281 2280 1444 2321 tribuni
1467 2277 1605 2335 plebis
1629 2275 1739 2318 fuis-

287 2351 396 2394 sent,
419 2357 531 2384 anno
560 2341 763 2398 proximo
784 2339 917 2396 legati
940 2353 1032 2380 esse
1054 2348 1315 2395 potuerunt:
1349 2337 1394 2380 in
1418 2336 1504 2378 hoc
1532 2349 1620 2376 uno
1644 2334 1734 2376 Ga-

286 2401 408 2441 binio
443 2408 542 2440 sunt
573 2409 660 2440 tam
694 2398 940 2454 diligenteS,
962 2396 1036 2453 qui
1059 2397 1104 2438 in
1127 2395 1210 2438 hoc
1234 2395 1361 2446 bello,
1391 2393 1507 2450 quod
1529 2393 1625 2449 lege
1642 2392 1735 2434 Ga-

175 2481 206 2513 p.
227 2473 275 2501 15.
290 2458 409 2499 binia
429 2458 609 2515 geritur,
625 2458 668 2498 in
689 2456 774 2498 hoc
796 2457 1056 2512 imperatore
1074 2463 1205 2510 atque
1225 2453 1436 2505 exercitu,
1457 2464 1588 2508 quem
1607 2450 1648 2481 68
1660 2463 1736 2507 per

245 2524 274 2546 a.

331 2572 373 2603 66
394 2582 452 2603 nos
468 2582 602 2613 quoque,
618 2572 673 2612 qui
697 2570 772 2611 ἀφ]
819 2569 899 2601 Non
920 2568 991 2611 pla·
1033 2573 1134 2600 recte.

287 2619 340 2645 cet
356 2614 418 2646 hoc
433 2625 570 2655 quoqne.-
593 2624 660 2644 non
672 2614 758 2644 solet
771 2611 874 2644 talem
889 2613 991 2654 parti-
1077 2613 1117 2643 68
1134 2621 1198 2652 per
1209 2620 1243 2642 se
1260 2611 1327 2651 ipse
1347 2606 1530 2648 constitnit]
1549 2606 1621 2638 Per
1639 2616 1673 2638 se
1687 2605 1737 2637 in—

286 2657 398 2688 cnlam
412 2657 529 2688 addere
545 2657 660 2687 Cicero
672 2658 707 2686 in
722 2656 783 2687 tali
798 2656 904 2686 forma
917 2665 990 2687 ora·
1032 2653 1253 2695 telligendum
1267 2653 1307 2683 de
1319 2652 1391 2692 lege
1406 2652 1446 2682 ab
1459 2652 1529 2691 ipso
1544 2650 1623 2681 lata.
1646 2649 1736 2680 Grae-

284 2700 405 2730 tionis:
429 2705 520 2737 ante,
536 2710 604 2736 nos,
627 2709 765 2740 quorum
783 2697 991 2739 majores—«ii
1034 2697 1104 2728 vius
1130 2696 1220 2728 dedit
1244 2707 1262 2727 e
1286 2695 1388 2726 Codd.
1403 2692 1514 2724 VVerd.
1539 2692 1658 2724 culon.
1674 2701 1738 2731 per

284 2748 534 2782 —qootm-amus:
556 2752 625 2779 nos,
640 2740 992 2782 qzci——iidem-——Igitur
1033 2750 1100 2777 vos,
1115 2749 1161 2770 sc.
1175 2739 1248 2778 lege
1263 2748 1323 2769 sua
1336 2736 1535 2778 accipienda.
1564 2735 1638 2776 Ipse
1653 2734 1737 2764 bene

285 2784 462 2816 delendum
475 2795 544 2815 esse
560 2785 715 2816 arbitror.
1003 2814 1008 2819 ,
1033 2782 1190 2812 convenit
1203 2781 1307 2812 verbis
1315 2790 1379 2821 per
1393 2790 1436 2818 se,
1453 2784 1488 2810 at
1498 2787 1561 2819 per
1576 2788 1627 2808 vos
1643 2775 1737 2807 nuno

329 2827 369 2861 67
393 2827 576 2866 escendere]
601 2828 653 2857 Sic
666 2837 727 2868 pro
742 2826 915 2857 ascendere
931 2833 990 2856 vo-
1034 2825 1145 2861 modo,
1160 2828 1322 2865 essetque,
1335 2823 1362 2857 si
1370 2830 1435 2865 per
1446 2831 1500 2854 vos
1514 2829 1628 2859 verum
1638 2823 1737 2858 esset,

284 2868 350 2921 lruit
365 2869 460 2904 edere
475 2870 650 2909 Gruterus,
664 2874 706 2903 ut
726 2869 806 2901 fecit
828 2869 988 2904 Graevius.
1033 2866 1222 2900 delendum.
1306 2914 1323 2930 ο
