1907 3231
279 127 331 171 63
872 136 1129 177 ORATIO

280 237 460 279 fundum
482 239 627 281 venire
647 241 968 283 arbitrarentur.
1013 243 1132 291 Quid
1148 243 1502 300 praetereacaelati
1524 243 1718 300 argenti?

279 295 382 350 quid
402 296 602 361 stragulae
622 298 779 340 vestis?
807 299 911 354 quid
935 300 1147 356 pictarum
1167 302 1434 344 tabularum?
1455 301 1557 357 quid
1573 301 1720 358 signo-

284 365 375 393 rum
396 355 410 395 ?
439 354 541 409 quid
562 357 783 397 marmoris
802 356 915 413 apud
939 357 1057 399 illum
1081 359 1241 414 putatis
1262 361 1382 401 esse?
1413 367 1581 400 tantum
1604 357 1719 400 scili-

175 409 367 460 1’·⁴¹·cet,
388 421 596 466 quantum
618 426 642 453 e
663 413 808 453 multis
831 413 1148 469 splendidisque
1180 415 1352 456 familiis
1377 415 1419 457 in
1443 416 1569 456 turba
1589 425 1633 456 et
1653 428 1721 455 ra-

241 459 270 479 δ’
285 467 396 523 pinis
415 470 656 510 coacervari
676 484 761 510 una
784 471 825 510 iu
849 471 979 512 domo
1001 472 1158 527 potuit.
1219 472 1444 514 Familiam
1464 486 1563 513 vero
1585 485 1722 528 quan-

285 534 387 575 tam,
409 534 451 565 et
473 540 602 580 quam
627 526 752 567 variis
775 542 873 569 cum
904 528 1097 570 artificiis
1130 529 1299 580 habeat,
1323 530 1425 584 quid
1447 544 1530 585 ego
1552 529 1720 571 dicam?

199 588 271 622 134
287 580 422 623 Mitto
453 582 579 623 hasce
611 592 722 624 artes
761 583 970 640 vulgares,
1010 599 1186 641 coquos,
1228 586 1424 641 pistores,
1463 586 1718 628 lecticarios.

284 639 414 680 animi
448 649 490 679 et
519 641 685 680 aurium
717 655 845 681 causa
872 650 937 681 tot
970 642 1164 683 homines
1189 642 1334 693 habet,
1377 653 1425 684 ut
1465 643 1718 698 quotidiano

282 706 411 737 cantu
444 711 612 746 vocum,
640 706 683 738 et
709 712 952 749 nervorum,
972 708 1018 740 et
1050 699 1270 750 tibiarum,
1291 701 1598 755 nocturnisque
1616 714 1721 742 con-

284 753 408 793 viviis
444 762 535 794 tota
568 754 766 796 vicinitas
800 765 1013 811 personet.
1078 756 1128 797 ln
1163 756 1242 798 liae
1276 756 1377 808 vita,
1400 756 1585 812 judices,
1613 771 1725 812 quos

283 820 447 850 sumtus
478 811 768 865 quotidianos,
788 827 893 867 quas
915 813 1145 855 effusiones
1168 814 1258 855 fieri
1282 814 1474 870 putatis?
1502 828 1598 869 quae
1620 827 1720 854 vero

283 868 508 909 convivia?
539 868 732 920 honesta,
751 870 893 921 credo,
917 871 960 912 in
981 871 1196 926 ejusmodi
1218 871 1369 912 domo:
1394 871 1428 911 si
1451 871 1603 912 domus
1625 871 1722 912 haec

282 923 483 966 habenda
510 935 575 966 est
601 927 759 981 potiuS‚
788 942 916 982 quam
935 929 1110 969 officina
1143 928 1346 983 nequitiae
1377 937 1421 969 et
1441 927 1724 969 diversorium

203 977 272 1014 135
287 981 549 1038 flagitiorum
582 984 789 1024 omnium.
854 984 951 1039 lpse
973 999 1073 1026 vero
1095 985 1457 1040 quemadmodum
1479 986 1723 1041 composito

285 1049 329 1080 et
349 1038 543 1080 delibuto
565 1040 720 1096 capillo
739 1041 896 1096 passim
921 1057 995 1098 per
1018 1041 1157 1083 forum
1184 1043 1334 1084 volitet
1350 1057 1450 1084 cum
1471 1056 1631 1099 magna
1651 1056 1723 1084 ca-

285 1106 405 1137 terva
448 1107 708 1153 togatorum,
757 1098 926 1150 videtis,
977 1098 1210 1154 89judices.
1271 1099 1414 1140 Etiam
1455 1099 1625 1151 videtis,
1675 1107 1725 1140 ut

285 1167 433 1194 ornnes
466 1154 691 1209 despiciat,
722 1163 770 1196 ut
803 1154 1023 1197 homiuem
1057 1171 1144 1213 prae
1167 1162 1217 1197 'se
1246 1157 1462 1198 neminem
1496 1165 1644 1212 putet3
1674 1166 1724 1198 ut

285 1225 328 1251 se
360 1211 495 1251 solum
531 1212 719 1262 beatum,
753 1211 890 1254 solum
925 1223 1146 1270 potentem
1173 1223 1314 1270 putet.
1375 1214 1486 1260 Quae
1511 1228 1610 1255 vero
1631 1213 1725 1254 effi-

285 1269 385 1319 ciat,
407 1277 450 1309 et
470 1283 568 1323 quae
590 1279 784 1321 conetur,
808 1271 841 1310 si
858 1271 985 1312 velim
1003 1284 1354 1320 commemorare,
1368 1270 1724 1326 vereor,JudiceS,

285 1339 338 1366 ire
357 1326 454 1381 quis
486 1326 726 1382 imperitior
754 1328 989 1380 existimet,
1012 1343 1081 1369 me
1104 1343 1287 1370 causam
1318 1328 1557 1370 nobilitatis
1587 1328 1726 1369 victo-

285 1383 476 1438 riamque
499 1384 682 1425 voluisse
705 1384 882 1427 laedere:
915 1387 1084 1426 tametsi
1110 1400 1204 1426 meo
1219 1385 1319 1441 jure
1342 1400 1539 1441 possum,
1562 1385 1597 1426 si
1618 1384 1737 1440 quid*

286 1440 329 1480 in
364 1440 443 1482 hac
486 1451 606 1497 parte
640 1441 746 1482 milii
789 1455 874 1483 non
916 1443 1105 1499 placeat,
1139 1443 1396 1498 vituperare.
1465 1442 1567 1484 Non
1608 1442 1725 1483 enirn

289 1507 450 1549 vereor,
474 1513 528 1539 ne
549 1499 645 1554 quis
667 1500 852 1541 alienum
874 1515 942 1541 me
965 1501 1157 1542 animum
1180 1500 1380 1541 habuisse
1402 1506 1428 1540 'a
1448 1514 1577 1542 causa
1597 1499 1724 1541 nobi-

203 1547 272 1602 47
289 1553 420 1596 litatis
448 1556 682 1597 existimet.
744 1558 897 1599 Sciunt
938 1557 983 1608 ii,
1018 1558 1091 1614 qui
1123 1572 1191 1598 me
1222 1566 1395 1608 norunt,
1428 1571 1512 1609 me,
1542 1571 1620 1614 pro
1653 1555 1726 1598 illa

203 1620 276 1653 136
291 1613 406 1653 tenui
431 1613 684 1669 infirmaque
704 1624 837 1670 parte,
857 1624 1137 1670 posteaquam
1156 1615 1214 1665 id,
1236 1615 1351 1670 quod
1373 1615 1563 1656 maxime
1594 1613 1732 1664 volui„

288 1669 380 1710 fieri
402 1685 488 1711 non
512 1672 668 1727 potuit,
689 1682 735 1713 ut
757 1682 1111 1728 componeretur3
1143 1672 1185 1713 id
1207 1676 1248 1707 90
1261 1672 1450 1713 maxime
1470 1671 1727 1722 defendisse,

287 1736 337 1768 ut
360 1727 387 1768 ii
412 1728 647 1779 vincerent,
676 1730 749 1785 qui
775 1729 985 1771 vicerunt.
1048 1729 1159 1776 Quis
1189 1729 1303 1770 enim
1327 1739 1432 1780 erat,
1455 1728 1530 1784 qui
1551 1743 1641 1770 non
1661 1728 1727 1770 vi-

287 1785 420 1835 deret,
452 1785 740 1827 humilitatem
773 1801 872 1827 cum
905 1787 1120 1843 dignitate
1150 1786 1203 1828 de
1235 1786 1518 1842 amplitudine
1548 1794 1729 1828 conten·-

287 1842 412 1884 dere?
441 1857 528 1897 quo
559 1843 602 1883 in
635 1844 869 1885 certamine
900 1844 1056 1900 perditi
1089 1843 1196 1885 civis
1229 1852 1335 1895 erat,
1365 1857 1452 1885 non
1485 1857 1530 1884 se
1561 1843 1616 1885 ad
1652 1856 1726 1884 eos

281 1898 480 1955 jungere,
502 1900 658 1955 quibus
678 1901 966 1943 incolumibus
985 1911 1028 1942 et
1041 1901 1158 1942 domi
1180 1901 1370 1958 dignitas
1389 1909 1432 1942 et
1450 1899 1555 1942 foris
1576 1908 1727 1942 aucto-

288 1956 390 1997 ritas
424 1957 692 1999 retineretur.
753 1959 864 2004 Quae
896 1958 1087 2015 perfecta
1115 1973 1221 2009 esse,
1253 1972 1296 1999 et
1318 1973 1442 1999 suum
1472 1958 1629 2013 cuique
1649 1956 1729 1999 ho-

288 2024 435 2054 norem
455 2026 498 2055 et
520 2015 700 2070 gradum
722 2017 951 2067 redditum,
974 2016 1156 2071 gaudeo,
1169 2015 1356 2070 judices,
1371 2015 1729 2069 vehementerque

289 2070 436 2113 laetor:
468 2086 601 2126 eaque
635 2074 781 2113 omnia
802 2074 979 2114 deorum
1017 2073 1250 2124 voluntate,
1280 2072 1424 2114 studio
1454 2072 1603 2129 populi
1637 2071 1735 2112 Ro-

291 2129 422 2179 mani,
452 2128 648 2180 consilio,
671 2143 712 2170 et
735 2131 930 2186 imperio,
953 2140 997 2172 et
1018 2129 1224 2171 felicitate
1247 2130 1298 2171 L.
1319 2129 1464 2181 Sullae,
1485 2139 1608 2186 gesta
1636 2142 1729 2170 esse

207 2183 278 2220 137
294 2185 504 2241 intelligo.
563 2186 694 2232 Quod
717 2188 1060 2228 animadversum
1082 2197 1147 2228 est
1171 2188 1214 2228 in
1235 2201 1324 2239 eos,
1344 2187 1418 2242 qui
1441 2196 1592 2228 contra
1609 2186 1732 2228 omni

250 2231 278 2261 b.
291 2244 455 2284 ratione
474 2254 746 2299 pugnarunt3
778 2259 863 2285 non
885 2245 1021 2286 debeo
1040 2244 1362 2300 reprehendere.
1380 2243 1497 2299 quod
1519 2244 1620 2284 viris
1643 2242 1732 2284 for-

291 2295 421 2352 tibus,
452 2315 635 2355 quorum
659 2316 790 2357 opera
809 2302 971 2343 eximia
1001 2302 1044 2342 in
1075 2303 1201 2343 rebus
1224 2301 1421 2358 gerendis
1443 2301 1628 2352 exstitit,
1649 2300 1729 2342 ho-

290 2371 369 2397 nos
387 2357 562 2398 habitus
580 2368 671 2410 est,
701 2358 843 2400 laudo.
904 2360 1015 2406 Quae
1039 2368 1087 2400 ut
1108 2359 1273 2409 fierent,
1296 2358 1456 2400 idcirco
1487 2367 1730 2414 pugnatum

290 2427 381 2455 esse
404 2415 601 2467 arbitror,
633 2430 787 2471 meque
815 2417 857 2458 in
891 2431 942 2457 eo
961 2417 1104 2457 studio
1134 2416 1320 2472 partium
1349 2415 1481 2457 fuisse
1501 2414 1727 2456 confiteor.

292 2471 367 2512 sin
403 2481 546 2513 autem
580 2472 622 2513 id
645 2483 790 2514 actum
812 2483 890 2524 est,
920 2483 963 2514 et
994 2474 1155 2515 idcirco
1188 2487 1306 2514 arma
1338 2481 1508 2528 sumpta
1538 2481 1652 2523 sunt,
1682 2480 1732 2512 ut

288 2527 486 2570 homines
509 2531 714 2585 postremi
735 2531 927 2586 pecuniis
946 2530 1094 2572 alienis
1113 2529 1489 2586 locupletarentur,
1510 2538 1555 2570 et
1575 2530 1620 2570 in
1642 2528 1729 2570 for-

292 2594 415 2626 tunas
447 2587 784 2643 uuiuscujusque
815 2588 1025 2644 impetum
1055 2587 1259 2638 facerent,
1281 2597 1324 2628 et
1351 2587 1394 2628 id
1416 2601 1503 2627 non
1532 2585 1662 2628 modo
1685 2598 1730 2626 re

332 2751 374 2782 89
387 2746 527 2788 judices.
573 2748 692 2780 Etiam
715 2750 842 2786 videtis,
864 2755 902 2781 ut
924 2760 990 2781 om·
1033 2751 1135 2781 etiam
1148 2751 1275 2788 videtis,
1290 2753 1424 2781 auctore
1437 2750 1473 2780 P.
1487 2749 1653 2780 Manutio.

290 2800 347 2821 nes
359 2789 406 2829 d.]
433 2792 485 2821 Sic
497 2790 568 2821 edd.
585 2801 633 2830 pr.
654 2792 754 2822 etiam
776 2792 848 2823 ΑΜ.
864 2792 990 2824 Victor.
1075 2796 1117 2827 90
1139 2794 1283 2824 maa-ime
1295 2792 1485 2832 defendisse]
1510 2801 1579 2822 non
1593 2790 1733 2830 agendo,

294 2833 356 2865 ΜΞ.
387 2832 499 2863 Franc.
521 2832 606 2871 quod
628 2833 709 2864 bene
732 2835 876 2864 restituit
900 2836 990 2866 Grae-
1032 2835 1223 2876 pugnand0‚
1236 2836 1349 2874 armis,
1359 2835 1415 2867 sed
1427 2835 1536 2876 palam
1551 2832 1733 2876 probando,

293 2877 379 2905 vius:
404 2875 449 2905 sic
471 2883 503 2905 ox
519 2875 584 2906 Ms.
606 2876 645 2905 G.
670 2876 806 2915 Vulgata
826 2878 990 2909 omittunt
1034 2877 1179 2919 optando
1196 2879 1256 2910 &c-
1738 2882 1741 2885 ⁴
