1907 3231
330 112 410 151 570
873 109 940 148 IN
963 109 1238 148 VERREM

336 225 433 262 mc,
455 224 559 253 xxx
588 211 721 254 millia
740 210 864 264 lucri,
888 213 1032 254 statim
1060 229 1135 255 sua
1156 214 1377 255 voluntate
1397 212 1550 255 civitas
1573 213 1762 267 adderet,

334 268 420 309 hoc
437 278 516 320 est,
538 269 669 311 tritici
692 269 958 311 medimnum
983 285 1020 311 11
1044 271 1206 313 millia?
1237 286 1306 321 an,
1330 285 1429 311 cum
1451 285 1610 326 magno
1631 272 1762 312 decu-

273 328 323 363 85
337 339 427 366 mas
452 327 726 378 vendidisses,
751 337 791 367 te
806 328 1066 382 expressisse
1083 329 1137 368 ab
1160 328 1306 369 invitis
1325 328 1630 383 Liparensibus
1650 327 1764 369 hanc

337 383 590 438 pecuniam?
623 384 706 425 Sed
725 383 828 439 quid
854 398 936 438 ego
966 398 1019 424 ex
1044 394 1085 424 te
1106 400 1268 439 quaero,
1290 385 1394 439 quid
1417 384 1667 425 defensurus
1690 385 1763 435 sis,

366 440 493 491 otius,
516 456 644 495 quam
666 454 926 495 cognoscam
948 455 1002 481 ex
1034 440 1128 496 ipsa
1147 442 1338 492 civitate,
1359 442 1463 496 quid
1486 451 1655 497 gestum
1679 441 1734 482 sit
1749 444 1783 483 3⁴

334 453 493 537 Recita
520 497 814 538 testimonium
846 497 1067 552 publicum
1103 495 1414 553 Liparensium,
1437 499 1592 539 deinde
1614 512 1764 554 quem-

334 554 565 594 admodum
591 554 789 594 Valentio
812 553 975 593 nummi
1009 554 1095 594 sint
1115 554 1218 596 dati.
1251 568 1609 597 TEsanonM
1647 568 1764 596 PUB-

340 623 514 661 Lich,
558 624 804 661 QUOMODO
852 623 1082 652 soLUTUM
1136 625 1227 662 SlT,
1272 626 1335 652 Ex
1381 626 1607 653 LITTERIS
1649 626 1766 654 PUB-

338 680 486 708 Llcrs.
548 665 747 708 Etiamne
788 667 882 708 haec
923 677 1009 708 tam
1049 683 1181 723 parva
1214 667 1381 719 civitas,
1424 678 1510 710 tam
1554 669 1720 725 procul
1740 685 1766 710 a

334 725 534 764 manibus
558 725 642 765 tuis
664 734 792 779 atque
814 739 839 764 a
868 735 1103 781 conspectu
1135 734 1314 776 remota,
1341 725 1535 780 sejuncta
1556 742 1581 767 a
1602 725 1764 776 Sicilia,

336 781 378 820 in
399 780 537 821 insula
558 780 720 822 inculta
741 781 944 836 tenuique
963 782 1118 837 posita,
1132 782 1349 823 cumulata
1369 782 1460 823 aliis
1484 784 1568 824 tuis
1591 783 1766 838 majori·

336 838 416 878 bus
436 837 618 892 injuriis,
641 839 684 879 in
708 839 789 879 1100
812 854 983 894 quoque
1005 839 1285 880 frumentario
1308 854 1477 895 genere,
1501 840 1658 895 praedae
1683 840 1764 881 tibi

338 904 382 935 et
410 895 594 949 quaestui
627 896 739 937 fuit?
770 911 898 950 quam
934 907 978 937 tu
1010 906 1145 937 totam
1177 897 1359 938 insulam
1389 896 1560 937 cuidam
1594 907 1767 938 tuorum

337 951 563 1003 sodalium,
596 953 706 993 sicut
735 952 909 1007 aliquod
940 953 1254 1005 munusculum,
1285 954 1577 1005 condonaras;
1608 953 1766 999 abhac

337 1009 468 1049 etiam
502 1009 596 1050 haec
631 1009 913 1051 frumentaria
947 1010 1078 1062 lucra,
1113 1020 1333 1067 tamquam
1365 1027 1391 1052 a
1429 1011 1765 1062 mediterraneis,

338 1066 652 1121 exigebantur?
677 1066 828 1122 Itaque
845 1067 919 1122 qui
942 1076 1007 1108 tot
1028 1068 1150 1108 annis
1171 1068 1330 1124 agellos
1353 1083 1450 1109 suos
1473 1076 1572 1108 ante
1595 1077 1636 1109 te
1657 1082 1768 1124 prae-

341 1132 477 1163 torem
500 1123 705 1164 redimere
728 1139 752 1164 a
775 1123 922 1180 piratis
954 1124 1163 1176 solebant,
1186 1126 1317 1166 iidem
1339 1126 1500 1181 seipsos
1521 1140 1547 1165 a
1567 1135 1609 1166 te
1629 1124 1766 1181 pretio

255 1167 327 1215 38
340 1180 542 1235 imposito
559 1181 844 1222 redemerunt.
905 1182 1024 1228 Quid
1043 1186 1172 1238 ergo?
1205 1198 1230 1224 a
1249 1182 1534 1233 Tissensibus,
1557 1197 1766 1238 perparva

275 1239 327 1273 86
340 1246 382 1278 et
405 1238 521 1278 tenui
552 1238 742 1289 civitate,
766 1239 839 1280 sed
870 1240 1109 1280 aratoribus
1140 1239 1499 1290 laboriosissimis,
1531 1239 1750 1295 frugalissi‘

337 1295 505 1349 misque
525 1294 789 1347 hominibus,
811 1311 953 1337 nonne
975 1296 1084 1352 plus,
1103 1297 1209 1338 lucri
1223 1298 1412 1347 nomine,
1433 1296 1769 1352 eripitur,quam

336 1360 549 1407 quantum
571 1352 774 1393 frumenti
797 1354 974 1394 omnino
997 1357 1252 1395 exararant?
1285 1354 1337 1395 ad
1360 1369 1467 1409 quos
1491 1364 1535 1394 tu
1566 1354 1767 1395 decuma⁴

337 1423 442 1449 num
467 1408 740 1465 Diognotum
760 1410 993 1452 Venerium
1012 1412 1182 1463 misisti,
1197 1426 1357 1452 novum
1381 1426 1515 1467 genus
1534 1410 1769 1467 publicani,

341 1465 430 1507 Cur
451 1466 534 1507 1100
557 1476 730 1508 auctore
751 1482 837 1508 non
862 1468 1016 1509 Romae
1035 1483 1206 1523 quoque
1234 1469 1342 1510 servi
1366 1468 1528 1524 publici
1551 1468 1604 1509 ad
1635 1468 1775 1509 vecti«

204 1525 324 1567 p.167.
339 1523 454 1579 galia
482 1525 717 1566 accedant?
759 1524 888 1566 Anno
925 1526 1111 1567 secundo
1145 1525 1363 1567 Tissenses
1399 1525 1498 1566 H-S
1535 1538 1625 1566 xxx
1662 1524 1767 1565 lucri

296 1578 438 1622 ⁸³·dare
467 1591 682 1637 coguntur
718 1582 859 1633 inviti,
891 1583 1017 1623 tertio
1047 1597 1160 1623 anno
1194 1595 1270 1624 cro
1291 1597 1367 1624 cro
1391 1596 1467 1624 cro
1502 1581 1770 1623 medimnum

335 1638 484 1688 tritici,
507 1638 612 1680 lucri
629 1638 854 1695 Diognoto
879 1640 1063 1681 Venerio
1085 1640 1185 1680 dare
1207 1640 1346 1681 coacti
1370 1648 1483 1680 sunt.
1546 1638 1635 1681 Hic
1659 1638 1771 1680 Dio-⁴

336 1703 509 1750 gnotuS,
533 1696 605 1750 qui
629 1711 682 1737 ex
717 1696 899 1751 publicis
923 1697 1208 1753 vectigalibus
1230 1700 1270 1728 80
1284 1706 1403 1738 tanta
1424 1696 1543 1738 lucra
1564 1696 1684 1747 facit,
1707 1696 1770 1736 vi-

336 1752 498 1792 carium
532 1753 695 1793 nullum
734 1754 876 1804 habet,
911 1753 1018 1794 nihil
1056 1754 1232 1794 omnino
1274 1754 1446 1810 peculii.
1507 1754 1597 1795 Vos
1638 1753 1770 1794 etiam

336 1822 450 1849 nunc
475 1809 684 1860 dubitate,
715 1811 749 1850 si
782 1811 975 1866 potestis,
999 1820 1143 1852 utrum
1178 1820 1345 1852 tantuin
1376 1826 1602 1852 numerum
1638 1809 1770 1852 tritici

303 1865 546 1925 ‘Venerius
580 1868 798 1922 apparitor
831 1868 952 1908 istius
978 1868 1057 1909 sibi
1093 1869 1321 1924 acceperit,
1351 1884 1405 1909 an
1439 1868 1540 1909 huic
1562 1867 1770 1924 exegerit.

275 1913 317 1952 31
338 1921 482 1977 Atque
504 1923 598 1964 haec
628 1939 683 1965 ex
714 1925 889 1980 publico
922 1925 1186 1966 Tissensium
1220 1925 1469 1966 testimonio
1499 1925 1771 1981 cognoscite.

336 1994 696 2022 TESTIMONIUM
724 1996 978 2023 PUBLICUM
1005 1996 1327 2024 TissENsmM.
1368 1981 1771 2036 Obscure,judices‚

333 2047 496 2093 praetor
522 2038 612 2093 ipse
634 2039 897 2080 decumanus
928 2051 1006 2091 est,
1031 2055 1130 2081 cum
1160 2040 1253 2095 ejus
1286 2040 1550 2096 apparitores
1582 2040 1771 2080 frumen·

335 2104 428 2134 tum
451 2110 476 2134 a
493 2095 743 2136 civitatibus
766 2097 960 2152 exigant,
979 2098 1180 2153 pecunias
1196 2098 1421 2153 imperent,
1433 2097 1652 2152 aliquanto
1676 2096 1771 2151 plus

334 2151 416 2206 ipsi
450 2151 555 2192 lucri
585 2152 795 2205 auferant,
817 2169 946 2208 quam
977 2164 1186 2209 quantum
1218 2154 1378 2210 populo
1413 2154 1612 2194 Romano
1643 2153 1772 2194 decu·

335 2221 503 2249 marum
537 2210 711 2250 nomine
743 2211 883 2252 daturi
911 2214 1033 2253 sunt?
1068 2211 1179 2252 Haec
1211 2211 1390 2266 aequitas
1413 2211 1455 2251 in
1480 2220 1554 2251 tuo
1589 2211 1769 2266 imperio

336 2264 435 2316 fuit,
457 2266 551 2308 haec
576 2268 771 2322 praetoris
804 2268 1009 2324 dignitas,
1032 2278 1079 2309 ut
1112 2283 1255 2309 servos
1289 2268 1495 2308 Venerios
1530 2267 1772 2308 Siculorum

336 2322 537 2364 dominos
560 2339 651 2364 esse
675 2324 815 2365 velles.
830 2325 901 2366 hic
923 2325 1128 2376 delectus,
1144 2325 1230 2366 hoc
1249 2325 1493 2375 discrimen,
1515 2335 1555 2365 te
1572 2333 1772 2380 praetore,

341 2378 438 2430 fuit,
461 2389 509 2420 ut
530 2390 718 2422 aratores
741 2382 784 2423 in
807 2397 1027 2423 servornm
1057 2397 1234 2423 numero
1255 2391 1409 2433 essent,
1432 2382 1541 2422 servi
1565 2382 1607 2422 in
1631 2381 1774 2436 publi-

255 2426 329 2480 39
341 2451 560 2478 canorum.
623 2439 770 2485 Quid?
799 2439 1079 2480 Amestratini
1103 2440 1263 2491 miseri,
1285 2439 1499 2495 impositis
1521 2438 1581 2478 ita
1602 2438 1772 2494 magnis

276 2497 326 2531 88
339 2493 545 2545 decumis,
570 2503 618 2535 ut
638 2496 742 2551 ipsis
765 2497 915 2552 reliqui
939 2497 1046 2538 nihil
1065 2497 1199 2547 fieret,
1221 2511 1366 2537 nonne
1384 2505 1526 2536 tamen
1549 2509 1774 2537 numerare

339 2552 545 2606 pecunias
567 2553 706 2594 coacti
731 2556 855 2595 sunt?
886 2553 1161 2595 Addicuntur
1182 2555 1376 2595 decumae
1399 2552 1467 2593 M.
1492 2551 1650 2602 Caesio,
1673 2567 1774 2596 cum

338 2608 536 2649 adessent
558 2609 687 2665 legati
711 2609 1008 2652 Amestratini.
1040 2612 1186 2652 statim
1209 2611 1380 2666 cogitur
1404 2609 1633 2652 Heraclius
1656 2609 1774 2665 lega-'—

340 2673 406 2707 tus
438 2679 662 2707 munerare
699 2667 799 2709 H-S
834 2682 964 2709 xxm.
1039 2668 1157 2715 Quid
1198 2668 1281 2709 hoc
1314 2669 1402 2708 est?
1451 2681 1548 2721 quae
1591 2675 1656 2707 est
1691 2667 1775 2707 ista

376 2807 416 2835 80
439 2809 535 2835 tanta
551 2806 818 2846 lucra-facit—n.
834 2807 943 2846 habet]
969 2807 1032 2839 Le·
1073 2808 1281 2850 praeteritum
1296 2812 1441 2849 tempus,
1457 2808 1552 2838 habet
1565 2806 1606 2839 ad
1620 2814 1776 2847 praeseuS.

337 2847 480 2886 gendum
504 2853 554 2879 est
562 2848 668 2892 sec-it.
711 2849 867 2882 Refertur
889 2851 975 2882 enim
992 2850 1030 2881 ad
