1907 3231
549 146 666 184 PRO
693 147 738 187 Q.
765 146 982 186 ROSCIO
1010 149 1293 189 COMOEDO.
1595 157 1647 196 87

210 249 338 291 ritate
357 249 679 306 restipularetur
699 266 724 292 a
746 251 911 293 Fannio
936 251 1178 309 diligenter,
1198 263 1260 305 ut,
1283 255 1398 311 quod
1419 257 1454 296 is
1476 258 1646 314 exegis-

211 316 275 347 set
304 321 329 347 a
360 307 523 358 Flavio,
545 308 767 349 dimidiam
800 318 966 365 partem
998 311 1078 351 sibi
1110 311 1385 354 dissolveret:
1419 314 1644 368 siquidem,

211 364 301 404 sine
331 364 531 405 cautione
562 374 605 405 et
634 367 979 422 repromissione,
1001 367 1279 410 nihilominus
1302 369 1345 410 id
1369 369 1556 414 Fannius
1573 388 1645 414 so·
1657 371 1690 422 ὓς

207 421 368 472 cietati,
391 421 473 463 hoc
494 431 573 473 est,
597 422 759 463 Roscio
781 424 994 468 debebat?

640 494 942 538 Desiderantur
962 512 1044 538 non
1057 513 1210 553 pauca.

492 693 563 740 M.
601 691 874 742 TULLII
912 694 1361 743 CICERONIS

920 799 949 827 v

394 875 486 954 Q..
585 874 1507 980 CAECILIUM

734 992 1121 1060 ORATIO,

891 1109 954 1136 DE

218 1183 628 1227 ACCUSATORE
652 1184 720 1226 IN
744 1184 797 1227 C.
821 1185 1087 1228 VERREM
1113 1186 1614 1241 CONSTITUENDO,

862 1290 970 1327 915AE

575 1364 1254 1432 DIVINATIO

805 1489 1029 1517 DICITUR.

642 1575 879 1618 ORATIO
912 1568 1182 1623 QUARTA.

783 1686 1064 1707 ,4.-

592 1760 986 1798 ARGUMENTUM
1011 1755 1236 1800 ASCONII.

193 1836 257 1873 Cn.
290 1837 463 1884 Pompeio
489 1837 648 1884 primu-m
671 1840 707 1871 et
730 1835 785 1872 M.
809 1836 935 1871 Crasso
966 1835 1061 1872 Coss.
1083 1836 1120 1872 C.
1146 1835 1270 1872 Verres
1296 1835 1510 1886 perfunctus
1538 1851 1633 1887 quc&

241 1893 357 1931 stura,
379 1889 570 1936 legatione,
590 1893 625 1924 et
643 1893 804 1937 praetura
821 1888 972 1930 urbana,
991 1890 1071 1924 vivo
1093 1893 1203 1936 patre
1223 1889 1261 1926 C.
1285 1889 1404 1932 Verre,
1424 1894 1460 1925 et
1478 1896 1633 1939 praetex-

244 1946 322 1978 tato
330 1941 430 1991 fili0,
450 1954 493 1977 ac
505 1941 594 1991 filia
611 1945 738 1989 nupta,
757 1953 903 1976 uxorem
922 1940 1065 1983 hahens,
1085 1953 1164 1976 cum
1191 1943 1412 1978 successisset
1437 1944 1476 1978 in
1504 1943 1635 1984 Sicilia

244 1994 282 2031 C.
303 1993 494 2030 Sacerdoti
516 1995 679 2042 praetori,
700 2005 848 2041 eamque
873 2005 945 2029 non
972 1994 1041 2029 sibi
1067 1995 1273 2030 succedente
1295 1997 1406 2030 Arrio
1427 2007 1494 2043 per
1522 1997 1633 2032 trien-

241 2049 342 2082 nium
368 2048 550 2088 tenuisset,
574 2051 683 2093 atque
710 2047 746 2081 in
770 2058 813 2082 ea
830 2044 967 2094 fuisset
993 2046 1192 2088 libidinose,
1225 2059 1346 2089 avare,
1371 2048 1634 2097 crudeliterque

239 2104 412 2139 versatus,
431 2100 638 2135 succedente
656 2099 801 2134 tandem
818 2099 856 2134 in
873 2099 997 2134 eadem
1007 2100 1198 2146 provincia
1217 2099 1262 2134 L.
1283 2099 1448 2141 Metello,
1466 2105 1633 2148 repetun-

241 2152 371 2187 <larum
389 2164 469 2187 reus
497 2152 540 2187 ab
564 2150 697 2186 Siculis
721 2151 928 2198 postulatus
946 2155 1021 2187 est:
1052 2152 1113 2198 qui
1132 2163 1263 2193 ornnes,
1279 2156 1413 2199 praeter
1431 2152 1632 2199 Syracusa-

238 2215 304 2239 nos
328 2209 362 2240 et
381 2204 634 2245 Mamertinos,
655 2203 708 2240 M.
735 2203 904 2245 Tullium,
925 2203 990 2239 illo
1015 2208 1173 2251 tempore
1189 2204 1386 2253 florentem
1414 2203 1632 2253 defensioni-

239 2256 301 2291 bus
319 2258 530 2298 amicorum,
550 2257 599 2292 ad
616 2256 856 2292 accusandum
879 2256 1087 2291 descendere
1104 2257 1365 2304 compulerunt,
1380 2254 1464 2302 jam
1488 2258 1631 2305 pridem

237 2308 312 2344 illis
330 2310 588 2345 necessitudine
605 2308 825 2356 copulatu-m,
845 2309 940 2355 quod
957 2313 1112 2356 quaestor
1129 2310 1168 2343 in
1186 2308 1316 2344 Sicilia
1321 2307 1460 2357 fuisset
1473 2314 1631 2356 praetore

238 2360 319 2397 Sex.
341 2362 518 2404 Peduceo,
538 2365 572 2396 et
599 2362 707 2409 quod,
727 2372 806 2396 cum
825 2361 1019 2402 decederet,
1039 2361 1076 2396 in
1102 2361 1171 2396 illa
1196 2362 1372 2403 oratione,
1398 2360 1507 2408 quam
1525 2361 1630 2409 Lily-

237 2413 304 2448 baei
320 2413 459 2456 habuit,
478 2414 595 2449 multa
611 2415 656 2449 iis
675 2413 823 2460 benigne
839 2414 1070 2460 promisisset.
1098 2413 1257 2448 Accessit
1275 2413 1343 2455 his,
1362 2425 1434 2452 non
1459 2414 1630 2460 ignobilis

225 2464 364 2515 futura
382 2467 425 2502 de
447 2466 554 2501 Verre
571 2467 737 2508 victoria,
758 2466 846 2513 quia
863 2478 886 2501 a
904 2464 1076 2507 Metellis,
1097 2464 1336 2512 Scipionibus,
1349 2469 1383 2500 et
1402 2466 1526 2501 multis
1544 2467 1629 2503 aliis

235 2518 412 2554 nobilibus
428 2520 528 2560 viris,
544 2522 579 2553 et
593 2519 774 2566 praecipue
793 2518 836 2553 ab
854 2517 1048 2558 Hortensio
1067 2519 1144 2565 ipso
1163 2516 1414 2566 defenderetur
1420 2532 1434 2557 ;
1453 2516 1576 2566 facile
1592 2523 1628 2555 et

231 2571 399 2619 principe
427 2572 463 2606 in
487 2575 615 2606 senatu
641 2575 794 2619 propter
816 2570 1055 2611 nobilitatem,
1074 2573 1110 2604 et
1132 2571 1170 2606 in
1190 2569 1282 2619 foro
1313 2570 1355 2605 ob
1381 2570 1627 2617 eloquentiam

233 2633 318 2669 rege
341 2635 543 2665 causarum,
568 2627 604 2659 et
630 2624 752 2659 eodem
778 2622 920 2660 consule
947 2622 1135 2668 designato
1165 2633 1244 2657 cum
1265 2622 1306 2663 Q.
1326 2621 1477 2658 Metello
1497 2622 1627 2672 fratre

235 2674 480 2722 Metellorum,
501 2675 651 2711 alterius
665 2676 833 2723 praetoris
851 2674 979 2715 Siculi,
999 2675 1149 2709 alterius
1177 2676 1344 2722 praetoris
1361 2675 1501 2711 urbani.
1554 2676 1626 2712 His

196 2726 198 2728 ’
232 2728 288 2762 ita
306 2729 510 2763 constitutis
527 2729 667 2763 exstitit
687 2728 729 2769 Q.
751 2727 913 2763 Caecilius
941 2725 1068 2773 Niger,
1092 2727 1197 2762 domo
1221 2726 1377 2768 Siculus,
1406 2731 1442 2762 et
1470 2732 1626 2775 quaestor

238 2778 369 2821 Verris,
389 2784 423 2815 et
440 2778 608 2826 ejusdem,
628 2784 668 2815 ut
686 2782 761 2828 ipse
778 2779 931 2820 dicebat,
950 2779 1128 2820 inimicus,
1149 2780 1212 2827 qui
1236 2790 1273 2814 se
1296 2780 1420 2826 potius
1437 2784 1623 2815 accusato-

232 2843 308 2866 rem
326 2833 552 2868 contenderet
570 2833 742 2868 constitui
759 2836 936 2880 oportere,
957 2831 1020 2866 has
1039 2831 1189 2880 afferens
1207 2843 1344 2868 causas.
1379 2831 1508 2874 Unam,
1528 2832 1625 2879 quod

232 2883 278 2919 ab
295 2895 334 2918 eo
355 2884 468 2927 laesus,
488 2888 523 2920 et
542 2884 584 2920 ob
602 2884 668 2921 hoc
688 2883 774 2931 jure
800 2884 921 2920 illisit
939 2884 1117 2926 inimicus,
1137 2895 1249 2931 quare
1271 2884 1534 2931 praevaricator
1552 2895 1624 2921 esse

892 2942 970 2976 G—‘L

1653 898 1685 961 §²³¹9

1700 891 1717 919 vr
