1907 3231
355 145 429 183 708
925 141 1173 180 ORATIO

356 244 548 286 maximo
578 253 621 286 et
662 245 896 287 fortissimo
929 245 1136 294 exercitu,
1171 244 1211 275 63
1226 259 1372 301 pugna
1411 244 1664 297 excitatum,
1693 257 1782 291 non

359 302 475 343 rudis
499 302 745 357 imperator,
769 312 815 343 ut
836 302 948 342 aliud
972 301 1079 342 nihil
1100 301 1255 351 dicam,
1281 301 1422 343 bello
1413 316 1484 342 mv
1489 312 1631 344 ectum
1651 310 1786 344 totam

358 359 405 400 in
438 357 600 409 Asiam,
641 360 790 401 6*lcum
824 373 928 414 pace
957 358 1144 398 dimisit.
1184 373 1310 413 quem
1346 358 1394 399 L.
1432 358 1631 410 Murena,
1664 367 1786 415 pater

364 414 560 470 hujusce
583 415 952 457 vehementissime
969 414 1377 469 vigilantissimeque
1396 430 1488 456 vex·
1481 425 1596 456 itum
1602 430 1789 471 ,repres-

233 475 266 508 Ρ·
284 465 354 539 ¹3}
371 486 462 512 sum
485 486 656 536 magna·
662 488 715 513 ex
739 488 779 527 p
769 482 872 521 arte,
894 485 980 511 non
1002 484 1252 527 oppressum
1274 472 1569 535 1e1iquit2qui
1592 486 1682 522 rex,
1705 472 1789 513 sibi

326 518 533 583 a'aliquot
562 530 682 570 annis
715 528 865 568 sumtis
907 528 959 569 ad
992 527 1303 568 confirmandas
1339 528 1522 570 rationes
1560 537 1604 570 et
1643 529 1791 585 copias

371 582 485 636 belli,
509 595 672 626 tantum
707 585 798 641 ipse
820 584 973 640 opibus
999 595 1240 639 conatuque
1273 584 1339 624 inv
1348 584 1466 636 aluit,
1498 594 1546 626 ut
1575 600 1618 626 se
1650 584 1789 626 Ocea-

368 656 471 683 num
503 657 599 683 cum
634 642 790 692 Ponto,
824 641 998 682 Ser-toni
1034 656 1180 696 copiis
1212 655 1310 682 cum
1341 642 1426 682 suis
1457 642 1790 706 conjuncturum

305 711 354 745 33
370 709 554 760 putaret.
614 698 682 739 Ad
705 697 818 753 quod
844 698 999 738 bellum
1022 699 1188 739 duobus
1210 698 1455 739 consulibus
1487 698 1548 738 ita
1567 698 1722 749 missis,
1745 707 1794 739 ut

369 755 473 797 alter
498 754 797 795 Mithridatem
819 764 1154 811 persequeretur,
1177 754 1281 795 alter
1305 754 1557 810 Bithyniam
1577 763 1791 796 tueretur·

369 811 540 853 alterius
563 826 626 852 res
649 822 692 852 et
715 822 824 852 tella
842 821 885 852 et
904 827 1009 852 maii
1032 811 1307 862 calamitosae,
1326 810 1598 853 vehementer
1616 820 1659 852 et
1689 825 1793 875 opes

369 870 482 924 1e0is
502 878 544 908 et
567 883 721 909 nomen
743 878 979 910 auxerunt:
1015 868 1064 910 L.
1089 868 1254 909 Luculli
1280 882 1377 909 v·e10
1400 883 1464 909 res
1495 877 1628 910 tantae
1657 867 1792 909 exsti-

370 935 532 976 terunt,
552 934 603 966 ut
619 940 757 980 neque
780 926 917 980 majus
942 925 1098 966 bellum
1129 925 1454 966 commemorari
1478 925 1626 982 possit,
1656 938 1796 980 neque

371 994 534 1037 maJore
564 983 744 1023 consilio
777 992 819 1022 et
851 983 1005 1023 virtute
1028 991 1210 1038 gestum.
1273 983 1401 1033 Nam,
1422 997 1519 1023 cum
1554 982 1687 1038 totius
1718 982 1799 1022 im-

372 1050 496 1095 petus
529 1039 625 1080 belli
659 1040 710 1080 ad
746 1038 1058 1094 Cyzicenorum
1098 1039 1263 1080 moenia
1303 1039 1585 1090 constitisset,
1622 1052 1802 1093 eamque

373 1097 523 1136 urbem
555 1096 635 1136 sibi
667 1095 946 1136 Mithridates
976 1095 1092 1137 Asiae
1117 1097 1296 1151 januam
1329 1095 1419 1137 fore
1442 1096 1691 1151 putavisset,
1712 1110 1798 1150 qua

373 1152 551 1194 effracta
571 1163 614 1193 et
633 1152 811 1204 revulsa,
834 1162 926 1192 tota
957 1163 1120 1209 pateret
1142 1152 1386 1209 provincia:
1419 1152 1608 1208 perfecta
1628 1153 1682 1216 ab
1715 1151 1802 1193 Lu·

375 1209 486 1250 cullo
521 1209 617 1250 haec
660 1220 759 1250 sunt
792 1210 960 1261 omnia3
999 1220 1047 1249 ut
1076 1211 1175 1250 urbs
1209 1209 1550 1250 fidelissimorum
1585 1209 1802 1250 'sociorum

375 1266 691 1317 defenderetur,
711 1267 750 1297 65
765 1279 807 1306 et
829 1281 975 1306 omnes
1007 1268 1145 1322 copiae
1168 1267 1280 1322 legis
1302 1266 1584 1308 diuturnitate
1614 1265 1805 1307 obs-idio-

376 1324 442 1363 nis
464 1334 829 1364 001isu1ne1··.e11tui
892 1323 1037 1369 Quid?
1070 1324 1182 1364 illam
1208 1337 1397 1387 pugnam
1419 1322 1614 1366 naxalem
1645 1323 1698 1364 ad
1721 1321 1805 1363 Te-

376 1380 550 1430 nedum,
579 1395 678 1420 cum
711 1389 916 1421 contento
955 1395 1094 1444 cursu,
1128 1395 1343 1421 acerrimis
1379 1380 1574 1431 ducibus,
1611 1379 1804 1420 hostium

377 1436 522 1478 classis
554 1436 723 1477 Italiam
758 1452 832 1493 spe
865 1446 993 1491 atque
1024 1437 1176 1478 animis
1206 1438 1354 1477 inflata
1381 1445 1567 1492 peteret;
1596 1436 1804 1478 mediocri

378 1494 611 1534 certamine
652 1508 696 1534 et
737 1509 867 1549 parva
915 1494 1192 1535 dimicatione
1242 1508 1515 1534 commissam
1561 1493 1807 1537 anbitrarisr

384 1550 522 1592 Alitto
547 1550 723 1605 proelia:
758 1561 963 1605 praeteieo
986 1550 1331 1606 oppugnationes
1353 1550 1626 1606 oppidorum.
1655 1548 1808 1606 expul-

385 1622 454 1647 sus
477 1621 609 1661 regno
633 1607 803 1648 tandem
836 1607 1078 1661 aliquando,
1104 1617 1268 1648 tantum
1299 1616 1441 1647 tamen
1471 1606 1649 1648 consilio
1680 1616 1809 1662 atque

385 1665 641 1704 auctoritate
662 1665 702 1694 66
717 1679 735 1703 v
742 1663 862 1713 ·iluit,
882 1672 930 1703 ut
961 1678 1018 1714 sc,
1040 1678 1140 1719 rege
1170 1663 1471 1704 Anneniorum
1492 1663 1711 1718 adjuncto,
1732 1677 1811 1704 no-

306 1707 373 1761 16
388 1720 449 1760 vis
472 1720 626 1783 opibus
649 1720 870 1776 copiisque
892 1735 1021 1760 renox
1025 1731 1120 1760 alit
1180 1719 1260 1771 Ac,
1283 1721 1317 1760 si
1342 1720 1445 1760 mihi
1468 1734 1581 1761 nunc
1609 1721 1662 1761 de
1684 1721 1809 1760 rebus

387 1777 518 1831 gestis
540 1786 649 1816 esset
672 1777 804 1816 nostri
827 1777 1041 1817 exercitus
1073 1777 1427 1832 imperatorisque
1451 1777 1693 1827 dicendum,
1716 1776 1810 1832 plu-

386 1834 496 1874 lima
517 1843 558 1873 et
578 1848 617 1873 m
624 1835 768 1873 ixima
789 1833 944 1888 proelia
973 1848 1308 1874 commemorare
1331 1848 1513 1889 possem.
1545 1834 1617 1875 sed
1650 1839 1737 1874 rion
1767 1833 1812 1874 id

324 1892 375 1927 34
389 1890 570 1945 agimus.
633 1890 732 1930 Hoc
755 1891 851 1930 dico
868 1902 882 1931 ε’
911 1890 944 1930 si
964 1890 1123 1931 bellum
1144 1890 1242 1941 hoc,
1266 1890 1300 1930 si
1323 1890 1393 1931 hic
1415 1890 1566 1941 hostis,
1588 1891 1622 1931 si
1644 1890 1713 1931 ille
1735 1904 1811 1931 rex

388 1948 726 1987 contemnendus
750 1947 927 1998 fuisset3
955 1961 1092 2002 neque
1115 1957 1233 1987 tanta
1251 1961 1352 1987 cura
1373 1955 1544 1988 senatus
1565 1956 1609 1988 et
1629 1947 1813 2011 populus

388 2003 612 2044 Romanus
632 2003 946 2059 suscipiendum
972 2013 1177 2059 putasset,
1202 2018 1338 2058 neque
1356 2013 1421 2045 tot
1443 2019 1576 2044 annos
1598 2004 1810 2060 gessisset,

386 2073 526 2115 neque
550 2070 667 2101 tanta
690 2060 828 2116 olona
859 2060 907 2101 L.
932 2060 1121 2102 Luculli:
1157 2076 1294 2115 neque
1326 2075 1425 2101 vero
1448 2060 1540 2116 ejus
1558 2060 1658 2103 belli
1680 2061 1816 2102 confi-

385 2117 525 2159 ciendi
549 2132 696 2158 curam
725 2126 847 2158 tanto
878 2117 1021 2158 studio
1052 2118 1235 2175 populus
1260 2117 1480 2159 Romanus
1503 2117 1556 2159 ad
1579 2117 1662 2159 Cn.
1685 2117 1821 2159 Poma

429 2278 469 2309 63
481 2286 600 2318 pugna
610 2278 803 2318 excitatum]
830 2273 894 2309 Hic
909 2279 1012 2316 valde,
1027 2279 1082 2310 sed

388 2319 458 2350 sine
474 2321 645 2351 commodo
660 2330 769 2356 seuSU,
792 2321 918 2351 variant
933 2321 1007 2352 libri
1022 2332 1081 2351 scr.

389 2367 424 2392 et
437 2362 507 2393 edd.
524 2372 571 2402 pr.
618 2361 698 2392 Haee
724 2363 821 2393 lectio
847 2369 897 2392 cst
922 2363 962 2393 ab
987 2364 1080 2394 Aldo.

390 2403 552 2435 Gruterus
576 2409 686 2434 totum
702 2404 810 2435 abesse
835 2414 926 2444 posse
943 2405 1083 2444 judicat.

392 2445 454 2475 Sed
476 2445 602 2476 videtur
616 2445 669 2476 hie
684 2446 804 2485 aliquid
827 2446 965 2484 dictum,
978 2448 1029 2477 cui
1052 2448 1086 2478 in

390 2487 511 2524 altero,
535 2487 572 2517 de
598 2487 749 2523 Murena,
784 2489 992 2535 responderet
1016 2491 1085 2520 ⁴1„th

396 2530 675 2566 1·igil.z··.eaatum
713 2526 876 2569 Suspicor,
899 2529 985 2569 quod
1006 2530 1088 2562 dixit

397 2560 510 2600 Cicero
525 2571 591 2602 h.1.
606 2578 768 2611 pertinere
791 2571 831 2600 ad
854 2582 996 2610 pugnarn
1019 2572 1089 2602 feli-

388 2622 466 2642 ·ccni
478 2611 576 2643 Sullae
586 2623 659 2643 cum
669 2614 748 2643 duce
759 2612 906 2643 Mithrid
900 2615 960 2643 rtis
968 2614 1090 2644 Arche-

397 2653 449 2684 lao
473 2655 506 2683 in
531 2656 671 2684 Graecia·
695 2666 733 2685 ca
754 2655 932 2685 excitatum
957 2655 1090 2687 Mithri-

397 2696 506 2726 datem
523 2696 563 2726 ad
586 2707 652 2727 rem
677 2695 794 2736 maiori
810 2697 840 2726 vi
860 2702 894 2727 et
914 2698 1038 2738 impetu
1054 2698 1088 2729 in

372 2740 376 2741 ⁷
395 2734 472 2768 Asia
485 2738 672 2776 gerendam.
701 2738 762 2768 Sed
774 2738 894 2779 aliquid
909 2739 977 2769 vitii
991 2740 1088 2777 inest,

395 2787 429 2809 (ῑ
446 2780 529 2810 forte
542 2781 675 2810 verbum
690 2780 820 2819 aliquod
835 2781 964 2811 excidit.
1009 2781 1088 2812 Mox

395 2821 496 2852 delevi
520 2831 591 2851 cnm
609 2826 686 2851 ante
711 2823 799 2858 lello,
823 2823 908 2861 quod
929 2824 1090 2854 insertum

395 2869 444 2895 eat
459 2864 518 2894 ab
512 2864 563 2901 lis,
578 2865 632 2905 qui
646 2865 802 2895 excitaret
815 2870 873 2895 aut
885 2875 1000 2906 cump-
1014 2875 1089 2896 exa-

1123 2278 1293 2316 cerbasset,
1329 2284 1369 2311 ut
1401 2280 1519 2318 Junta,
1554 2279 1694 2312 edidere.
1735 2279 1820 2312 Edd.

1124 2322 1238 2362 primae
1261 2323 1423 2361 quaedam,
1438 2328 1486 2357 ,ut
1508 2322 1547 2353 R.
1559 2322 1613 2352 W.
1625 2323 1681 2353 ΒΓ.
1695 2322 1820 2353 habent

1124 2363 1223 2393 etiam
1240 2363 1367 2394 bellum.

1170 2406 1209 2435 (14
1232 2415 1306 2436 cum
1323 2416 1404 2445 pace
1416 2405 1553 2446 dimisit]
1584 2405 1657 2436 Hoc
1679 2407 1825 2438 oratorie

1128 2446 1264 2476 dictum.
1310 2448 1397 2478 Nam
1424 2448 1516 2478 Sulla
1541 2458 1617 2478 cum
1643 2458 1682 2478 eo
1707 2459 1820 2488 pacem

1128 2488 1220 2525 fecit,
1242 2499 1308 2519 non
1335 2490 1419 2529 qnod
1441 2490 1470 2519 ei
1495 2499 1561 2520 non
1579 2500 1638 2530 par
1651 2498 1748 2527 esset,
1764 2494 1823 2521 aut

1130 2540 1205 2560 euin
1230 2541 1296 2561 non
1319 2542 1391 2571 poss
1393 2542 1410 2561 e
1431 2532 1573 2572 superari
1599 2536 1742 2571 putaret,
1767 2532 1825 2562 sed

1131 2572 1217 2610 quod
1232 2570 1371 2603 Romam
1386 2574 1556 2604 festinaret
1575 2573 1616 2604 ad
1629 2574 1742 2604 turbas
1766 2583 1824 2604 no-

1131 2624 1185 2644 vas
1199 2615 1467 2655 comprimendas.

1173 2657 1212 2687 65
1236 2662 1272 2686 ut
1293 2667 1399 2687 omnes
1420 2656 1528 2697 copioe]
1555 2657 1658 2688 Recte
1678 2656 1824 2687 Graevius

1131 2696 1226 2728 eMs.
1242 2698 1292 2728 Fr
1307 2699 1467 2738 rescripsit
1479 2702 1520 2728 et.

1173 2740 1214 2770 66
1242 2741 1359 2778 ιαίιιίι,
1390 2739 1648 2779 zet-renovarit]
1679 2739 1743 2770 Ms.
1772 2739 1825 2771 Fr.

1132 2785 1312 2814 renovaret.
1329 2793 1393 2812 non
1410 2782 1509 2813 male:
1534 2782 1591 2813 sed
1603 2788 1638 2812 et
1652 2783 1825 2823 vulgatum

1132 2824 1209 2854 ferri
1225 2828 1343 2864 potest.
1379 2825 1432 2854 Sic
1458 2835 1534 2857 mox
1547 2829 1679 2856 tantum
1693 2825 1716 2857 i.
1734 2833 1768 2856 u.
1790 2834 1824 2854 a.

1127 2867 1249 2906 posuit,
1264 2871 1301 2897 ut
1305 2865 1484 2908 judicarit.
