1907 3231
486 126 612 167 ACT.
642 128 694 166 11.
737 125 929 165 LIBER
955 125 1254 166 QUARTUS.
1522 130 1602 170 369

150 229 304 274 habuit
335 231 379 274 in
410 231 518 282 basi,
541 232 657 287 quod
688 231 769 273 iste
799 231 991 272 eruditus
1022 230 1168 281 homo,
1191 239 1235 272 et
1257 230 1498 284 Graeculus,
1520 234 1729 290 quip.230.

147 289 245 331 haec
267 289 481 331 subtiliter
502 289 690 344 judicat,
713 289 787 345 qui
811 289 922 330 solus
947 288 1166 346 intelligit,
1189 288 1224 329 si
1246 303 1375 329 unam
1407 288 1638 332 litterama·

148 346 351 388 Graecam
381 347 546 397 scisset,
571 356 687 388 certe
718 361 805 388 non
835 346 1090 387 sustulisset.
1152 346 1282 387 Nunc
1318 346 1449 397 enim,
1479 349 1597 402 quod

146 404 401 460 inscriptum
424 413 489 444 est
510 404 627 444 inani
651 404 694 444 in
720 404 826 454 basi,
849 403 1050 454 declarat,
1075 403 1179 458 quid
1200 403 1345 454 fuerit,
1368 411 1412 443 et
1445 403 1487 444 id
1520 406 1597 447 ab-

143 460 279 503 latum
300 461 477 502 indicat.
540 461 687 507 Quid?
717 464 758 496 49
771 461 944 517 signum
968 461 1138 501 Paeanis
1158 475 1213 502 ex
1238 460 1329 502 aede
1352 459 1595 517 AEsculapii

143 518 348 575 praeclare
390 519 570 570 factum,
614 533 782 559 sacrum
820 527 864 559 et
912 518 1179 574 religiosum,
1220 533 1309 559 non
1352 517 1593 560 sustulisti?

141 576 258 631 quod
279 591 428 617 omnes
451 585 628 632 propter
649 575 1017 632 pulchritudinem
1040 575 1189 627 visere,
1211 583 1389 632 propter
1415 574 1590 631 religio-

139 648 240 674 nem
272 633 412 675 colere
451 633 661 674 solebant.
722 632 868 679 Quid?
899 647 954 674 ex
997 633 1090 674 aede
1131 632 1275 674 Liberi
1312 632 1589 675 simulacrum
1604 641 1678 677 128

139 689 300 732 Aristei
343 706 431 732 non
473 700 548 731 tuo
591 690 774 747 imperio
808 690 949 746 palam
992 690 1185 731 ablatum
1217 692 1310 732 est?
1355 690 1502 737 Quid?
1533 705 1589 732 ex

139 749 233 790 aede
262 748 386 790 Jovis
420 748 792 804 religiosissimum
825 747 1101 787 simulacrum
1133 747 1257 789 Jovis
1294 746 1590 804 Imperatoris,

137 819 267 862 quem
299 805 445 847 Graeci
478 805 615 847 Urion
646 804 887 855 nominant,
919 803 1206 859 pulcherrime
1236 804 1416 856 factum,
1447 820 1592 848 nonne

137 863 381 905 abstulisti?
426 863 575 910 Quid?
606 865 714 902 50ex
751 861 843 902 aede
883 861 1051 902 Liberae
1090 876 1271 918 parvum
1310 862 1414 903 illud
1456 872 1590 919 caput

170 920 489 971 ulcherrimum,
520 919 637 975 quod
669 919 804 959 visere
835 918 1091 969 solebamus,
1125 933 1230 959 num
1261 919 1470 961 dubitasti
1504 921 1589 962 tol-

136 935 252 1020 llere?
283 977 428 1034 Atque
460 977 529 1018 ille
565 976 698 1017 Paean
736 975 957 1017 sacrificiis
990 976 1292 1017 anniversariis
1326 977 1451 1018 simul
1486 993 1587 1020 cum

135 1035 388 1091 AEsculapio
410 1034 522 1090 apud
556 1034 649 1074 illos
672 1033 918 1075 colebatur:
952 1036 987 1064 51
1004 1032 1215 1085 Aristeus,
1238 1034 1312 1090 qui
1345 1036 1413 1088 [ut
1436 1035 1585 1077 Graeci

134 1093 293 1145 ferunt,
327 1092 471 1133 Liberi
503 1091 650 1144 filius,]
685 1091 885 1131 inventor
915 1090 997 1131 olei
1031 1105 1122 1131 esse
1157 1091 1330 1143 dicitur,
1361 1107 1447 1133 una
1481 1108 1583 1134 cum

134 1150 293 1191 Libero
315 1158 436 1206 patre
467 1149 582 1204 apud
613 1150 707 1189 illos
730 1148 882 1188 eodem
904 1156 994 1188 erat
1025 1148 1067 1188 in
1094 1149 1255 1204 templo
1278 1159 1579 1192 consecratus:

131 1207 159 1250 J
165 1222 290 1248 ovem
321 1216 465 1248 autem
490 1206 800 1263 Imperatorem
820 1208 860 1237 52
873 1213 1034 1260 quanto
1058 1204 1221 1247 honore
1250 1206 1293 1246 in
1317 1222 1394 1248 suo
1415 1207 1576 1263 templo
1591 1203 1661 1253 58

131 1264 264 1305 fuisse
294 1264 577 1314 arbitremini,
611 1263 712 1304 hinc
733 1262 935 1318 colligere
965 1263 1161 1318 potestis,
1193 1263 1227 1304 si
1258 1265 1472 1305 recordari
1503 1280 1577 1306 vo-
1592 1277 1666 1312 1⁶29

132 1322 311 1374 Meritis,
334 1331 496 1377 quanta
525 1321 733 1376 religione
764 1318 895 1361 fuerit
924 1319 1073 1360 eadem
1105 1321 1248 1376 specie
1280 1330 1409 1377 atque
1439 1322 1580 1363 forma

133 1381 307 1436 signum
349 1379 468 1429 illud,
509 1379 626 1433 quod
668 1392 722 1419 ex
766 1376 1030 1417 Macedonia
1062 1387 1239 1433 captum
1278 1378 1322 1418 in
1358 1379 1580 1435 Capitolio

131 1439 171 1468 ⁵3
184 1445 388 1493 posuerat
428 1435 711 1477 Flamininus.
772 1432 948 1475 Etenim
987 1434 1069 1475 tria
1100 1435 1350 1477 ferebantur
1387 1436 1433 1477 in
1475 1438 1581 1479 orbe

173 1562 215 1595 49
235 1561 370 1600 signum
385 1560 521 1591 Poeanz's
542 1571 582 1591 ex
603 1569 639 1592 α’.
655 1559 734 1591 AEs.
744 1569 831 1600 proe-

129 1602 219 1633 clare
241 1603 396 1644 filetum]
434 1603 555 1634 Melius
588 1603 686 1639 foret,
720 1612 760 1633 ez
793 1613 829 1633 ιε.

128 1645 227 1677 AEsc.
260 1647 395 1684 signum
430 1645 566 1676 Poeam‘s
594 1655 649 1685 pr.
677 1644 829 1685 sactum.

130 1687 222 1719 Idem
238 1688 318 1719 ordo
333 1695 383 1719 est
396 1687 508 1728 paullo
524 1693 599 1728 post
612 1688 672 1718 bis.

171 1733 212 1761 50
233 1740 260 1761 e.
275 1731 441 1762 oe.'Liberz'
457 1740 602 1770 parvum
619 1731 641 1760 z'.
657 1740 684 1761 e.
698 1740 734 1770 p.
753 1730 825 1770 &c.]

129 1771 193 1803 Hic
216 1773 251 1803 in
267 1774 381 1804 multis
395 1773 540 1803 offendat
554 1773 691 1813 diligens
714 1773 827 1804 lector.

127 1815 276 1845 Primum
309 1817 344 1846 in
373 1816 440 1846 oede
465 1815 590 1852 Liberi,
618 1826 694 1845 cum
729 1825 828 1856 supra

121 1858 196 1896 jam
218 1858 260 1888 sit
278 1857 374 1888 idem.
418 1857 515 1888 Unde
530 1858 724 1898 conjiciunt,
740 1858 825 1888 sicut

126 1899 284 1935 Graevius,
314 1901 454 1937 Libera,
483 1900 582 1939 quod,
611 1901 687 1939 quia
712 1905 762 1930 est
790 1901 825 1931 in

125 1941 191 1973 MS&
217 1942 280 1972 Gu.
307 1944 426 1983 recepi.
470 1942 598 1972 Deinde
622 1943 657 1972 in
675 1952 825 1982 parcum

124 1988 225 2024 caput
239 1986 518 2024 pulcherrimum,
533 1985 668 2015 verbum
676 1994 824 2024 parvum

124 2032 314 2067 suspectum
340 2032 403 2064 est,
429 2037 488 2068 pro
510 2037 613 2066 eoque
635 2038 653 2057 e
677 2027 823 2067 vestigiis

125 2068 204 2099 Mss.
234 2070 404 2109 corrigunt
430 2070 588 2107 Parium,
615 2080 632 2100 e
660 2079 823 2101 marmore

124 2111 237 2141 Pario:
262 2112 401 2152 denique
423 2114 458 2143 in
481 2113 548 2143 fine
568 2122 649 2142 rium
668 2113 824 2143 dubitasti

122 2155 246 2191 tollere,
263 2155 410 2185 Graevius
433 2154 588 2185 audacter
602 2165 642 2185 ex
656 2165 722 2185 uno
737 2155 822 2186 libro

122 2204 194 2233 suo,
215 2197 267 2226 cui
290 2197 457 2228 consentit
476 2197 539 2227 Gu.
563 2198 726 2237 rescripsit
748 2207 822 2229 non.

121 2238 184 2268 Sed
197 2239 244 2269 ita
256 2239 472 2279 interrogatio
485 2240 527 2270 sit
541 2239 706 2270 tollendae
723 2250 821 2279 quam

121 2284 235 2311 tamen
263 2282 410 2312 Graevius
445 2282 596 2312 servavit.
642 2282 728 2312 Nam
757 2293 822 2313 non

121 2323 280 2354 dubitasti
304 2325 442 2355 tollere?
464 2329 513 2354 est
540 2324 710 2361 dubitasti,
734 2325 822 2364 quod

120 2370 172 2395 est
199 2365 296 2406 plane
322 2367 486 2397 alienum:
524 2368 627 2406 igitur
654 2373 712 2397 aut
741 2377 822 2398 mim

119 2409 327 2445 servandum,
343 2417 403 2440 aut
421 2409 615 2449 simpliciter
636 2409 822 2440 tollendum

118 2454 189 2489 est3
215 2460 290 2481 nain
307 2461 367 2482 nec
379 2457 430 2482 est
444 2452 478 2482 in
493 2452 565 2483 edd.
580 2463 629 2493 pr.
654 2452 717 2482 Sed
730 2457 822 2482 totus

121 2492 210 2523 locus
239 2493 319 2524 mihi
349 2499 517 2535 suspectus
543 2494 598 2524 diu
625 2496 707 2525 suit:
733 2504 822 2525 nunc

118 2534 215 2565 credo
231 2546 299 2566 esse
322 2538 481 2576 spurium.
523 2537 611 2567 Nam
628 2538 733 2577 primo
749 2546 822 2567 sen-

118 2586 172 2607 sus
196 2578 391 2608 commodus·
412 2589 478 2609 non
505 2584 555 2609 est
580 2579 668 2609 illius
691 2579 818 2619 capitis.

120 2619 302 2657 Cujusnam
331 2621 413 2652 illud
439 2626 540 2661 caput
563 2622 649 2652 fuit?
676 2622 817 2656 Deinde,

117 2661 204 2700 quod
227 2663 407 2694 maximum
429 2669 492 2700 est,
507 2674 580 2694 cun]
604 2664 709 2694 tribus
731 2664 818 2705 prio-

119 2704 208 2733 ribus
238 2706 429 2744 respondeat
461 2706 495 2736 in
521 2706 731 2745 sequentibus
760 2705 818 2736 ali-

118 2746 209 2785 quid,
234 2746 319 2786 quod
341 2747 379 2777 dc
401 2748 539 2788 singulis
561 2748 669 2779 valcat
696 2749 736 2779 ad
762 2759 818 2778 au-

118 2788 274 2827 gendum,
302 2789 341 2819 de
368 2790 497 2825 Paeane,
525 2790 654 2821 Aristeo
679 2796 713 2821 et
736 2791 820 2821 Jove

117 2830 347 2870 Imperatore3
384 2832 461 2863 hnic
496 2832 749 2874 interrogationi
784 2836 818 2864 et

115 2874 292 2903 sententiae
309 2873 391 2904 nihil
405 2875 586 2916 subjicitur.

176 2930 285 2957 VOL.
312 2930 367 2957 11.

917 1561 953 1590 51
994 1559 1155 1597 Aristeus,
1192 1561 1248 1600 qui
1283 1564 1322 1590 ut
1350 1560 1409 1590 Gr.
1434 1559 1471 1601 f
1501 1561 1577 1601 δια]

873 1600 978 1641 Asper
1013 1602 1116 1640 locus,
1145 1607 1180 1632 et
1215 1603 1285 1633 siue
1313 1603 1413 1633 dubio
1441 1604 1579 1635 vitiosus

873 1645 907 1674 in
922 1644 1013 1675 libris
1028 1645 1195 1682 omnibus,
1211 1654 1291 1685 quos
1304 1645 1381 1676 vidi.
1425 1645 1578 1678 Primum

873 1687 1010 1717 offendit
1046 1687 1187 1718 maxime
1217 1688 1330 1718 Liberi
1352 1687 1465 1729 filius,
1500 1699 1578 1720 cum

871 1730 985 1759 statim
1011 1729 1141 1760 dicatur
1162 1739 1237 1760 cum
1263 1730 1379 1760 Libero
1399 1735 1499 1770 patre
1519 1742 1577 1762 eo-

870 1771 944 1802 dem
969 1772 1096 1813 templo
1117 1772 1226 1802 cultus
1246 1782 1325 1802 esse.
1369 1772 1407 1802 Id
1429 1778 1480 1803 est
1504 1774 1578 1806 sine

869 1813 968 1844 dubio
990 1814 1142 1855 ineptum
1161 1819 1195 1845 et
1220 1825 1287 1845 non
1307 1814 1575 1855 Ciceronianam.

869 1856 998 1887 Deinde
1009 1855 1133 1896 serant
1148 1862 1182 1888 et
1196 1857 1338 1887 dicitur:
1360 1857 1513 1897 denique,
1529 1869 1574 1890 an

868 1899 974 1928 Graeci
996 1899 1056 1929 soli
1071 1900 1238 1930 Aristeum
1260 1899 1371 1930 Liberi
1395 1898 1501 1930 filium
1523 1901 1573 1932 fa-

867 1941 981 1979 ciunt;
1006 1951 1073 1971 non
1099 1943 1200 1972 etiam
1223 1942 1387 1972 Romani?
1413 1942 1494 1973 Inde
1519 1944 1574 1983 fit,

866 1989 905 2013 ut
920 1984 989 2014 haec
1005 1983 1115 2021 verba,
1130 1990 1168 2015 ut
1187 1985 1293 2015 Graeei
1303 1983 1439 2023 serunt,
1456 1985 1572 2017 Liberi

854 2026 967 2067 filius,
981 2027 1121 2057 insititia
1132 2028 1199 2057 sint
1212 2033 1246 2057 et
1258 2026 1426 2067 ejicienda.
1449 2027 1569 2067 Itaque

867 2069 985 2099 saltem
1000 2070 1093 2099 uncis
1109 2069 1313 2099 inclusimus.

909 2113 950 2142 52
988 2116 1109 2151 quanto
1135 2111 1311 2152 h.—suisse
1337 2112 1569 2153 arbitramini]

866 2153 947 2184 Edd.
974 2164 1023 2194 pr.
1052 2154 1176 2184 habent
1203 2155 1422 2184 arbitramur.
1465 2154 1571 2185 Aldus

866 2195 955 2227 dedit
978 2197 1205 2234 arbitramini,
1222 2197 1308 2236 quod
1328 2205 1442 2226 omnes
1463 2197 1570 2227 secuti

864 2243 953 2269 sunt.
998 2238 1128 2269 Neutra
1162 2239 1262 2269 lectio
1286 2244 1337 2268 est
1371 2239 1441 2268 sine
1474 2239 1570 2270 vitio.

865 2281 1047 2312 Secundam
1062 2291 1236 2320 personam
1258 2282 1473 2311 necessariam
1488 2281 1569 2312 fecit

861 2325 1001 2363 potestis.
1047 2323 1109 2353 Sed
1132 2322 1247 2353 modus
1261 2323 1396 2353 vitiosus
1411 2328 1473 2358 est,
1489 2325 1571 2354 scri-

866 2366 1072 2405 bendumque
1086 2366 1306 2401 arbitremini,
1320 2366 1346 2395 si
1360 2365 1490 2404 quidem
1505 2365 1568 2396 hoc

865 2409 1081 2448 conjungitur
1095 2418 1170 2438 cum
1188 2408 1411 2446 sequentibus,
1430 2416 1490 2438 nec
1512 2409 1569 2438 ab·

865 2450 973 2481 solute
995 2450 1120 2480 dictum
1143 2455 1203 2480 est.
1247 2450 1310 2480 Sed
1337 2449 1419 2479 illud
1440 2454 1501 2486 est,
1529 2456 1568 2482 ut

865 2498 1033 2523 structura
1048 2492 1150 2522 totius
1164 2493 1323 2521 orationis
1338 2491 1433 2522 facile
1451 2491 1565 2523 docet:

865 2536 890 2564 si
906 2535 1074 2565 volueritis
1090 2534 1251 2564 recordari
1267 2536 1324 2564 &cn
1345 2535 1484 2573 potestis
1500 2536 1567 2565 col-

861 2577 975 2616 ligere,
999 2581 1124 2616 quanto
1149 2576 1272 2606 honore
1298 2577 1397 2606 fuisse
1422 2576 1567 2608 debeatis

854 2620 1013 2659 judicare.
1058 2618 1196 2649 Videtur
1224 2619 1325 2648 etiam
1355 2619 1430 2648 hine
1460 2619 1568 2650 insiti-

861 2663 946 2691 tium
970 2671 1038 2692 esse
1060 2668 1094 2691 et
1116 2671 1156 2690 ex
1183 2661 1337 2701 absorpta
1360 2661 1508 2691 clausula
1532 2663 1567 2692 in

861 2705 1075 2735 arbitramini
1090 2704 1234 2733 factum:
1258 2710 1292 2734 et
1307 2712 1375 2733 non
1388 2709 1439 2733 est
1452 2704 1486 2734 in
1500 2704 1566 2735 Ms.

863 2748 926 2777 Gu.

906 2791 944 2820 53
970 2791 1127 2829 posuerat
1151 2786 1373 2826 Flamininus]
1403 2787 1568 2819 Dissentit

861 2832 928 2868 hic,
944 2838 983 2861 ut
1004 2835 1139 2871 putant,
1156 2830 1270 2860 Cicero
1288 2840 1307 2860 a
1328 2829 1423 2859 Livio
1439 2830 1498 2867 Vl,
1515 2833 1568 2865 ⁶29.

862 2875 916 2913 qui
943 2884 962 2906 a
991 2874 1192 2905 Cincinnato
1219 2872 1353 2912 signum
1377 2871 1471 2904 Jovis
1500 2872 1568 2903 Im—

803 2916 882 2958 Bb
