1907 3231
252 126 302 169 ³3
901 137 1148 176 ORATIO

146 236 447 287 p.23.nomino‚
477 238 676 290 contulit,
707 254 792 295 qua
822 250 941 296 pater
983 257 1082 283 usus
1114 250 1205 284 erat
1238 241 1490 299 plurimum:
1525 242 1567 284 in
1600 257 1686 299 qua

213 294 646 350 ⁸·miilie1·e‚judices,
669 298 798 338 etiam
819 312 947 350 nunc,
972 300 1011 340 id
1036 300 1151 355 quod
1173 314 1322 341 omnes
1349 315 1515 357 semper
1541 300 1691 342 existi-

254 362 492 403 maverunt,
524 354 645 408 quasi
679 355 865 410 exempli
900 371 1042 407 causa,
1067 356 1249 412 vestigia
1279 358 1446 413 antiqui
1469 358 1602 400 officii
1624 372 1690 399 re-

253 418 443 450 manent.
506 409 569 450 Ea
595 412 697 452 Sex.
732 412 938 453 Roscium
971 414 1159 470 inopem,
1182 413 1367 470 ejectum
1400 415 1530 457 domo
1561 424 1691 470 atque

253 467 480 523 expulsum
507 481 560 508 ex
595 469 679 509 suis
703 469 843 520 bonis,
867 469 1107 526 fugientem
1131 471 1345 513 latronum
1368 472 1452 513 tela
1471 481 1515 514 et
1536 472 1690 522 minas,

254 525 417 581 recepit
446 524 637 575 domum,
661 526 907 582 hospitique
938 542 1142 584 oppresso
1167 528 1277 584 jam,
1299 529 1611 585 desperatoque
1636 529 1692 570 ab

254 582 470 633 omnibus,
501 582 713 638 opitulata
746 592 824 624 est.
889 583 993 640 Ejus
1034 586 1206 636 virtute,
1238 586 1336 636 fide,
1367 586 1594 642 diligentia
1626 585 1690 626 fa-

255 648 371 680 ctum
394 649 472 690 est,
496 650 543 680 ut
566 639 638 680 hic
664 641 808 696 potius
833 641 954 682 vivus
978 642 1021 684 in
1045 658 1153 693 reOS,
1184 658 1312 698 quam
1337 643 1504 685 occisus
1527 643 1570 684 in
1593 657 1693 699 pro·

191 698 241 732 ‘28
255 696 436 752 scriptos
459 696 700 738 referretur.
762 698 875 739 Nam
896 707 1124 756 postquam
1144 701 1214 741 isti
1234 699 1551 751 intellexerunt,
1576 714 1692 741 sum-

253 768 322 794 ma
344 753 569 810 diligentia
591 755 724 795 vitam
748 756 850 797 Sex.
875 756 1025 798 Roscii
1049 757 1271 808 custodiri,
1293 772 1433 813 neque
1454 757 1536 798 sibi
1560 756 1691 798 ullam

251 810 382 852 caedis
401 811 614 853 faciundae
631 822 888 868 potestatem
902 815 1016 866 dari;
1040 815 1266 856 consilium
1282 823 1502 871 ceperunt,
1516 813 1693 870 plenum

250 868 418 909 sceleris
433 878 475 909 et
488 869 694 921 audaciae,
707 880 753 911 ut
767 886 924 912 nomen
937 871 1010 928 huj
1019 888 1065 913 us
1079 873 1131 913 de
1146 871 1376 929 parricidio
1395 870 1624 923 deferrent,
1642 879 1693 912 ut

250 925 300 966 ad
325 940 419 966 eam
442 941 528 967 rem
550 927 732 983 aliquem
758 938 1052 970 accusatorem
1073 939 1260 970 veterem
1279 939 1595 984 compararent,
1617 928 1692 984 qui

249 982 302 1023 de
324 997 373 1024 ea
395 998 438 1024 re
462 994 606 1039 posset
627 985 973 1041 dicere'aliquid,
997 988 1040 1027 in
1065 1002 1150 1043 qua
1172 1001 1216 1027 re
1240 986 1356 1028 nulla
1386 987 1581 1027 subesset
1602 1000 1694 1026 sus-

249 1040 392 1103 picio;
423 1040 607 1096 denique
630 1052 691 1092 ut,
714 1044 919 1097 quoniam
945 1044 1124 1085 crimine
1151 1059 1238 1085 non
1261 1052 1475 1099 poterant,
1499 1052 1693 1099 tempore

249 1111 343 1152 ipso
379 1108 635 1153 pugnarent.
671 1099 732 1139 ita
761 1099 877 1155 loqui
912 1100 1131 1142 homines:
1174 1115 1308 1154 ouon
1345 1114 1548 1143 JUD1C1A
1583 1113 1688 1141 TAM

251 1168 335 1195 mu
363 1168 518 1196 FACTA
545 1169 649 1197 NoN
679 1170 882 1208 ESSENT,
910 1172 1250 1199 coNDEMNAIu
1279 1172 1383 1199 EUM
1410 1171 1692 1209 oPORTERE,

248 1225 332 1263 QUI
358 1225 544 1254 Pmmus
572 1227 624 1254 IN
652 1228 898 1256 JumcmM
926 1229 1188 1257 ADDUCTUS
1217 1229 1388 1256 ESSET:
1423 1215 1524 1256 huic
1543 1224 1689 1256 autem

247 1278 451 1325 patronos
478 1280 654 1326 propter
683 1270 960 1328 Chrysogoni
991 1273 1175 1329 gratiam
1198 1271 1446 1314 defuturos:
1479 1272 1532 1313 de
1554 1272 1691 1313 bono-

248 1341 341 1367 rum
364 1327 627 1379 venditione,
649 1337 693 1369 et
716 1329 769 1369 de
796 1329 878 1370 ista
906 1331 1112 1371 societate
1142 1331 1321 1371 verbum
1352 1343 1443 1370 esse
1474 1328 1691 1370 facturum

245 1385 488 1426 nerninem:
530 1385 623 1441 ipso
663 1387 837 1428 nomine
878 1388 1111 1443 parricidii,
1141 1397 1184 1428 et
1215 1387 1444 1428 atrocitate
1482 1386 1692 1437 criminis,

248 1440 354 1493 fore,
378 1452 425 1482 ut
447 1442 518 1482 hic
542 1443 657 1484 nullo
678 1445 856 1500 negotio
889 1445 1122 1496 tolleretur,
1145 1459 1243 1485 cum
1267 1444 1321 1485 ab
1342 1443 1459 1485 nullo
1487 1443 1688 1486 defensus

186 1514 236 1548 29
249 1509 374 1540 esset.
436 1499 536 1541 Hoc
581 1501 777 1553 consilio,
816 1511 945 1558 atque
988 1503 1095 1544 adeo
1134 1502 1215 1543 hac
1258 1501 1460 1552 amentia,
1499 1501 1690 1557 impulsi,

249 1571 376 1611 quem
408 1557 504 1612 ipsi,
535 1573 633 1599 cum
666 1569 887 1615 cuperent,
919 1575 1005 1601 non
1038 1567 1273 1616 potuerunt
1306 1561 1342 1590 18
1357 1558 1569 1610 occidere,
1587 1573 1687 1600 eum

243 1613 534 1669 jugulandum
554 1615 677 1656 vobis
697 1616 978 1658 tradiderunt.

170 1672 232 1719 11
309 1671 427 1718 Quid
451 1673 636 1728 primum
659 1676 839 1729 querar?
870 1683 945 1715 aut
967 1675 1081 1716 unde
1104 1674 1393 1731 potissimum,
1411 1673 1598 1729 judiceS,
1621 1689 1690 1715 01·-

249 1728 369 1769 diar?
399 1739 473 1769 aut
496 1730 626 1784 qnod,
649 1740 724 1772 aut
750 1747 775 1771 a
804 1733 960 1787 quibus
993 1733 1202 1774 auxilium
1234 1734 1406 1788 petam?
1440 1731 1689 1772 Deorumne

248 1785 584 1828 immortalium?
616 1789 820 1844 populine
848 1789 1062 1834 Romani?
1094 1800 1349 1840 vestramne,
1376 1788 1450 1844 qui
1476 1803 1688 1830 summam

184 1848 237 1882 30
251 1853 506 1898 potestatem
527 1844 709 1897 habetis,
730 1846 813 1887 hoc
837 1857 1030 1903 tempore
1049 1847 1177 1890 fidem
1193 1846 1442 1902 implorem?
1467 1845 1597 1887 Pater
1612 1861 1693 1887 oc·-

246 1899 359 1941 cisus
383 1901 557 1953 nefarie,
577 1903 729 1944 domus
752 1905 939 1955 obsessa,
960 1906 1014 1946 ab
1032 1905 1218 1947 inimicis
1243 1905 1358 1945 bona
1378 1903 1565 1955 ademta,
1586 1917 1687 1959 pos-

247 1971 373 2009 sessa,
403 1959 596 2014 direpta:
639 1960 715 2002 filii
748 1962 838 2002 vita
867 1962 1036 2013 infesta,
1070 1977 1184 2018 saepe
1216 1961 1328 2004 ferro
1358 1970 1487 2016 atque
1517 1960 1684 2002 insidiis

197 2015 231 2046 b.
245 2016 452 2071 appetita.
493 2017 610 2063 Quid
635 2019 688 2059 ab
711 2019 777 2060 his
800 2027 867 2060 tot
884 2019 1106 2061 maleficiis
1130 2019 1298 2061 sceleris
1320 2019 1467 2060 abesse
1486 2018 1683 2060 videtur?

245 2080 389 2113 tamen
412 2073 506 2115 haec
530 2075 623 2115 aliis
646 2076 819 2117 nefariis
844 2077 1066 2118 cumulant
1096 2087 1224 2133 atque
1252 2077 1490 2132 adaugent:
1522 2075 1686 2117 crimen

244 2129 496 2172 incredibile
529 2132 808 2189 confingunt:
850 2145 978 2175 testes
1009 2135 1053 2176 in
1084 2135 1201 2177 hunc
1231 2144 1274 2175 et
1304 2142 1586 2175 accusatoresv
1606 2133 1687 2174 hu-

238 2187 363 2241 jusce
382 2189 566 2244 pecunia
587 2200 840 2247 comparant
862 2208 871 2233 :
903 2192 1014 2233 hanc
1037 2192 1332 2234 conditionem
1350 2191 1506 2232 misero
1526 2189 1685 2242 ferunt,

246 2254 294 2284 ut
313 2254 449 2301 optet,
471 2256 615 2287 utrum
639 2248 760 2289 malit
781 2249 969 2291 cervices
994 2249 1156 2291 Roscio
1182 2249 1296 2299 dare,
1319 2263 1372 2289 an
1401 2248 1619 2290 ¹9insutus
1641 2248 1687 2289 in

244 2302 427 2343 culleum
462 2318 536 2359 per
568 2319 783 2346 summum
816 2307 1000 2348 dedecus
1032 2307 1166 2349 vitam
1197 2307 1408 2349 amittere.
1470 2305 1684 2349 Patronos

247 2357 347 2400 huic
386 2360 608 2402 defuturos
650 2372 932 2418 putaverunt:
977 2365 1144 2405 desunt.
1181 2363 1254 2419 qui
1285 2363 1417 2404 libere
1447 2362 1578 2414 dicat,
1609 2363 1684 2419 qui

247 2430 345 2457 cum
368 2417 452 2458 fide
479 2418 695 2471 defendat,
720 2421 761 2461 id
784 2422 899 2476 quod
923 2422 966 2462 in
989 2422 1070 2464 hac
1101 2436 1229 2464 causa
1253 2432 1317 2462 est
1339 2420 1455 2471 satis,
1478 2420 1685 2476 quoniam

183 2476 231 2509 31
247 2473 419 2527 quidem
444 2474 626 2532 suscepi,
648 2492 735 2518 non
757 2478 875 2519 deest
896 2478 1108 2536 profecto,
1125 2478 1310 2534 judices,
1363 2477 1419 2518 Et
1438 2477 1618 2519 forsitan
1637 2478 1682 2519 in

209 2531 213 2533 “
247 2531 517 2586 suscipienda
550 2548 679 2574 causa
713 2545 872 2576 temere
909 2536 1116 2592 impulsus
1155 2535 1443 2577 adolescentia
1481 2534 1680 2577 fecerim:

244 2589 447 2643 quoniam
467 2591 640 2645 quidem
663 2593 793 2634 semel
813 2595 995 2650 suscepi,
1018 2593 1133 2646 licet,
1157 2588 1364 2644 hercules,
1379 2592 1568 2649 undique
1589 2606 1688 2633 om-

290 2720 325 2748 18
348 2718 501 2759 occidere]
528 2720 567 2750 In
585 2720 649 2751 ΜΒ.
669 2722 730 2753 Gu.
751 2728 799 2754 est
818 2735 837 2754 a
851 2733 939 2756 man.
984 2724 1045 2754 Gu.
1061 2723 1147 2763 quod
1168 2733 1228 2754 nos
1250 2723 1423 2762 ejecimus:
1448 2732 1523 2752 cum
1545 2730 1683 2752 consen-

242 2768 304 2789 sec.
321 2764 354 2789 et
367 2762 399 2789 in
414 2762 571 2801 margine.
981 2767 1069 2797 tiant
1083 2769 1150 2796 csse>
1164 2766 1351 2796 insititiam.
1397 2765 1473 2795 Fuit
1486 2764 1627 2804 scriptus
1639 2764 1683 2794 ti·
1736 2784 1741 2790 ·

290 2804 325 2834 19
348 2803 474 2833 insutus
496 2805 530 2834 in
546 2807 701 2847 culleum]
729 2808 793 2838 Hic
816 2808 849 2837 in
869 2807 940 2838 edd.
982 2810 1072 2838 tulus
1086 2808 1117 2838 in
1132 2809 1291 2848 margine,
1305 2807 1414 2847 quales
1427 2807 1461 2837 in
1477 2806 1554 2836 Mss.
1569 2805 1681 2843 multi,

240 2853 288 2883 pr.
303 2844 457 2874 inseritur
467 2849 620 2886 supplicio
627 2849 889 2888 parricidarum,
906 2851 941 2880 in
984 2851 1037 2890 qui
1054 2851 1087 2880 in
1099 2855 1227 2880 textum
1244 2850 1386 2890 irrepsit,
1397 2854 1437 2880 ut
1445 2849 1510 2880 alii.
1523 2859 1554 2879 v.
1569 2857 1627 2879 nos
1643 2847 1684 2879 ad

242 2887 379 2932 posteris
400 2891 595 2929 supplicium
611 2901 708 2932 parr.
727 2897 765 2923 ut
787 2898 837 2923 est
851 2898 884 2924 et
907 2894 941 2923 in
984 2893 1091 2924 Tacit.
1106 2893 1192 2923 Ann.
1208 2893 1299 2930 xvi,
1316 2896 1349 2922 l.-
