2002 3287
529 341 1152 414 PRAEFATIO.

127 617 210 683 IN
253 641 538 685 Orationibus
579 654 680 685 cum
720 643 912 685 maxime
945 639 1182 697 conspicua
1222 637 1278 678 sit
1313 634 1572 691 eloquentiae

113 708 427 756 ‚Ciceronianae
450 711 513 753 vis
544 720 589 754 et
620 711 845 769 perfectio,
877 711 1047 766 sintque
1079 708 1241 750 eaedem
1275 704 1414 762 plenae
1448 704 1575 745 rebus

123 777 179 819 ad
201 780 552 836 cognoscendum
574 792 662 821 non
682 780 814 821 modo
835 779 1030 831 utilibus,
1052 777 1124 818 sed
1146 776 1278 817 etiam
1301 772 1573 815 necessariis:

125 860 214 888 non
245 857 311 889 est
339 849 512 901 mirum,
535 850 580 891 in
604 849 656 890 iis
687 860 730 890 et
760 847 1026 904 corrigendis
1051 855 1094 887 et
1124 842 1384 885 illustrandis
1418 841 1450 883 si
1483 841 1577 898 plu-

115 914 333 960 ›rimorum
362 917 587 973 ingenium
628 926 673 959 et
705 917 933 973 diligentia
961 913 1213 957 elaboravit.
1276 910 1327 952 Id
1357 909 1576 966 quomodo

115 982 322 1039 quisque,
345 986 503 1041 quibus
525 985 700 1041 adjutus
733 985 941 1027 librorum
965 980 1278 1031 instrumentis,
1300 994 1386 1036 quo
1411 993 1580 1019 succes-

121 1065 174 1092 su
202 1052 354 1109 egerit,
380 1068 460 1095 nec
481 1054 536 1095 ab
558 1054 642 1096 hoc
675 1053 771 1095 loco
806 1053 995 1095 alienum
1019 1051 1202 1100 videtur,
1231 1061 1464 1104 exponere,
1499 1060 1579 1088 nec

123 1133 152 1160 a
173 1120 326 1162 studiis
347 1135 512 1173 eorum,
535 1122 692 1178 quibus
716 1131 886 1162 nostros
907 1121 949 1161 in
975 1120 1025 1160 iis
1059 1117 1294 1160 tractandis
1316 1116 1484 1157 labores
1506 1115 1580 1156 de-

126 1187 397 1231 stinavimus.
459 1190 574 1231 Nam
605 1199 648 1230 et
670 1190 723 1231 ad
744 1189 1032 1245 judicandum
1066 1187 1119 1228 de
1151 1195 1298 1227 nostra
1321 1185 1364 1226 in
1398 1184 1464 1226 his
1485 1198 1580 1225 ora-

115 1256 318 1300 ,tionibus
349 1257 447 1298 crisi
470 1258 677 1313 proderit,
701 1268 744 1298 et
775 1258 829 1298 ad
861 1256 1132 1314 superiorum
1163 1255 1209 1295 in
1239 1254 1392 1295 eodem
1423 1267 1580 1310 genere

126 1325 281 1366 merita
302 1335 417 1366 recte
436 1325 707 1366 aestimanda.

114 1438 117 1442 ⁴
184 1392 357 1433 Primus
390 1393 525 1449 igitur
557 1393 787 1435 Orationes
813 1391 957 1434 Romae
980 1407 1054 1448 per
1078 1390 1327 1433 Sveinlzemii
1348 1398 1391 1431 et
1410 1389 1582 1431 Panar-

114 1459 176 1504 Iii
192 1459 412 1513 formulas,
431 1455 647 1518 quotquot
669 1461 853 1518 reperire
871 1461 915 1502 in
928 1461 1134 1502 librorum
1155 1460 1415 1516 scriptorum
1435 1473 1581 1500 exem-

116 1528 205 1583 „plis
236 1539 450 1585 potuerat,
488 1530 533 1571 in
566 1530 707 1571 lucem
741 1529 922 1586 protulit
957 1529 1029 1571 Jo.
1051 1520 1240 1570 Andrkas
1271 1527 1506 1569 Aleriensis
1538 1543 1576 1568 a.

126 1595 179 1638 C.
209 1604 329 1644 1471.
392 1597 498 1654 Ejus
535 1599 738 1640 editionis
771 1598 973 1654 exempla
1003 1606 1047 1639 et
1080 1597 1219 1638 forma
1240 1597 1432 1639 maxima
1463 1606 1577 1648 sunt,

118 1674 169 1708 et
197 1681 248 1708 ea
276 1666 615 1723 pulchritudine,
648 1682 778 1723 quam
810 1682 949 1723 pauca
983 1666 1066 1708 alia
1100 1666 1338 1723 attingunt,
1373 1665 1579 1722 pauciora

120 1745 345 1791 superant.
406 1735 507 1792 Ipse
542 1751 640 1792 quae
673 1733 720 1777 et⁸
751 1735 896 1792 qualia
925 1734 1126 1791 exempla
1159 1733 1334 1785 fuerint,
1366 1749 1389 1775 e
1421 1734 1577 1789 quibus

125 1810 296 1845 textum
319 1805 605 1856 concinnarit‚
637 1819 723 1846 non
756 1804 885 1856 dixit,
906 1818 986 1845 nec
1019 1804 1196 1845 omnino
1233 1803 1336 1858 quid
1361 1802 1511 1844 fecerit
1533 1802 1577 1846 in

119 1885 175 1914 eo
197 1873 528 1918 constituendo:
561 1883 752 1914 ceterum
783 1883 826 1914 et
848 1873 994 1913 multis
1028 1872 1120 1914 aliis
1155 1872 1366 1928 exemplis
1399 1872 1578 1928 cognita

122 1939 204 1982 viri
227 1940 467 1997 diligentia,
490 1950 534 1983 et
553 1956 619 1983 res
642 1942 736 1998 ipsa
757 1941 899 1992 docet,
922 1941 960 1981 ei
984 1956 1071 1981 non
1102 1955 1254 1996 parum
1277 1941 1437 1991 deberi,
1461 1940 1574 1996 ejus-

119 2023 206 2064 que
228 2009 431 2050 editionis
454 2010 654 2066 exempla
674 2010 718 2051 in
740 2009 908 2052 delectu
930 2009 1166 2050 lectionum
1189 2024 1275 2051 non
1296 2024 1448 2066 parum
1480 2024 1574 2051 mo-

120 2078 257 2124 menti
291 2077 463 2119 habere.
525 2078 754 2120 Orationes
787 2078 883 2120 haec
916 2078 1050 2119 editio
1086 2077 1233 2128 habet,
1265 2093 1362 2133 quae
1396 2078 1570 2133 quidem

119 2155 287 2196 extant,
310 2161 473 2198 omnes,
495 2146 690 2188 admistis
709 2147 840 2188 etiam
862 2147 928 2198 iis,
950 2161 1055 2202 quas
1078 2146 1242 2203 spurias
1261 2147 1390 2188 hodie
1413 2147 1570 2188 scimus

119 2228 227 2265 esse,
247 2214 450 2260 ,Sallustii
474 2216 518 2256 in
543 2215 798 2257 Ciceronem
822 2225 865 2256 et
885 2214 1016 2270 hujus
1048 2215 1093 2257 in
1121 2215 1256 2267 illum,
1280 2215 1469 2272 itemque
1493 2215 1571 2257 hu-

112 2282 189 2338 jus
219 2283 412 2335 alteram,
443 2284 496 2325 ad
517 2284 684 2339 equites
717 2284 879 2326 dictam
909 2293 1023 2336 ante,
1046 2299 1175 2340 quam
1197 2284 1241 2325 in
1264 2284 1443 2325 exilium
1474 2285 1569 2328 iret.

123 2350 244 2393 Ordo
267 2351 514 2393 orationum
535 2367 623 2393 non
646 2361 710 2393 est
740 2352 793 2393 ad
826 2353 1032 2409 temporis
1064 2353 1252 2394 rationes
1276 2353 1430 2405 factus,
1454 2355 1571 2398 clau-

121 2419 318 2476 duntque
339 2435 496 2476 agmen
520 2420 714 2462 Verrinae
737 2429 780 2461 et
815 2420 1091 2477 Philippicae.
1155 2421 1253 2462 Hac
1276 2422 1468 2464 editione
1498 2439 1572 2466 ne-

122 2487 285 2530 minem
319 2502 483 2539 eorum,
506 2489 580 2545 qui
613 2489 810 2530 criticam
844 2504 1020 2546 operam
1052 2489 1120 2531 his
1149 2490 1418 2532 orationibus
1441 2507 1573 2534 nava-

119 2564 238 2608 runt,
255 2571 379 2598 usum
403 2558 556 2613 reperi.
618 2557 733 2599 Nam
755 2558 829 2613 qui
848 2558 1030 2614 primam
1049 2573 1194 2599 earum
1217 2558 1458 2601 editionum
1481 2576 1571 2604 me-

119 2634 307 2675 morant,
324 2624 717 2666 Waldarferianam
741 2625 1004 2682 intelligunt,
1024 2635 1099 2667 aut
1115 2626 1303 2682 aliquam
1325 2643 1348 2669 e
1371 2630 1571 2685 proxime

118 2693 415 2747 sequentibus.
477 2692 671 2735 Omnino
686 2694 893 2751 exempla
925 2694 1125 2736 Romana
1145 2709 1200 2736 ex
1215 2689 1370 2736 ⁴eadem
1394 2697 1571 2740 officina

116 2759 318 2817 neglecta
338 2761 476 2818 reperi
499 2762 631 2804 etiam
654 2760 1024 2820 in⁷Epistolarum
1047 2766 1311 2815 recensione,
1333 2779 1432 2806 cum
1453 2766 1496 2807 in
1518 2781 1570 2808 ea

114 2838 238 2887 parte
259 2844 438 2885 operum
462 2830 849 2874 Ciceronianorum
871 2832 1068 2874 omnium
1097 2831 1427 2889 diligentissime
1448 2834 1569 2877 labo-

173 2910 283 2939 VOL.
308 2911 364 2940 11.
826 2914 853 2941 a
