<?xml version="1.0" encoding="UTF-8"?>
<!DOCTYPE html PUBLIC "-//W3C//DTD XHTML 1.0 Transitional//EN"
    "http://www.w3.org/TR/xhtml1/DTD/xhtml1-transitional.dtd">
<html xmlns="http://www.w3.org/1999/xhtml" xml:lang="en" lang="en">
 <head>
  <title>
</title>
<meta http-equiv="Content-Type" content="text/html;charset=utf-8" />
  <meta name='ocr-system' content='tesseract 3.04.00' />
  <meta name='ocr-capabilities' content='ocr_page ocr_carea ocr_par ocr_line ocrx_word'/>
</head>
<body>
  <div class='ocr_page' id='page_1' title='image "./p1operaomnia02ciceuoft_0020.png"; bbox 0 0 1907 3231; ppageno 0'>
   <div class='ocr_carea' id='block_1_1' title="bbox 283 100 1212 162">
    <p class='ocr_par' dir='ltr' id='par_1_1' title="bbox 283 100 1212 162">
     <span class='ocr_line' id='line_1_1' title="bbox 283 100 1212 162; baseline 0 0"><span class='ocrx_word' id='word_1_1' title='bbox 283 119 345 162; x_wconf 73' lang='lat' dir='ltr'>xii</span> <span class='ocrx_word' id='word_1_2' title='bbox 790 100 1212 162; x_wconf 66' lang='lat' dir='ltr'>PR&#39;AEFATIO.</span> 
     </span>
    </p>
   </div>
   <div class='ocr_carea' id='block_1_2' title="bbox 253 228 1720 2854">
    <p class='ocr_par' dir='ltr' id='par_1_2' title="bbox 253 228 1720 2854">
     <span class='ocr_line' id='line_1_2' title="bbox 281 228 1717 286; baseline 0.001 -18"><span class='ocrx_word' id='word_1_3' title='bbox 281 241 480 283; x_wconf 78' lang='lat' dir='ltr'>quaeque,</span> <span class='ocrx_word' id='word_1_4' title='bbox 516 243 688 286; x_wconf 84' lang='lat' dir='ltr'>eorpus,</span> <span class='ocrx_word' id='word_1_5' title='bbox 727 244 815 272; x_wconf 87' lang='lat' dir='ltr'>uno</span> <span class='ocrx_word' id='word_1_6' title='bbox 850 230 1068 272; x_wconf 88' lang='lat' dir='ltr'>volumine</span> <span class='ocrx_word' id='word_1_7' title='bbox 1104 228 1486 286; x_wconf 72' lang='lat' dir='ltr'>comprehensum3</span> <span class='ocrx_word' id='word_1_8' title='bbox 1524 234 1717 271; x_wconf 73' lang='lat' dir='ltr'>recentes</span> 
     </span>
     <span class='ocr_line' id='line_1_3' title="bbox 282 295 1719 354; baseline 0.001 -18"><span class='ocrx_word' id='word_1_9' title='bbox 282 295 513 338; x_wconf 81' lang='lat' dir='ltr'>admodum</span> <span class='ocrx_word' id='word_1_10' title='bbox 545 297 675 339; x_wconf 86' lang='lat' dir='ltr'>fuisse</span> <span class='ocrx_word' id='word_1_11' title='bbox 706 306 870 339; x_wconf 89' lang='lat' dir='ltr'>certum</span> <span class='ocrx_word' id='word_1_12' title='bbox 898 307 1023 340; x_wconf 89' lang='lat' dir='ltr'>esset.</span> <span class='ocrx_word' id='word_1_13' title='bbox 1086 298 1197 339; x_wconf 86' lang='lat' dir='ltr'>Nam</span> <span class='ocrx_word' id='word_1_14' title='bbox 1230 297 1273 338; x_wconf 87' lang='lat' dir='ltr'>in</span> <span class='ocrx_word' id='word_1_15' title='bbox 1303 305 1484 352; x_wconf 90' lang='lat' dir='ltr'>utroque</span> <span class='ocrx_word' id='word_1_16' title='bbox 1515 297 1719 354; x_wconf 87' lang='lat' dir='ltr'>exemplo</span> 
     </span>
     <span class='ocr_line' id='line_1_4' title="bbox 282 361 1717 421; baseline 0.003 -19"><span class='ocrx_word' id='word_1_17' title='bbox 282 361 428 404; x_wconf 87' lang='lat' dir='ltr'>insunt</span> <span class='ocrx_word' id='word_1_18' title='bbox 448 378 526 415; x_wconf 86' lang='lat' dir='ltr'>eae,</span> <span class='ocrx_word' id='word_1_19' title='bbox 547 379 652 420; x_wconf 81' lang='lat' dir='ltr'>quus</span> <span class='ocrx_word' id='word_1_20' title='bbox 683 365 845 421; x_wconf 88' lang='lat' dir='ltr'>primus</span> <span class='ocrx_word' id='word_1_21' title='bbox 875 365 948 407; x_wconf 88' lang='lat' dir='ltr'>illo</span> <span class='ocrx_word' id='word_1_22' title='bbox 979 365 1122 407; x_wconf 87' lang='lat' dir='ltr'>seculo</span> <span class='ocrx_word' id='word_1_23' title='bbox 1146 364 1338 420; x_wconf 81' lang='lat' dir='ltr'>Poggius</span> <span class='ocrx_word' id='word_1_24' title='bbox 1360 379 1383 405; x_wconf 89' lang='lat' dir='ltr'>e</span> <span class='ocrx_word' id='word_1_25' title='bbox 1406 364 1640 406; x_wconf 84' lang='lat' dir='ltr'><strong>Germania</strong></span> <span class='ocrx_word' id='word_1_26' title='bbox 1670 365 1717 406; x_wconf 80' lang='lat' dir='ltr'>in</span> 
     </span>
     <span class='ocr_line' id='line_1_5' title="bbox 282 428 1714 487; baseline 0.002 -16"><span class='ocrx_word' id='word_1_27' title='bbox 282 428 454 472; x_wconf 79' lang='lat' dir='ltr'>Italiam</span> <span class='ocrx_word' id='word_1_28' title='bbox 484 432 699 473; x_wconf 81' lang='lat' dir='ltr'>attulerat.</span> <span class='ocrx_word' id='word_1_29' title='bbox 758 433 841 474; x_wconf 86' lang='lat' dir='ltr'>Sed</span> <span class='ocrx_word' id='word_1_30' title='bbox 864 442 912 474; x_wconf 90' lang='lat' dir='ltr'>ut</span> <span class='ocrx_word' id='word_1_31' title='bbox 942 447 1055 474; x_wconf 92' lang='lat' dir='ltr'>nunc</span> <span class='ocrx_word' id='word_1_32' title='bbox 1084 432 1238 483; x_wconf 89' lang='lat' dir='ltr'>nullus,</span> <span class='ocrx_word' id='word_1_33' title='bbox 1260 432 1374 487; x_wconf 90' lang='lat' dir='ltr'>quod</span> <span class='ocrx_word' id='word_1_34' title='bbox 1405 432 1554 483; x_wconf 82' lang='lat' dir='ltr'>seiam,</span> <span class='ocrx_word' id='word_1_35' title='bbox 1575 432 1714 474; x_wconf 82' lang='lat' dir='ltr'>codex</span> 
     </span>
     <span class='ocr_line' id='line_1_6' title="bbox 279 498 1716 557; baseline 0.001 -19"><span class='ocrx_word' id='word_1_36' title='bbox 279 498 463 555; x_wconf 87' lang='lat' dir='ltr'>scriptus</span> <span class='ocrx_word' id='word_1_37' title='bbox 496 500 717 556; x_wconf 87' lang='lat' dir='ltr'>reperitur,</span> <span class='ocrx_word' id='word_1_38' title='bbox 748 501 821 556; x_wconf 89' lang='lat' dir='ltr'>qui</span> <span class='ocrx_word' id='word_1_39' title='bbox 853 515 1000 542; x_wconf 89' lang='lat' dir='ltr'>omnes</span> <span class='ocrx_word' id='word_1_40' title='bbox 1036 500 1206 551; x_wconf 82' lang='lat' dir='ltr'>habeat,</span> <span class='ocrx_word' id='word_1_41' title='bbox 1240 500 1301 541; x_wconf 92' lang='lat' dir='ltr'>sic</span> <span class='ocrx_word' id='word_1_42' title='bbox 1336 509 1380 541; x_wconf 87' lang='lat' dir='ltr'>et</span> <span class='ocrx_word' id='word_1_43' title='bbox 1411 499 1484 541; x_wconf 91' lang='lat' dir='ltr'>illo</span> <span class='ocrx_word' id='word_1_44' title='bbox 1520 508 1716 557; x_wconf 87' lang='lat' dir='ltr'>tempore</span> 
     </span>
     <span class='ocr_line' id='line_1_7' title="bbox 277 565 1716 623; baseline 0.002 -18"><span class='ocrx_word' id='word_1_45' title='bbox 277 579 354 620; x_wconf 83' lang='lat' dir='ltr'>per</span> <span class='ocrx_word' id='word_1_46' title='bbox 384 565 503 622; x_wconf 83' lang='lat' dir='ltr'>plura</span> <span class='ocrx_word' id='word_1_47' title='bbox 534 567 751 608; x_wconf 86' lang='lat' dir='ltr'>volumina</span> <span class='ocrx_word' id='word_1_48' title='bbox 771 568 981 623; x_wconf 85' lang='lat' dir='ltr'>dispersas</span> <span class='ocrx_word' id='word_1_49' title='bbox 1012 567 1142 608; x_wconf 86' lang='lat' dir='ltr'>fuisse</span> <span class='ocrx_word' id='word_1_50' title='bbox 1169 568 1382 608; x_wconf 79' lang='lat' dir='ltr'>orationes</span> <span class='ocrx_word' id='word_1_51' title='bbox 1412 582 1461 608; x_wconf 87' lang='lat' dir='ltr'>ac</span> <span class='ocrx_word' id='word_1_52' title='bbox 1488 567 1716 608; x_wconf 85' lang='lat' dir='ltr'>distractas</span> 
     </span>
     <span class='ocr_line' id='line_1_8' title="bbox 276 633 1717 690; baseline 0.001 -18"><span class='ocrx_word' id='word_1_53' title='bbox 276 646 364 674; x_wconf 90' lang='lat' dir='ltr'>nou</span> <span class='ocrx_word' id='word_1_54' title='bbox 396 643 537 689; x_wconf 86' lang='lat' dir='ltr'>potest</span> <span class='ocrx_word' id='word_1_55' title='bbox 568 635 771 676; x_wconf 87' lang='lat' dir='ltr'>dubitari.</span> <span class='ocrx_word' id='word_1_56' title='bbox 831 635 983 690; x_wconf 83' lang='lat' dir='ltr'>Neque</span> <span class='ocrx_word' id='word_1_57' title='bbox 1011 634 1125 675; x_wconf 87' lang='lat' dir='ltr'>enim</span> <span class='ocrx_word' id='word_1_58' title='bbox 1160 634 1281 675; x_wconf 87' lang='lat' dir='ltr'>multi</span> <span class='ocrx_word' id='word_1_59' title='bbox 1317 648 1464 676; x_wconf 89' lang='lat' dir='ltr'>omnes</span> <span class='ocrx_word' id='word_1_60' title='bbox 1497 633 1717 676; x_wconf 77' lang='lat' dir='ltr'>orationes</span> 
     </span>
     <span class='ocr_line' id='line_1_9' title="bbox 277 699 1718 758; baseline 0.002 -19"><span class='ocrx_word' id='word_1_61' title='bbox 277 699 424 741; x_wconf 86' lang='lat' dir='ltr'>usibus</span> <span class='ocrx_word' id='word_1_62' title='bbox 455 702 541 742; x_wconf 83' lang='lat' dir='ltr'>suis</span> <span class='ocrx_word' id='word_1_63' title='bbox 570 711 705 758; x_wconf 85' lang='lat' dir='ltr'>aptas,</span> <span class='ocrx_word' id='word_1_64' title='bbox 737 702 902 757; x_wconf 88' lang='lat' dir='ltr'>sibique</span> <span class='ocrx_word' id='word_1_65' title='bbox 933 701 1132 758; x_wconf 83' lang='lat' dir='ltr'>legendas</span> <span class='ocrx_word' id='word_1_66' title='bbox 1164 702 1398 757; x_wconf 85' lang='lat' dir='ltr'>putabant:</span> <span class='ocrx_word' id='word_1_67' title='bbox 1430 701 1504 742; x_wconf 87' lang='lat' dir='ltr'>sed</span> <span class='ocrx_word' id='word_1_68' title='bbox 1535 715 1612 757; x_wconf 89' lang='lat' dir='ltr'>pro</span> <span class='ocrx_word' id='word_1_69' title='bbox 1634 715 1718 742; x_wconf 39' lang='lat' dir='ltr'>suo&gt;</span> 
     </span>
     <span class='ocr_line' id='line_1_10' title="bbox 275 768 1712 824; baseline 0.001 -17"><span class='ocrx_word' id='word_1_70' title='bbox 275 768 457 822; x_wconf 82' lang='lat' dir='ltr'>quisque</span> <span class='ocrx_word' id='word_1_71' title='bbox 478 769 657 811; x_wconf 80' lang='lat' dir='ltr'>consilio</span> <span class='ocrx_word' id='word_1_72' title='bbox 680 779 724 811; x_wconf 86' lang='lat' dir='ltr'>et</span> <span class='ocrx_word' id='word_1_73' title='bbox 754 770 991 811; x_wconf 86' lang='lat' dir='ltr'>studiorum</span> <span class='ocrx_word' id='word_1_74' title='bbox 1015 769 1213 810; x_wconf 83' lang='lat' dir='ltr'>instituto</span> <span class='ocrx_word' id='word_1_75' title='bbox 1235 769 1494 824; x_wconf 80' lang='lat' dir='ltr'>descriptam</span> <span class='ocrx_word' id='word_1_76' title='bbox 1524 768 1712 824; x_wconf 85' lang='lat' dir='ltr'><strong>aliquam</strong></span> 
     </span>
     <span class='ocr_line' id='line_1_11' title="bbox 275 834 1713 892; baseline 0.002 -18"><span class='ocrx_word' id='word_1_77' title='bbox 275 848 420 875; x_wconf 85' lang='lat' dir='ltr'>earum</span> <span class='ocrx_word' id='word_1_78' title='bbox 443 845 606 892; x_wconf 86' lang='lat' dir='ltr'>partem</span> <span class='ocrx_word' id='word_1_79' title='bbox 629 837 831 878; x_wconf 84' lang='lat' dir='ltr'>habebat.</span> <span class='ocrx_word' id='word_1_80' title='bbox 892 836 1044 891; x_wconf 88' lang='lat' dir='ltr'>Itaque</span> <span class='ocrx_word' id='word_1_81' title='bbox 1063 846 1105 877; x_wconf 92' lang='lat' dir='ltr'>et</span> <span class='ocrx_word' id='word_1_82' title='bbox 1126 851 1240 877; x_wconf 88' lang='lat' dir='ltr'>nunc</span> <span class='ocrx_word' id='word_1_83' title='bbox 1263 836 1307 877; x_wconf 88' lang='lat' dir='ltr'>in</span> <span class='ocrx_word' id='word_1_84' title='bbox 1330 835 1604 878; x_wconf 87' lang='lat' dir='ltr'>bibliothecis</span> <span class='ocrx_word' id='word_1_85' title='bbox 1623 834 1713 877; x_wconf 89' lang='lat' dir='ltr'>Co·-</span> 
     </span>
     <span class='ocr_line' id='line_1_12' title="bbox 274 901 1713 961; baseline 0.001 -19"><span class='ocrx_word' id='word_1_86' title='bbox 274 901 391 944; x_wconf 89' lang='lat' dir='ltr'>dices</span> <span class='ocrx_word' id='word_1_87' title='bbox 421 904 568 960; x_wconf 86' lang='lat' dir='ltr'>scripti</span> <span class='ocrx_word' id='word_1_88' title='bbox 601 905 883 960; x_wconf 83' lang='lat' dir='ltr'>reperiuntur,</span> <span class='ocrx_word' id='word_1_89' title='bbox 907 904 1039 955; x_wconf 77' lang='lat' dir='ltr'>vario,</span> <span class='ocrx_word' id='word_1_90' title='bbox 1062 918 1176 959; x_wconf 82' lang='lat' dir='ltr'>saepe</span> <span class='ocrx_word' id='word_1_91' title='bbox 1206 904 1445 961; x_wconf 83' lang='lat' dir='ltr'>perexiguo</span> <span class='ocrx_word' id='word_1_92' title='bbox 1467 903 1713 945; x_wconf 84' lang='lat' dir='ltr'>orationum</span> 
     </span>
     <span class='ocr_line' id='line_1_13' title="bbox 275 971 1711 1028; baseline 0.001 -18"><span class='ocrx_word' id='word_1_93' title='bbox 275 983 468 1012; x_wconf 85' lang='lat' dir='ltr'>numero.</span> <span class='ocrx_word' id='word_1_94' title='bbox 517 971 805 1028; x_wconf 80' lang='lat' dir='ltr'>Inprimisque</span> <span class='ocrx_word' id='word_1_95' title='bbox 828 987 942 1028; x_wconf 84' lang='lat' dir='ltr'>saepe</span> <span class='ocrx_word' id='word_1_96' title='bbox 964 980 1007 1013; x_wconf 87' lang='lat' dir='ltr'>et</span> <span class='ocrx_word' id='word_1_97' title='bbox 1027 987 1052 1013; x_wconf 84' lang='lat' dir='ltr'>a</span> <span class='ocrx_word' id='word_1_98' title='bbox 1073 971 1218 1012; x_wconf 89' lang='lat' dir='ltr'>multis</span> <span class='ocrx_word' id='word_1_99' title='bbox 1240 971 1594 1013; x_wconf 80' lang='lat' dir='ltr'>describebantur</span> <span class='ocrx_word' id='word_1_100' title='bbox 1614 985 1711 1012; x_wconf 79' lang='lat' dir='ltr'>ora-</span> 
     </span>
     <span class='ocr_line' id='line_1_14' title="bbox 272 1037 1715 1095; baseline 0.001 -17"><span class='ocrx_word' id='word_1_101' title='bbox 272 1037 411 1079; x_wconf 83' lang='lat' dir='ltr'>tiones</span> <span class='ocrx_word' id='word_1_102' title='bbox 442 1053 520 1090; x_wconf 83' lang='lat' dir='ltr'>eae,</span> <span class='ocrx_word' id='word_1_103' title='bbox 546 1055 642 1094; x_wconf 70' lang='lat' dir='ltr'>quas</span> <span class='ocrx_word' id='word_1_104' title='bbox 674 1049 815 1081; x_wconf 85' lang='lat' dir='ltr'>essent</span> <span class='ocrx_word' id='word_1_105' title='bbox 843 1040 1045 1081; x_wconf 85' lang='lat' dir='ltr'>studiosis</span> <span class='ocrx_word' id='word_1_106' title='bbox 1066 1039 1322 1094; x_wconf 82' lang='lat' dir='ltr'>eloquentiae</span> <span class='ocrx_word' id='word_1_107' title='bbox 1353 1039 1603 1095; x_wconf 88' lang='lat' dir='ltr'>aptissimae,</span> <span class='ocrx_word' id='word_1_108' title='bbox 1624 1038 1715 1080; x_wconf 70' lang='lat' dir='ltr'>hoe</span> 
     </span>
     <span class='ocr_line' id='line_1_15' title="bbox 271 1106 1710 1163; baseline 0.001 -18"><span class='ocrx_word' id='word_1_109' title='bbox 271 1115 350 1155; x_wconf 82' lang='lat' dir='ltr'>est,</span> <span class='ocrx_word' id='word_1_110' title='bbox 374 1106 585 1148; x_wconf 78' lang='lat' dir='ltr'>faciliores</span> <span class='ocrx_word' id='word_1_111' title='bbox 617 1107 668 1148; x_wconf 84' lang='lat' dir='ltr'>ad</span> <span class='ocrx_word' id='word_1_112' title='bbox 694 1107 1017 1163; x_wconf 85' lang='lat' dir='ltr'>intelligendum</span> <span class='ocrx_word' id='word_1_113' title='bbox 1042 1114 1170 1161; x_wconf 87' lang='lat' dir='ltr'>atque</span> <span class='ocrx_word' id='word_1_114' title='bbox 1191 1106 1319 1147; x_wconf 86' lang='lat' dir='ltr'>etiam</span> <span class='ocrx_word' id='word_1_115' title='bbox 1341 1106 1645 1148; x_wconf 79' lang='lat' dir='ltr'>elaboratiores</span> <span class='ocrx_word' id='word_1_116' title='bbox 1664 1115 1710 1148; x_wconf 84' lang='lat' dir='ltr'>et</span> 
     </span>
     <span class='ocr_line' id='line_1_16' title="bbox 271 1172 1712 1231; baseline 0.002 -19"><span class='ocrx_word' id='word_1_117' title='bbox 271 1172 503 1228; x_wconf 82' lang='lat' dir='ltr'>pulcriores</span> <span class='ocrx_word' id='word_1_118' title='bbox 536 1175 590 1216; x_wconf 87' lang='lat' dir='ltr'>ab</span> <span class='ocrx_word' id='word_1_119' title='bbox 624 1176 866 1226; x_wconf 86' lang='lat' dir='ltr'>verborum,</span> <span class='ocrx_word' id='word_1_120' title='bbox 904 1175 1152 1231; x_wconf 81' lang='lat' dir='ltr'>figurarum,</span> <span class='ocrx_word' id='word_1_121' title='bbox 1190 1173 1382 1215; x_wconf 89' lang='lat' dir='ltr'>locorum</span> <span class='ocrx_word' id='word_1_122' title='bbox 1413 1174 1712 1216; x_wconf 84' lang='lat' dir='ltr'>communium·</span> 
     </span>
     <span class='ocr_line' id='line_1_17' title="bbox 268 1241 1709 1296; baseline 0.001 -15"><span class='ocrx_word' id='word_1_123' title='bbox 268 1241 410 1296; x_wconf 85' lang='lat' dir='ltr'>copia,</span> <span class='ocrx_word' id='word_1_124' title='bbox 431 1250 475 1282; x_wconf 90' lang='lat' dir='ltr'>et</span> <span class='ocrx_word' id='word_1_125' title='bbox 503 1256 777 1283; x_wconf 84' lang='lat' dir='ltr'>numerorum</span> <span class='ocrx_word' id='word_1_126' title='bbox 807 1242 1197 1296; x_wconf 87' lang='lat' dir='ltr'>concinnitatisque</span> <span class='ocrx_word' id='word_1_127' title='bbox 1227 1242 1452 1291; x_wconf 86' lang='lat' dir='ltr'>suavitate,</span> <span class='ocrx_word' id='word_1_128' title='bbox 1482 1250 1532 1283; x_wconf 86' lang='lat' dir='ltr'>ut</span> <span class='ocrx_word' id='word_1_129' title='bbox 1561 1241 1709 1283; x_wconf 84' lang='lat' dir='ltr'>Mani-</span> 
     </span>
     <span class='ocr_line' id='line_1_18' title="bbox 267 1307 1706 1366; baseline 0.002 -18"><span class='ocrx_word' id='word_1_130' title='bbox 267 1307 394 1360; x_wconf 82' lang='lat' dir='ltr'>liana,</span> <span class='ocrx_word' id='word_1_131' title='bbox 427 1308 684 1361; x_wconf 82' lang='lat' dir='ltr'>Miloniana,</span> <span class='ocrx_word' id='word_1_132' title='bbox 719 1325 796 1366; x_wconf 88' lang='lat' dir='ltr'>pro</span> <span class='ocrx_word' id='word_1_133' title='bbox 828 1310 1003 1360; x_wconf 81' lang='lat' dir='ltr'>Archia,</span> <span class='ocrx_word' id='word_1_134' title='bbox 1047 1309 1255 1350; x_wconf 80' lang='lat' dir='ltr'>Marcello</span> <span class='ocrx_word' id='word_1_135' title='bbox 1286 1318 1369 1350; x_wconf 91' lang='lat' dir='ltr'>etc.</span> <span class='ocrx_word' id='word_1_136' title='bbox 1410 1309 1524 1350; x_wconf 88' lang='lat' dir='ltr'>unde</span> <span class='ocrx_word' id='word_1_137' title='bbox 1556 1318 1600 1352; x_wconf 89' lang='lat' dir='ltr'>et</span> <span class='ocrx_word' id='word_1_138' title='bbox 1637 1309 1706 1351; x_wconf 86' lang='lat' dir='ltr'>hae</span> 
     </span>
     <span class='ocr_line' id='line_1_19' title="bbox 269 1375 1706 1431; baseline 0.003 -16"><span class='ocrx_word' id='word_1_139' title='bbox 269 1375 373 1431; x_wconf 85' lang='lat' dir='ltr'>ipsae</span> <span class='ocrx_word' id='word_1_140' title='bbox 395 1385 494 1417; x_wconf 81' lang='lat' dir='ltr'>sunt</span> <span class='ocrx_word' id='word_1_141' title='bbox 515 1377 841 1419; x_wconf 78' lang='lat' dir='ltr'>emendatiores.</span> <span class='ocrx_word' id='word_1_142' title='bbox 903 1378 1013 1424; x_wconf 82' lang='lat' dir='ltr'>Quae</span> <span class='ocrx_word' id='word_1_143' title='bbox 1037 1386 1179 1418; x_wconf 85' lang='lat' dir='ltr'>autem</span> <span class='ocrx_word' id='word_1_144' title='bbox 1201 1384 1342 1418; x_wconf 85' lang='lat' dir='ltr'>essent</span> <span class='ocrx_word' id='word_1_145' title='bbox 1362 1376 1625 1418; x_wconf 88' lang='lat' dir='ltr'>difficiliores</span> <span class='ocrx_word' id='word_1_146' title='bbox 1651 1378 1706 1419; x_wconf 82' lang='lat' dir='ltr'>ab</span> 
     </span>
     <span class='ocr_line' id='line_1_20' title="bbox 267 1443 1705 1500; baseline 0.002 -17"><span class='ocrx_word' id='word_1_147' title='bbox 267 1453 523 1500; x_wconf 84' lang='lat' dir='ltr'>argumento</span> <span class='ocrx_word' id='word_1_148' title='bbox 546 1454 590 1485; x_wconf 87' lang='lat' dir='ltr'>et</span> <span class='ocrx_word' id='word_1_149' title='bbox 610 1444 702 1486; x_wconf 88' lang='lat' dir='ltr'>aliis</span> <span class='ocrx_word' id='word_1_150' title='bbox 725 1445 879 1495; x_wconf 88' lang='lat' dir='ltr'>causis,</span> <span class='ocrx_word' id='word_1_151' title='bbox 895 1459 1040 1485; x_wconf 87' lang='lat' dir='ltr'>earum</span> <span class='ocrx_word' id='word_1_152' title='bbox 1063 1459 1157 1486; x_wconf 86' lang='lat' dir='ltr'>raro</span> <span class='ocrx_word' id='word_1_153' title='bbox 1178 1443 1376 1500; x_wconf 79' lang='lat' dir='ltr'>exempla</span> <span class='ocrx_word' id='word_1_154' title='bbox 1395 1459 1509 1485; x_wconf 86' lang='lat' dir='ltr'>nova</span> <span class='ocrx_word' id='word_1_155' title='bbox 1527 1444 1705 1497; x_wconf 85' lang='lat' dir='ltr'>fiebant,</span> 
     </span>
     <span class='ocr_line' id='line_1_21' title="bbox 267 1511 1717 1567; baseline 0.002 -16"><span class='ocrx_word' id='word_1_156' title='bbox 267 1511 427 1567; x_wconf 88' lang='lat' dir='ltr'>quippe</span> <span class='ocrx_word' id='word_1_157' title='bbox 457 1521 625 1553; x_wconf 88' lang='lat' dir='ltr'>tantum</span> <span class='ocrx_word' id='word_1_158' title='bbox 646 1512 928 1563; x_wconf 85' lang='lat' dir='ltr'>doctioribus,</span> <span class='ocrx_word' id='word_1_159' title='bbox 950 1522 994 1553; x_wconf 90' lang='lat' dir='ltr'>et</span> <span class='ocrx_word' id='word_1_160' title='bbox 1025 1512 1067 1553; x_wconf 90' lang='lat' dir='ltr'>in</span> <span class='ocrx_word' id='word_1_161' title='bbox 1101 1512 1166 1552; x_wconf 87' lang='lat' dir='ltr'>his</span> <span class='ocrx_word' id='word_1_162' title='bbox 1197 1526 1382 1567; x_wconf 89' lang='lat' dir='ltr'>quoque,</span> <span class='ocrx_word' id='word_1_163' title='bbox 1412 1521 1462 1552; x_wconf 90' lang='lat' dir='ltr'>ut</span> <span class='ocrx_word' id='word_1_164' title='bbox 1490 1527 1605 1554; x_wconf 89' lang='lat' dir='ltr'>nunc</span> <span class='ocrx_word' id='word_1_165' title='bbox 1626 1521 1717 1564; x_wconf 86' lang='lat' dir='ltr'>est,-</span> 
     </span>
     <span class='ocr_line' id='line_1_22' title="bbox 267 1578 1706 1636; baseline 0.003 -17"><span class='ocrx_word' id='word_1_166' title='bbox 267 1580 414 1634; x_wconf 83' lang='lat' dir='ltr'>paueis</span> <span class='ocrx_word' id='word_1_167' title='bbox 436 1578 520 1636; x_wconf 86' lang='lat' dir='ltr'>legi</span> <span class='ocrx_word' id='word_1_168' title='bbox 544 1579 697 1621; x_wconf 85' lang='lat' dir='ltr'>solitae.</span> <span class='ocrx_word' id='word_1_169' title='bbox 741 1579 894 1635; x_wconf 88' lang='lat' dir='ltr'>Itaque</span> <span class='ocrx_word' id='word_1_170' title='bbox 915 1588 958 1620; x_wconf 89' lang='lat' dir='ltr'>et</span> <span class='ocrx_word' id='word_1_171' title='bbox 979 1595 1093 1621; x_wconf 88' lang='lat' dir='ltr'>nune</span> <span class='ocrx_word' id='word_1_172' title='bbox 1116 1580 1264 1621; x_wconf 83' lang='lat' dir='ltr'>harum</span> <span class='ocrx_word' id='word_1_173' title='bbox 1290 1579 1436 1620; x_wconf 83' lang='lat' dir='ltr'>talium</span> <span class='ocrx_word' id='word_1_174' title='bbox 1459 1580 1706 1623; x_wconf 85' lang='lat' dir='ltr'>orationum</span> 
     </span>
     <span class='ocr_line' id='line_1_23' title="bbox 267 1647 1706 1704; baseline 0.003 -18"><span class='ocrx_word' id='word_1_175' title='bbox 267 1647 427 1703; x_wconf 83' lang='lat' dir='ltr'>scripta</span> <span class='ocrx_word' id='word_1_176' title='bbox 447 1647 645 1704; x_wconf 78' lang='lat' dir='ltr'>exempla</span> <span class='ocrx_word' id='word_1_177' title='bbox 676 1662 768 1689; x_wconf 82' lang='lat' dir='ltr'>rara</span> <span class='ocrx_word' id='word_1_178' title='bbox 798 1657 921 1699; x_wconf 80' lang='lat' dir='ltr'>sunt3</span> <span class='ocrx_word' id='word_1_179' title='bbox 953 1661 1088 1703; x_wconf 87' lang='lat' dir='ltr'>eaque</span> <span class='ocrx_word' id='word_1_180' title='bbox 1117 1662 1245 1689; x_wconf 85' lang='lat' dir='ltr'>causa</span> <span class='ocrx_word' id='word_1_181' title='bbox 1265 1656 1343 1698; x_wconf 88' lang='lat' dir='ltr'>est,</span> <span class='ocrx_word' id='word_1_182' title='bbox 1365 1661 1496 1702; x_wconf 86' lang='lat' dir='ltr'>quare</span> <span class='ocrx_word' id='word_1_183' title='bbox 1526 1662 1588 1690; x_wconf 88' lang='lat' dir='ltr'>eae</span> <span class='ocrx_word' id='word_1_184' title='bbox 1610 1663 1706 1690; x_wconf 84' lang='lat' dir='ltr'>ora-</span> 
     </span>
     <span class='ocr_line' id='line_1_24' title="bbox 267 1714 1706 1771; baseline 0.001 -16"><span class='ocrx_word' id='word_1_185' title='bbox 267 1714 406 1755; x_wconf 85' lang='lat' dir='ltr'>tiones</span> <span class='ocrx_word' id='word_1_186' title='bbox 429 1715 569 1756; x_wconf 89' lang='lat' dir='ltr'>minus</span> <span class='ocrx_word' id='word_1_187' title='bbox 590 1715 827 1756; x_wconf 73' lang='lat' dir='ltr'>emendatae</span> <span class='ocrx_word' id='word_1_188' title='bbox 861 1715 960 1766; x_wconf 87' lang='lat' dir='ltr'>sint,</span> <span class='ocrx_word' id='word_1_189' title='bbox 990 1715 1262 1771; x_wconf 77' lang='lat' dir='ltr'>habeantque</span> <span class='ocrx_word' id='word_1_190' title='bbox 1283 1714 1569 1757; x_wconf 89' lang='lat' dir='ltr'>difficiliorem</span> <span class='ocrx_word' id='word_1_191' title='bbox 1592 1725 1706 1758; x_wconf 90' lang='lat' dir='ltr'>cete-</span> 
     </span>
     <span class='ocr_line' id='line_1_25' title="bbox 266 1782 1707 1840; baseline 0.002 -17"><span class='ocrx_word' id='word_1_192' title='bbox 266 1782 322 1822; x_wconf 90' lang='lat' dir='ltr'>ris</span> <span class='ocrx_word' id='word_1_193' title='bbox 351 1783 711 1834; x_wconf 84' lang='lat' dir='ltr'>emendationem,</span> <span class='ocrx_word' id='word_1_194' title='bbox 743 1783 955 1824; x_wconf 88' lang='lat' dir='ltr'>interdum</span> <span class='ocrx_word' id='word_1_195' title='bbox 987 1797 1065 1824; x_wconf 88' lang='lat' dir='ltr'>nec</span> <span class='ocrx_word' id='word_1_196' title='bbox 1098 1782 1294 1839; x_wconf 83' lang='lat' dir='ltr'>intelligi,</span> <span class='ocrx_word' id='word_1_197' title='bbox 1316 1797 1394 1824; x_wconf 88' lang='lat' dir='ltr'>nec</span> <span class='ocrx_word' id='word_1_198' title='bbox 1416 1784 1574 1840; x_wconf 87' lang='lat' dir='ltr'>corrigi</span> <span class='ocrx_word' id='word_1_199' title='bbox 1606 1799 1707 1840; x_wconf 90' lang='lat' dir='ltr'>pos-</span> 
     </span>
     <span class='ocr_line' id='line_1_26' title="bbox 265 1849 1706 1908; baseline 0.002 -18"><span class='ocrx_word' id='word_1_200' title='bbox 265 1851 365 1891; x_wconf 87' lang='lat' dir='ltr'>sint.</span> <span class='ocrx_word' id='word_1_201' title='bbox 427 1849 607 1892; x_wconf 81' lang='lat' dir='ltr'>Interim</span> <span class='ocrx_word' id='word_1_202' title='bbox 637 1851 745 1891; x_wconf 93' lang='lat' dir='ltr'>bene</span> <span class='ocrx_word' id='word_1_203' title='bbox 776 1850 968 1902; x_wconf 78' lang='lat' dir='ltr'>haberet,</span> <span class='ocrx_word' id='word_1_204' title='bbox 990 1851 1025 1891; x_wconf 85' lang='lat' dir='ltr'>si</span> <span class='ocrx_word' id='word_1_205' title='bbox 1047 1851 1357 1892; x_wconf 86' lang='lat' dir='ltr'>emendatiores</span> <span class='ocrx_word' id='word_1_206' title='bbox 1388 1851 1490 1892; x_wconf 85' lang='lat' dir='ltr'>satis</span> <span class='ocrx_word' id='word_1_207' title='bbox 1520 1851 1706 1908; x_wconf 84' lang='lat' dir='ltr'>diligen-</span> 
     </span>
     <span class='ocr_line' id='line_1_27' title="bbox 264 1918 1704 1974; baseline 0.001 -15"><span class='ocrx_word' id='word_1_208' title='bbox 264 1927 328 1959; x_wconf 89' lang='lat' dir='ltr'>ter</span> <span class='ocrx_word' id='word_1_209' title='bbox 358 1934 383 1960; x_wconf 86' lang='lat' dir='ltr'>a</span> <span class='ocrx_word' id='word_1_210' title='bbox 412 1918 557 1959; x_wconf 87' lang='lat' dir='ltr'>multis</span> <span class='ocrx_word' id='word_1_211' title='bbox 588 1918 843 1974; x_wconf 86' lang='lat' dir='ltr'>legerentur,</span> <span class='ocrx_word' id='word_1_212' title='bbox 872 1928 1000 1974; x_wconf 87' lang='lat' dir='ltr'>atque</span> <span class='ocrx_word' id='word_1_213' title='bbox 1021 1919 1150 1959; x_wconf 86' lang='lat' dir='ltr'>etiam</span> <span class='ocrx_word' id='word_1_214' title='bbox 1173 1928 1326 1960; x_wconf 81' lang='lat' dir='ltr'>ceterae</span> <span class='ocrx_word' id='word_1_215' title='bbox 1349 1933 1374 1959; x_wconf 86' lang='lat' dir='ltr'>a</span> <span class='ocrx_word' id='word_1_216' title='bbox 1394 1919 1533 1960; x_wconf 87' lang='lat' dir='ltr'>doctis</span> <span class='ocrx_word' id='word_1_217' title='bbox 1562 1919 1704 1961; x_wconf 91' lang='lat' dir='ltr'>homi-</span> 
     </span>
     <span class='ocr_line' id='line_1_28' title="bbox 263 1986 1707 2043; baseline 0.002 -17"><span class='ocrx_word' id='word_1_218' title='bbox 263 1987 390 2027; x_wconf 85' lang='lat' dir='ltr'>nibus</span> <span class='ocrx_word' id='word_1_219' title='bbox 412 2001 498 2027; x_wconf 91' lang='lat' dir='ltr'>non</span> <span class='ocrx_word' id='word_1_220' title='bbox 521 1986 840 2043; x_wconf 89' lang='lat' dir='ltr'>negligerentur</span> <span class='ocrx_word' id='word_1_221' title='bbox 861 1987 1003 2028; x_wconf 87' lang='lat' dir='ltr'>nimis.</span> <span class='ocrx_word' id='word_1_222' title='bbox 1027 2001 1125 2027; x_wconf 80' lang='lat' dir='ltr'>nain</span> <span class='ocrx_word' id='word_1_223' title='bbox 1148 1987 1248 2028; x_wconf 88' lang='lat' dir='ltr'>satis</span> <span class='ocrx_word' id='word_1_224' title='bbox 1271 1994 1381 2028; x_wconf 88' lang='lat' dir='ltr'>esset</span> <span class='ocrx_word' id='word_1_225' title='bbox 1401 2001 1465 2038; x_wconf 88' lang='lat' dir='ltr'>ea,</span> <span class='ocrx_word' id='word_1_226' title='bbox 1487 2002 1584 2043; x_wconf 83' lang='lat' dir='ltr'>quae</span> <span class='ocrx_word' id='word_1_227' title='bbox 1610 1988 1707 2029; x_wconf 76' lang='lat' dir='ltr'>sine</span> 
     </span>
     <span class='ocr_line' id='line_1_29' title="bbox 263 2054 1703 2112; baseline 0.001 -18"><span class='ocrx_word' id='word_1_228' title='bbox 263 2054 370 2095; x_wconf 87' lang='lat' dir='ltr'>vitio</span> <span class='ocrx_word' id='word_1_229' title='bbox 398 2063 511 2105; x_wconf 91' lang='lat' dir='ltr'>sunt,</span> <span class='ocrx_word' id='word_1_230' title='bbox 543 2054 624 2095; x_wconf 89' lang='lat' dir='ltr'>hoc</span> <span class='ocrx_word' id='word_1_231' title='bbox 656 2063 734 2104; x_wconf 78' lang='lat' dir='ltr'>est,</span> <span class='ocrx_word' id='word_1_232' title='bbox 766 2055 1000 2095; x_wconf 82' lang='lat' dir='ltr'>maximam</span> <span class='ocrx_word' id='word_1_233' title='bbox 1036 2065 1199 2110; x_wconf 85' lang='lat' dir='ltr'>partem</span> <span class='ocrx_word' id='word_1_234' title='bbox 1229 2054 1313 2111; x_wconf 87' lang='lat' dir='ltr'>legi</span> <span class='ocrx_word' id='word_1_235' title='bbox 1344 2062 1472 2110; x_wconf 88' lang='lat' dir='ltr'>atque</span> <span class='ocrx_word' id='word_1_236' title='bbox 1500 2054 1703 2112; x_wconf 85' lang='lat' dir='ltr'>intelligi.</span> 
     </span>
     <span class='ocr_line' id='line_1_30' title="bbox 266 2121 1700 2174; baseline 0.001 -11"><span class='ocrx_word' id='word_1_237' title='bbox 266 2122 358 2163; x_wconf 69' lang='lat' dir='ltr'>Nec</span> <span class='ocrx_word' id='word_1_238' title='bbox 382 2136 479 2162; x_wconf 82' lang='lat' dir='ltr'>vero</span> <span class='ocrx_word' id='word_1_239' title='bbox 502 2135 552 2162; x_wconf 82' lang='lat' dir='ltr'>ea</span> <span class='ocrx_word' id='word_1_240' title='bbox 575 2122 804 2163; x_wconf 85' lang='lat' dir='ltr'>difficultas</span> <span class='ocrx_word' id='word_1_241' title='bbox 836 2121 1030 2163; x_wconf 88' lang='lat' dir='ltr'>homines</span> <span class='ocrx_word' id='word_1_242' title='bbox 1053 2122 1218 2174; x_wconf 88' lang='lat' dir='ltr'>doctos,</span> <span class='ocrx_word' id='word_1_243' title='bbox 1240 2132 1284 2163; x_wconf 87' lang='lat' dir='ltr'>et</span> <span class='ocrx_word' id='word_1_244' title='bbox 1314 2123 1358 2163; x_wconf 90' lang='lat' dir='ltr'>in</span> <span class='ocrx_word' id='word_1_245' title='bbox 1380 2123 1542 2164; x_wconf 86' lang='lat' dir='ltr'>criticis</span> <span class='ocrx_word' id='word_1_246' title='bbox 1572 2123 1700 2165; x_wconf 83' lang='lat' dir='ltr'>rebus</span> 
     </span>
     <span class='ocr_line' id='line_1_31' title="bbox 262 2189 1713 2246; baseline 0.001 -16"><span class='ocrx_word' id='word_1_247' title='bbox 262 2199 376 2230; x_wconf 87' lang='lat' dir='ltr'>recte</span> <span class='ocrx_word' id='word_1_248' title='bbox 406 2189 678 2239; x_wconf 81' lang='lat' dir='ltr'>exercitatos,</span> <span class='ocrx_word' id='word_1_249' title='bbox 704 2189 913 2230; x_wconf 87' lang='lat' dir='ltr'>deterrere</span> <span class='ocrx_word' id='word_1_250' title='bbox 944 2190 997 2230; x_wconf 84' lang='lat' dir='ltr'>ab</span> <span class='ocrx_word' id='word_1_251' title='bbox 1030 2190 1284 2231; x_wconf 85' lang='lat' dir='ltr'>emendandi</span> <span class='ocrx_word' id='word_1_252' title='bbox 1315 2198 1358 2230; x_wconf 87' lang='lat' dir='ltr'>et</span> <span class='ocrx_word' id='word_1_253' title='bbox 1388 2190 1713 2246; x_wconf 85' lang='lat' dir='ltr'>interpretandi·</span> 
     </span>
     <span class='ocr_line' id='line_1_32' title="bbox 261 2257 1713 2314; baseline 0.001 -18"><span class='ocrx_word' id='word_1_254' title='bbox 261 2257 403 2297; x_wconf 87' lang='lat' dir='ltr'>studio</span> <span class='ocrx_word' id='word_1_255' title='bbox 426 2267 469 2298; x_wconf 88' lang='lat' dir='ltr'>et</span> <span class='ocrx_word' id='word_1_256' title='bbox 490 2272 591 2298; x_wconf 85' lang='lat' dir='ltr'>eura</span> <span class='ocrx_word' id='word_1_257' title='bbox 620 2257 762 2308; x_wconf 86' lang='lat' dir='ltr'>debet,</span> <span class='ocrx_word' id='word_1_258' title='bbox 788 2258 820 2297; x_wconf 87' lang='lat' dir='ltr'>si</span> <span class='ocrx_word' id='word_1_259' title='bbox 853 2257 963 2298; x_wconf 85' lang='lat' dir='ltr'>forte</span> <span class='ocrx_word' id='word_1_260' title='bbox 994 2257 1125 2298; x_wconf 87' lang='lat' dir='ltr'>libros</span> <span class='ocrx_word' id='word_1_261' title='bbox 1149 2257 1213 2299; x_wconf 85' lang='lat' dir='ltr'>vel</span> <span class='ocrx_word' id='word_1_262' title='bbox 1245 2272 1330 2299; x_wconf 89' lang='lat' dir='ltr'>non</span> <span class='ocrx_word' id='word_1_263' title='bbox 1354 2258 1553 2314; x_wconf 90' lang='lat' dir='ltr'>cognitos</span> <span class='ocrx_word' id='word_1_264' title='bbox 1583 2269 1713 2311; x_wconf 87' lang='lat' dir='ltr'>ante,.</span> 
     </span>
     <span class='ocr_line' id='line_1_33' title="bbox 259 2324 1695 2382; baseline 0.001 -17"><span class='ocrx_word' id='word_1_265' title='bbox 259 2324 326 2366; x_wconf 88' lang='lat' dir='ltr'>vel</span> <span class='ocrx_word' id='word_1_266' title='bbox 357 2339 502 2380; x_wconf 85' lang='lat' dir='ltr'>parum</span> <span class='ocrx_word' id='word_1_267' title='bbox 527 2324 754 2381; x_wconf 83' lang='lat' dir='ltr'>diligenter</span> <span class='ocrx_word' id='word_1_268' title='bbox 784 2334 1009 2381; x_wconf 84' lang='lat' dir='ltr'>usurpatos</span> <span class='ocrx_word' id='word_1_269' title='bbox 1041 2326 1268 2381; x_wconf 77' lang='lat' dir='ltr'>reperiant,</span> <span class='ocrx_word' id='word_1_270' title='bbox 1300 2340 1374 2382; x_wconf 90' lang='lat' dir='ltr'>per</span> <span class='ocrx_word' id='word_1_271' title='bbox 1395 2340 1500 2380; x_wconf 91' lang='lat' dir='ltr'>quos</span> <span class='ocrx_word' id='word_1_272' title='bbox 1531 2326 1695 2367; x_wconf 86' lang='lat' dir='ltr'>mederi</span> 
     </span>
     <span class='ocr_line' id='line_1_34' title="bbox 259 2392 1697 2448; baseline 0.001 -16"><span class='ocrx_word' id='word_1_273' title='bbox 259 2393 375 2433; x_wconf 86' lang='lat' dir='ltr'>vitiis</span> <span class='ocrx_word' id='word_1_274' title='bbox 406 2393 651 2433; x_wconf 74' lang='lat' dir='ltr'>inveteratis</span> <span class='ocrx_word' id='word_1_275' title='bbox 685 2393 865 2448; x_wconf 85' lang='lat' dir='ltr'>possint,</span> <span class='ocrx_word' id='word_1_276' title='bbox 893 2392 955 2432; x_wconf 83' lang='lat' dir='ltr'>vel</span> <span class='ocrx_word' id='word_1_277' title='bbox 985 2393 1147 2448; x_wconf 87' lang='lat' dir='ltr'>ingenii</span> <span class='ocrx_word' id='word_1_278' title='bbox 1179 2393 1378 2448; x_wconf 65' lang='lat' dir='ltr'>quaedam</span> <span class='ocrx_word' id='word_1_279' title='bbox 1407 2392 1590 2434; x_wconf 86' lang='lat' dir='ltr'>felicitas</span> <span class='ocrx_word' id='word_1_280' title='bbox 1620 2403 1697 2434; x_wconf 86' lang='lat' dir='ltr'>aut</span> 
     </span>
     <span class='ocr_line' id='line_1_35' title="bbox 259 2459 1695 2516; baseline 0.001 -15"><span class='ocrx_word' id='word_1_281' title='bbox 259 2460 471 2501; x_wconf 86' lang='lat' dir='ltr'>subtilitas</span> <span class='ocrx_word' id='word_1_282' title='bbox 493 2460 659 2511; x_wconf 85' lang='lat' dir='ltr'>offerat,</span> <span class='ocrx_word' id='word_1_283' title='bbox 682 2460 795 2515; x_wconf 88' lang='lat' dir='ltr'>quod</span> <span class='ocrx_word' id='word_1_284' title='bbox 818 2459 915 2501; x_wconf 84' lang='lat' dir='ltr'>libri</span> <span class='ocrx_word' id='word_1_285' title='bbox 938 2461 1150 2516; x_wconf 82' lang='lat' dir='ltr'>negarint.</span> <span class='ocrx_word' id='word_1_286' title='bbox 1194 2460 1277 2501; x_wconf 88' lang='lat' dir='ltr'>Sed</span> <span class='ocrx_word' id='word_1_287' title='bbox 1299 2460 1351 2501; x_wconf 86' lang='lat' dir='ltr'>ad</span> <span class='ocrx_word' id='word_1_288' title='bbox 1374 2460 1504 2502; x_wconf 88' lang='lat' dir='ltr'>libros</span> <span class='ocrx_word' id='word_1_289' title='bbox 1527 2469 1695 2502; x_wconf 87' lang='lat' dir='ltr'>nostros</span> 
     </span>
     <span class='ocr_line' id='line_1_36' title="bbox 257 2527 1695 2584; baseline 0.001 -15"><span class='ocrx_word' id='word_1_290' title='bbox 257 2528 492 2569; x_wconf 70' lang='lat' dir='ltr'>veniamus.</span> <span class='ocrx_word' id='word_1_291' title='bbox 553 2527 603 2568; x_wconf 90' lang='lat' dir='ltr'>In</span> <span class='ocrx_word' id='word_1_292' title='bbox 626 2537 833 2584; x_wconf 82' lang='lat' dir='ltr'>apparatu</span> <span class='ocrx_word' id='word_1_293' title='bbox 856 2528 988 2584; x_wconf 85' lang='lat' dir='ltr'>igitur</span> <span class='ocrx_word' id='word_1_294' title='bbox 1017 2538 1161 2569; x_wconf 90' lang='lat' dir='ltr'>nostro</span> <span class='ocrx_word' id='word_1_295' title='bbox 1183 2528 1404 2579; x_wconf 87' lang='lat' dir='ltr'>librorum,</span> <span class='ocrx_word' id='word_1_296' title='bbox 1426 2543 1512 2584; x_wconf 91' lang='lat' dir='ltr'>quo</span> <span class='ocrx_word' id='word_1_297' title='bbox 1534 2529 1586 2569; x_wconf 86' lang='lat' dir='ltr'>ad</span> <span class='ocrx_word' id='word_1_298' title='bbox 1619 2528 1695 2570; x_wconf 83' lang='lat' dir='ltr'>has</span> 
     </span>
     <span class='ocr_line' id='line_1_37' title="bbox 257 2595 1694 2650; baseline 0.001 -15"><span class='ocrx_word' id='word_1_299' title='bbox 257 2595 471 2636; x_wconf 78' lang='lat' dir='ltr'>orationes</span> <span class='ocrx_word' id='word_1_300' title='bbox 494 2595 859 2650; x_wconf 78' lang='lat' dir='ltr'>recognoscendas</span> <span class='ocrx_word' id='word_1_301' title='bbox 884 2596 1077 2636; x_wconf 78' lang='lat' dir='ltr'>instructi</span> <span class='ocrx_word' id='word_1_302' title='bbox 1103 2596 1312 2647; x_wconf 78' lang='lat' dir='ltr'>venimus,</span> <span class='ocrx_word' id='word_1_303' title='bbox 1336 2595 1452 2636; x_wconf 88' lang='lat' dir='ltr'>fuere</span> <span class='ocrx_word' id='word_1_304' title='bbox 1474 2605 1557 2637; x_wconf 88' lang='lat' dir='ltr'>tres</span> <span class='ocrx_word' id='word_1_305' title='bbox 1588 2596 1694 2637; x_wconf 90' lang='lat' dir='ltr'>scri-</span> 
     </span>
     <span class='ocr_line' id='line_1_38' title="bbox 255 2661 1693 2719; baseline 0.001 -16"><span class='ocrx_word' id='word_1_306' title='bbox 255 2663 335 2719; x_wconf 90' lang='lat' dir='ltr'>pti,</span> <span class='ocrx_word' id='word_1_307' title='bbox 361 2677 385 2703; x_wconf 90' lang='lat' dir='ltr'>e</span> <span class='ocrx_word' id='word_1_308' title='bbox 417 2661 679 2703; x_wconf 84' lang='lat' dir='ltr'>bibliotheca</span> <span class='ocrx_word' id='word_1_309' title='bbox 703 2662 1044 2717; x_wconf 79' lang='lat' dir='ltr'>Guelferbytana</span> <span class='ocrx_word' id='word_1_310' title='bbox 1072 2662 1304 2704; x_wconf 86' lang='lat' dir='ltr'>liberaliter</span> <span class='ocrx_word' id='word_1_311' title='bbox 1335 2663 1459 2704; x_wconf 90' lang='lat' dir='ltr'>nobis</span> <span class='ocrx_word' id='word_1_312' title='bbox 1491 2663 1693 2719; x_wconf 89' lang='lat' dir='ltr'>suppedi-</span> 
     </span>
     <span class='ocr_line' id='line_1_39' title="bbox 255 2728 1692 2787; baseline 0 -16"><span class='ocrx_word' id='word_1_313' title='bbox 255 2730 349 2771; x_wconf 84' lang='lat' dir='ltr'>tati.</span> <span class='ocrx_word' id='word_1_314' title='bbox 411 2728 782 2770; x_wconf 72' lang='lat' dir='ltr'>Primnshabebat</span> <span class='ocrx_word' id='word_1_315' title='bbox 808 2728 999 2770; x_wconf 60' lang='lat' dir='ltr'>lf&#39;errinas</span> <span class='ocrx_word' id='word_1_316' title='bbox 1021 2730 1198 2787; x_wconf 77' lang='lat' dir='ltr'>prioreS,</span> <span class='ocrx_word' id='word_1_317' title='bbox 1219 2745 1304 2772; x_wconf 90' lang='lat' dir='ltr'>non</span> <span class='ocrx_word' id='word_1_318' title='bbox 1338 2730 1407 2771; x_wconf 87' lang='lat' dir='ltr'>ille</span> <span class='ocrx_word' id='word_1_319' title='bbox 1431 2730 1551 2771; x_wconf 86' lang='lat' dir='ltr'>valde</span> <span class='ocrx_word' id='word_1_320' title='bbox 1580 2730 1692 2772; x_wconf 86' lang='lat' dir='ltr'>anti-</span> 
     </span>
     <span class='ocr_line' id='line_1_40' title="bbox 253 2796 1720 2854; baseline 0 -16"><span class='ocrx_word' id='word_1_321' title='bbox 253 2813 377 2853; x_wconf 92' lang='lat' dir='ltr'>quus,</span> <span class='ocrx_word' id='word_1_322' title='bbox 400 2797 472 2839; x_wconf 86' lang='lat' dir='ltr'>sed</span> <span class='ocrx_word' id='word_1_323' title='bbox 496 2807 638 2838; x_wconf 87' lang='lat' dir='ltr'>tamen</span> <span class='ocrx_word' id='word_1_324' title='bbox 669 2796 770 2837; x_wconf 83' lang='lat' dir='ltr'>satis</span> <span class='ocrx_word' id='word_1_325' title='bbox 803 2797 954 2849; x_wconf 86' lang='lat' dir='ltr'>bonus,</span> <span class='ocrx_word' id='word_1_326' title='bbox 981 2798 1263 2854; x_wconf 88' lang='lat' dir='ltr'>inprimisque</span> <span class='ocrx_word' id='word_1_327' title='bbox 1293 2798 1354 2840; x_wconf 84' lang='lat' dir='ltr'>ita</span> <span class='ocrx_word' id='word_1_328' title='bbox 1376 2812 1490 2854; x_wconf 85' lang='lat' dir='ltr'>saepe</span> <span class='ocrx_word' id='word_1_329' title='bbox 1510 2811 1691 2840; x_wconf 84' lang='lat' dir='ltr'>consen·</span> <span class='ocrx_word' id='word_1_330' title='bbox 1713 2829 1720 2838; x_wconf 74' lang='lat'>.</span> 
     </span>
    </p>
   </div>
  </div>
 </body>
</html>
