1907 3231
481 115 607 169 Aer.
639 115 691 154 11.
733 113 920 153 LIBER
948 113 1245 153 QUARTUS.
1507 113 1586 150 345

142 218 236 260 brio
259 233 413 262 aureo:
444 218 498 260 de
515 234 615 274 qua,
647 219 791 271 credo,
822 218 925 261 satis
947 216 1167 267 idoneum,
1190 215 1292 256 satis
1315 230 1490 271 gravem
1522 224 1588 265 tef-

141 285 266 328 stem,
291 277 348 324 Q.
368 276 618 318 Minucium
639 277 782 318 dicere
801 275 996 317 audistis,
1041 274 1129 315 Iste
1151 273 1488 328 unumquodque
1511 288 1586 316 vas
1596 282 1644 316 63

143 333 187 374 111
210 348 360 375 manus
394 349 575 385 sumere,
602 334 790 385 laudare,
820 333 980 374 mirari.
1044 331 1140 373 Rex
1175 330 1377 387 gaudere,
1411 331 1587 386 praetori

141 391 292 447 populi
316 391 504 432 Romani
527 391 891 447 satisjucundum
913 400 956 431 et
986 398 1158 446 gratum
1191 387 1295 429 illud
1324 402 1418 438 esse
1439 389 1590 429 convi-

142 448 275 490 vium.
338 448 627 504 Posteaquam
662 450 761 490 inde
793 449 1030 490 discessum
1062 455 1140 498 est,
1163 445 1358 501 cogitare
1378 445 1460 485 iste
1481 444 1591 487 nihil

142 505 257 547 aliud
279 506 414 560 (quod
438 506 531 562 ipsa
555 522 617 547 res
640 506 892 555 declaravit)
923 505 1022 556 nisi,
1054 502 1417 559 quemadmodum
1442 516 1589 558 regem

141 576 197 604 ex
221 564 446 619 provincia
467 564 696 620 spoliatum
717 563 1042 620 expilatumque
1061 561 1313 603 dimitteret.
1355 559 1503 601 Mittit
1522 574 1590 600 ro-

142 630 294 677 gatum
320 635 423 662 vasa
443 636 507 672 ea,
535 637 632 677 quae
656 621 945 678 pulcherrima
961 620 1074 676 apud
1097 619 1216 660 illum
1240 618 1430 660 viderat:
1463 617 1525 658 ait
1547 632 1592 659 se

143 678 230 719 suis
252 678 527 720 caelatoribus
551 680 657 721 velle
676 679 915 720 ostendere.
950 678 1062 729 Rex,
1077 677 1151 732 qui
1173 677 1305 717 istum
1323 690 1410 716 non
1428 684 1590 727 nosset,

141 736 233 781 sine
254 736 340 777 ulla
359 737 604 793 suspicione
620 736 903 778 libentissime
922 736 1056 776 dedit.
1100 733 1247 775 Mittit
1265 733 1396 780 etiam
1417 732 1589 775 trullam

141 808 383 850 gemmeam
401 802 622 851 rogatum:
656 794 763 835 velle
783 808 826 834 se
845 808 939 833 eam
958 792 1210 849 diligentius
1229 791 1516 832 considerare.
1539 805 1590 831 ea

140 866 314 907 quoque
336 853 374 893 ei
398 853 600 893 mittitur.
662 851 792 893 Nunc
821 851 1048 905 reliquum,
1064 849 1252 905 judices,
1279 848 1505 899 attendite,
1534 846 1670 895 (1028

141 924 228 965 quo
251 920 295 951 et
318 925 392 951 vos
414 910 609 960 audistis,
631 919 675 949 et
697 908 881 965 populus
905 908 1129 949 Romanus
1152 922 1239 948 11011
1264 921 1376 946 1111110
1399 906 1585 962 primum
1598 920 1650 953 64

142 967 309 1019 audiet3
341 980 386 1010 et
407 968 451 1008 in
472 967 631 1008 exteris
653 966 904 1008 nationibus
925 980 1057 1021 usque
1077 965 1129 1006 ad
1150 964 1321 1006 ultimas
1341 973 1473 1004 terras
1493 978 1590 1020 per-

142 1035 348 1082 vagatum
368 1034 447 1066 est.
493 1023 812 1066 Candelabrum
834 1039 858 1066 e
877 1024 1061 1080 gemmis
1080 1021 1342 1072 clarissimis,
1362 1036 1491 1078 opere
1510 1021 1592 1062 mi-

141 1082 266 1124 rabili
287 1082 542 1138 perfectum,
565 1097 687 1138 reges
709 1082 770 1133 hi,
801 1097 909 1138 quos
932 1082 1046 1132 dico,
1070 1080 1258 1121 Romam
1291 1094 1391 1121 cum
1421 1078 1590 1120 attulis-

142 1149 252 1191 sent,
275 1149 323 1181 ut
357 1141 398 1181 in
436 1140 656 1196 Capitolio
689 1148 926 1196 ponerent3
957 1138 1073 1194 quod
1106 1138 1301 1179 nondum
1333 1136 1462 1177 etiam
1497 1151 1594 1194 per·

141 1196 304 1239 fectum
330 1198 539 1255 templum
563 1197 848 1248 offenderant,
882 1211 1021 1252 neque
1052 1210 1213 1252 ponere
1245 1203 1495 1252 potuerunt,
1518 1209 1594 1235 ne-

140 1270 224 1311 que
251 1256 380 1312 vulgo
412 1256 638 1297 ostendere
663 1270 712 1296 30
747 1255 938 1311 proferre
964 1253 1218 1295 voluerunt:
1252 1261 1300 1294 ut
1323 1261 1367 1293 et
1389 1253 1591 1308 magnifi-
1605 1267 1637 1299 b.

140 1313 310 1355 centius
334 1314 566 1365 videretur,
588 1328 687 1355 011111
711 1327 788 1353 suo
812 1322 1006 1368 tempore
1028 1311 1124 1352 80in
1146 1310 1254 1352 00113
1274 1310 1398 1353 ,Iovis
1421 1310 1592 1367 Optimi

141 1369 335 1413 Maximi
357 1381 604 1428 poneretur,
627 1380 670 1412 et
693 1370 862 1421 clarius,
885 1385 986 1411 cum
1019 1368 1298 1425 pulchritudo
1328 1368 1422 1423 ejus
1445 1382 1593 1410 recens

141 1429 196 1472 ad
218 1429 366 1470 oculos
397 1429 623 1470 hominum
653 1437 782 1483 atque
818 1428 988 1484 integra
1020 1427 1278 1482 perveniret.
1339 1426 1595 1468 Statuerunt

142 1487 185 1529 id
209 1501 355 1527 secum
390 1486 433 1527 in
465 1486 635 1542 Syriam
666 1494 910 1542 reportare:
944 1493 1006 1535 ut,
1027 1498 1128 1525 cum
1160 1484 1396 1535 audissent,
1420 1483 1595 1535 simula-

141 1559 261 1586 crum
284 1544 410 1586 Jovis
436 1544 606 1600 Optimi
641 1543 833 1597 Maximi
867 1542 1130 1592 dedicatum,
1154 1541 1321 1597 legatos
1355 1540 1595 1593 mitterent,

141 1602 216 1657 qui
238 1617 338 1643 03111
357 1603 511 1644 ceteris
533 1602 660 1643 rebus
684 1601 786 1643 illud
810 1615 982 1656 quoque
1014 1599 1224 1641 eximium
1248 1608 1378 1655 atque
1399 1599 1596 1655 pulcher-

141 1660 300 1700 rimum
340 1660 504 1701 donum
537 1661 580 1701 in
617 1658 885 1716 Capitolium
919 1657 1136 1699 afferrent.
1201 1657 1406 1698 Pervenit
1440 1672 1505 1698 res
1540 1658 1596 1700 ad.

141 1717 265 1761 istius
298 1732 436 1769 aures,
466 1718 611 1760 nescio
644 1717 880 1773 quomodo.
912 1731 1013 1757 nam
1044 1730 1120 1757 rex
1154 1715 1342 1757 celatum
1372 1714 1594 1757 voluerat:

141 1789 230 1816 non
262 1790 349 1830 quo
383 1775 620 1831 quidquam
652 1783 878 1826 metueret,
912 1783 986 1815 aut
1019 1774 1322 1830 suspicaretur,
1357 1773 1430 1814 sed
1458 1782 1506 1814 ut
1538 1787 1594 1814 ne

143 1833 268 1874 multi
293 1833 394 1874 illud
419 1836 572 1874 81311ῑο
595 1833 866 1890 perciperent
892 1832 1043 1882 oculis,
1065 1846 1194 1887 quam
1218 1830 1403 1887 populus
1429 1830 1593 1872 Roma-

142 1905 239 1931 nus.
301 1890 390 1931 iste
412 1891 523 1946 petit
544 1906 571 1932 3
591 1905 706 1947 rege,
729 1899 772 1931 et
793 1905 893 1930 eum
916 1890 1110 1946 pluribus
1142 1889 1283 1931 verbis
1309 1897 1450 1944 rogat,
1472 1898 1522 1929 ut
1546 1888 1591 1930 id

144 1949 198 1990 ad
221 1963 264 1989 se
287 1951 455 1990 mittat:
487 1963 644 2005 cupere
667 1963 711 1989 se
732 1948 840 1989 dicit
858 1947 1085 2003 inspicere,
1108 1961 1248 2002 neque
1267 1961 1310 1987 se
1329 1947 1423 1987 aliis
1445 1946 1593 1988 viden-

143 2006 186 2048 di
212 2015 471 2062 potestatem
490 2021 582 2048 esse
604 2006 835 2048 facturum.
878 2005 1139 2056 Antiochus,
1161 2005 1235 2060 qui
1259 2005 1404 2045 animo
1423 2013 1467 2045 et
1488 2018 1592 2061 pue·
1604 2004 1654 2039 65

142 2064 210 2105 rili
234 2073 347 2105 esset
366 2074 410 2105 et
432 2065 567 2120 regio,
588 2063 695 2105 nihil
716 2064 769 2105 de
791 2062 914 2105 istius
938 2063 1218 2119 improbitate
1241 2062 1482 2118 suspicatus
1505 2071 1592 2104 est:

143 2122 327 2179 imperat
352 2123 453 2173 suis,
477 2132 525 2163 ut
547 2123 588 2163 id
612 2122 657 2163 in
678 2121 932 2178 praetorium
956 2121 1199 2162 involutum
1229 2135 1359 2176 quam
1389 2120 1594 2161 occultis-

143 2183 250 2221 sime
271 2180 502 2222 ‹leferrent.
566 2182 668 2227 Quo
692 2187 975 2236 posteaquam
998 2178 1250 2229 attulerunt,
1273 2177 1594 2233 involucrisque

143 2238 316 2294 rejectis
338 2238 684 2290 constituerunt3
717 2237 797 2278 iste
815 2237 1000 2278 clamare
1019 2237 1173 2293 coepit,
1195 2236 1373 2292 dignam
1394 2250 1483 2276 rem
1502 2250 1594 2276 esse

140 2310 277 2352 regno
298 2296 451 2352 Syriae,
471 2295 650 2351 dignam
668 2295 788 2351 regio
811 2308 1001 2345 munere,
1018 2294 1198 2350 dignam
1222 2292 1456 2349 Capitolio.
1492 2292 1596 2333 Ete-

141 2355 233 2394 nim
255 2364 346 2395 erat
367 2369 418 2395 eo
442 2354 683 2410 splendore,
715 2352 790 2407 qui
809 2366 864 2393 ex
895 2351 1143 2392 clarissimis
1174 2353 1213 2383 82
1227 2361 1270 2392 et
1293 2351 1594 2407 pulcherrimis

142 2412 325 2469 gemmis
347 2426 438 2453 esse
460 2412 671 2453 debebat:
704 2425 754 2451 03
781 2409 989 2452 varietate
1022 2424 1218 2465 operum,
1252 2418 1300 2449 ut
1330 2424 1396 2459 ars
1430 2417 1597 2450 certare

185 2541 225 2569 80
248 2539 283 2568 z'n
303 2539 385 2568 cella
408 2536 514 2576 dot-is]
546 2538 599 2567 Sic
621 2536 693 2567 edd.
714 2540 797 2566 vett.
814 2539 848 2565 ct
886 2536 1081 2575 praecipere.-
1117 2538 1267 2574 essetqne
1294 2539 1371 2566 ante
1399 2533 1593 2565 delendum:

144 2581 224 2611 Mss.
239 2581 339 2611 etiam
356 2581 418 2610 Cu.
443 2580 605 2610 Gruterus
628 2580 729 2609 tacite
746 2579 848 2609 edidit
893 2588 957 2616 quo
973 2580 1060 2608 facto
1078 2578 1254 2616 reliquum,
1272 2588 1372 2617 quam
1381 2587 1456 2617 pop.
1475 2576 1515 2607 R.
1531 2575 1596 2606 tol-

143 2625 237 2661 sella,
253 2624 362 2653 nescio
381 2622 479 2653 unde.
512 2623 584 2660 Est,
600 2627 639 2652 ut
651 2622 782 2663 opinor,
802 2622 848 2651 vi·
894 2620 1028 2650 leretur.
1052 2621 1327 2660 Antey.u·oee1pere
1342 2630 1439 2650 1101110
1454 2619 1583 2650 dixerit.

144 2667 230 2696 tium
247 2675 433 2705 operarum.
936 2666 974 2693 82
999 2668 1029 2693 et
1037 2664 1274 2702 pulcherrimis
1283 2662 1438 2702 gemmis]
1459 2661 1532 2692 Hoc
1548 2673 1596 2692 re-

186 2711 222 2740 81
248 2718 279 2738 α.
289 2709 496 2748 perciperent
518 2706 632 2745 oeulis]
661 2706 849 2736 Admodum
893 2706 987 2735 stitui
1003 2716 1061 2745 pro
1077 2705 1213 2745 vulgato
1223 2706 1382 2744 plurimis
1396 2715 1435 2734 ex
1458 2704 1531 2734 edd.
1546 2714 1596 2744 pr.

145 2751 294 2781 favebam
310 2750 389 2780 olim
403 2750 538 2781 lectioni
549 2750 766 2789 praalun-ent
784 2749 846 2778 Ms.
894 2748 1041 2777 Graevius
1056 2759 1073 2778 e
1086 2749 1152 2777 suis
1165 2752 1199 2777 et
1214 2747 1421 2778 Gruter-inuis
1436 2747 1515 2777 Mss.
1528 2747 1598 2786 qui-

146 2793 365 2832 Hittorpiani‚
383 2803 478 2831 quarn
493 2792 650 2833 probabat
673 2794 847 2826 (ii-uterus,
893 2791 953 2820 bus
974 2791 1141 2821 consentit
1162 2790 1224 2821 Gu.
1256 2791 1382 2822 Neuter
1405 2790 1441 2821 in
1459 2789 1531 2820 edd.
1547 2799 1597 2830 pr.

144 2837 268 2875 recepit
283 2835 441 2865 Graevius.
465 2835 527 2865 Sed
543 2835 624 2865 mihi
641 2839 756 2864 tamen
771 2839 850 2863 ante
894 2833 987 2864 vidit.

143 2879 271 2910 obstat:
295 2882 373 2910 ante
393 2879 563 2919 percipere
581 2882 632 2908 est
660 2887 727 2907 uuo
752 2877 849 2906 verbo
