1907 3231
472 119 778 159 ORATIONES
805 97 1269 159 1N‘12scAT1L1'1foM.
1515 109 1595 158 ⁶425

431 279 521 355 Μ.
559 252 817 330 mmm
860 235 1277 334 CicssRoms

277 398 1447 470 CATILINARIAE

615 524 750 588 QU
772 525 887 581 AT
907 525 964 579 U
987 525 1124 579 O'R..

663 742 971 782 ARGUMENT
975 743 1071 780 UM.

145 824 190 863 L.
210 823 359 873 Sergius
379 824 553 864 Catilina,
570 823 725 872 patricii
750 823 906 869 generis,
925 833 1006 858 cum
1032 827 1115 869 post
1143 822 1351 859 Praeturam
1373 829 1408 860 et
1426 823 1596 874 Africam

196 878 496 914 administratam
517 876 800 924 repetundarum
827 878 861 909 et
891 875 987 909 inter
1003 876 1168 917 sicarios,
1190 887 1410 924 quamquam
1429 877 1595 925 frustra,

193 934 386 966 accusatus
404 934 506 972 esset,
527 929 578 965 bis
599 927 836 963 Consulatum
852 925 1005 975 frustra
1018 928 1127 974 petit.
1184 927 1285 963 Idem
1310 929 1422 964 etiam
1441 930 1493 965 bis
1513 941 1596 970 con-

187 980 334 1030 juravit
353 986 480 1018 contra
497 979 766 1028 rempublicam.
824 979 875 1014 Et
900 980 1025 1026 prima
1054 980 1199 1027 quidem
1225 979 1443 1026 conjuratio,
1460 993 1534 1029 qua
1551 980 1597 1019 L.

203 1035 427 1082 Torquatum
444 1037 479 1070 et
497 1033 541 1070 L.
562 1032 707 1069 Cottam
727 1030 857 1068 COSS.
875 1032 992 1067 voluit
1013 1033 1222 1082 interficere,
1243 1045 1327 1069 casu
1347 1035 1505 1069 cliremta
1523 1038 1596 1070 est:

197 1087 316 1124 altera
333 1091 455 1122 autem
473 1086 624 1122 occultis
643 1085 804 1121 consiliis
824 1085 980 1131 agitata,
1004 1086 1040 1120 in
1058 1085 1294 1122 Consulatum
1315 1086 1498 1122 Ciceronis
1517 1098 1598 1122 eru-

192 1141 266 1188 pit,
277 1141 334 1175 cui
353 1140 395 1176 ob
411 1139 478 1175 hoc
493 1139 611 1187 ipsum
629 1150 669 1173 eo
688 1138 854 1185 cupidius
868 1137 1026 1184 populus
1043 1136 1230 1173 Romanus
1245 1138 1482 1174 Consulatum
1495 1150 1597 1175 man-

194 1193 313 1233 davit,
333 1193 430 1240 quod
457 1192 501 1228 de
527 1203 571 1227 ea
596 1202 720 1226 rumor
739 1192 778 1226 in
794 1190 923 1237 vulgus
941 1187 1090 1225 exie-rat.
1145 1191 1220 1226 Hic
1238 1203 1317 1227 cum
1336 1195 1426 1227 esset
1445 1195 1525 1227 tota
1542 1204 1598 1228 res

192 1246 247 1281 ad
266 1244 473 1281 Ciceronem
499 1256 523 1279 a
543 1244 586 1285 Q.
607 1243 717 1279 Curio
746 1241 935 1289 conjurato
960 1254 1026 1290 per
1056 1242 1218 1278 Fulviam
1248 1244 1382 1284 delata,
1404 1249 1439 1280 et
1466 1243 1596 1280 Catili-

196 1309 285 1335 nam
307 1297 544 1333 nihilominus
572 1298 611 1332 in
637 1300 766 1331 senatu
783 1307 816 1331 a.
837 1296 870 1331 d.
891 1294 1002 1330 VIII.
1024 1294 1081 1331 Id.
1103 1295 1194 1331 Nou.
1224 1297 1280 1332 vel
1306 1301 1348 1332 ut
1375 1297 1460 1332 aliis
1475 1297 1598 1344 placet

199 1363 234 1387 a.
253 1350 288 1386 d.
313 1349 376 1386 VI.
395 1349 450 1386 Id.
472 1349 564 1386 Nov.
582 1349 744 1391 vidisset,
766 1350 818 1384 ita
839 1349 1061 1395 indignitate
1080 1349 1133 1383 rei
1161 1354 1357 1384 commotus
1384 1354 1436 1384 est
1457 1349 1595 1392 Cicero,

199 1407 242 1438 ut
266 1403 480 1450 gravissime
504 1403 543 1437 in
559 1403 679 1449 ipsum
695 1402 860 1436 oratione
876 1399 1114 1440 inveheretur,
1136 1413 1207 1448 qua
1227 1406 1342 1437 totam
1360 1413 1435 1437 rem
1452 1402 1521 1438 sibi
1538 1414 1596 1438 co-

194 1456 342 1503 gnitam
359 1467 432 1490 esse
449 1455 662 1495 ostenderet,
678 1454 780 1500 eique
798 1457 837 1488 ut
855 1453 942 1488 urbe
959 1454 1085 1494 exiret,
1104 1454 1282 1489 suaderet.
1312 1455 1435 1501 Atque
1453 1454 1527 1490 liceo
1544 1460 1598 1491 est

197 1508 326 1556 prima
341 1508 382 1543 ‘m
400 1507 544 1543 Senatu
562 1505 693 1542 habita
710 1506 844 1542 oratio.
912 1505 1012 1540 Huic
1030 1507 1190 1541 orationi
1206 1507 1423 1542 iratissimus
1444 1519 1522 1548 cum
1543 1519 1600 1544 re—

195 1560 397 1608 spondisset
418 1559 595 1600 Catilina,
619 1560 779 1594 *minatus
795 1574 806 1594 .·
834 1569 872 1593 se
898 1558 1105 1593 incendium
1131 1570 1234 1594 suumv
1249 1560 1385 1606 patriae
1411 1561 1521 1594 ruina
1542 1571 1600 1595 re-

152 1611 155 1614 *
193 1614 415 1649 stincturum
426 1626 439 1652 ,·
460 1624 479 1647 e
495 1611 633 1647 Senatu
647 1623 688 1646 se
699 1611 900 1659 proripuit,
920 1622 963 1645 ac
980 1614 1084 1645 nocte
1099 1612 1269 1658 proxima
1287 1623 1367 1647 cum
1386 1611 1600 1659 quibusdam

196 1667 348 1701 consciis
367 1677 408 1700 ecc
426 1665 512 1700 urbe
531 1664 632 1700 abiit.
691 1664 770 1704 Quo
798 1674 903 1698 mane
931 1664 1088 1710 cognito,
1113 1663 1235 1699 Cicero
1255 1664 1292 1699 in
1312 1665 1517 1699 concionem
1531 1677 1600 1712 po-

197 1719 278 1767 puli
303 1717 498 1766 profectus,
521 1717 606 1752 dum
634 1716 791 1754 Senatus
819 1717 1036 1758 conveniret,
1058 1715 1184 1751 habuit
1212 1715 1419 1753 secundam
1451 1717 1599 1754 Oratio-

192 1765 291 1810 nem,
313 1781 387 1818 qua
404 1771 447 1805 de
474 1769 576 1812 abitu
596 1769 765 1805 Catilinae
793 1767 1007 1815 triumphat.
1063 1768 1136 1803 Sed
1165 1771 1337 1816 quoniam
1358 1769 1598 1817 intelligebat,

197 1827 378 1871 quantum
398 1822 546 1858 invidia?
570 1822 640 1858 sibi
667 1821 854 1871 conflasset
877 1822 1018 1868 partim
1036 1821 1080 1856 ab
1100 1820 1168 1862 his,
1188 1823 1251 1869 qui
1278 1823 1386 1857 nimis
1405 1823 1601 1859 crudeliter

192 1874 350 1921 ejectum
367 1887 392 1910 a
407 1875 578 1910 Cicerone
599 1874 798 1910 Catilinam
824 1875 1049 1909 innocentem
1067 1872 1277 1919 jactabant,
1293 1875 1435 1922 partim
1454 1887 1540 1910 vero*
1555 1876 1601 1913 ab

197 1930 260 1968 viis,
278 1929 342 1976 qui
358 1939 429 1963 non
448 1928 714 1966 dimittendum,
729 1927 792 1962 sed
806 1927 1030 1974 puniendum
1037 1925 1158 1975 fuisse
1170 1927 1353 1974 putabant
1366 1940 1378 1966 ;
1396 1927 1489 1963 hanc
1506 1929 1600 1964 invi-

200 1982 302 2016 diam
318 1993 341 2016 a
353 1991 391 2016 se
406 1981 527 2016 studet
544 1980 704 2022 amoliri,
726 1991 806 2015 cum
825 1977 1110 2025 conjurationem
1123 1984 1220 2015 certo
1228 1979 1378 2029 factam
1392 1991 1464 2015 esse
1481 1984 1600 2016 ostem

198 2034 330 2074 dendo,
352 2037 429 2068 tum
446 2033 608 2068 lenitatis
626 2044 698 2068 suae
711 2033 891 2068 rationem
909 2031 1102 2080 afferendo.
1150 2032 1392 2072 Demonstrat
1407 2037 1598 2081 prceterea,

199 2089 377 2134 quantum
392 2085 547 2134 periculi
564 2085 770 2132 reipublicae
789 2085 974 2120 immineat
1004 2096 1084 2119 cum
1111 2097 1134 2120 a
1154 2084 1318 2120 Catilina
1337 2089 1413 2120 tum
1432 2086 1600 2134 inprimis

200 2138 245 2174 ab
264 2139 413 2186 reliquis
430 2136 641 2184 conjuratis,
662 2139 725 2185 qui
749 2138 787 2173 in
813 2136 899 2173 urbe
925 2141 1188 2177 remanserant,
1208 2149 1360 2185 quorum
1387 2149 1448 2173 sex
1465 2150 1600 2185 genera

188 2189 307 2239 facit,
323 2195 359 2226 et
374 2190 583 2237 desssingulis
601 2191 689 2237 quid
709 2190 857 2232 sentiat,
878 2190 980 2227 dicit.
1027 2189 1161 2225 Paullo
1173 2194 1258 2237 post
1275 2191 1480 2237 legatorum
1493 2191 1598 2227 Allo-

185 2243 351 2291 brogum
368 2255 392 2278 a
419 2241 616 2289 conjuratis
642 2243 924 2279 sollicitatorum
950 2242 1088 2278 indicio
1116 2254 1195 2278 cum
1223 2242 1467 2290 comprehensi
1485 2248 1600 2279 essent

202 2295 381 2332 Lentulus
398 2293 542 2343 ejusque
557 2296 659 2335 socii,
678 2299 728 2337 et,
748 2297 896 2341 cognita
915 2295 962 2330 ab
976 2293 1117 2332 Senatu
1127 2302 1185 2336 re,
1205 2296 1243 2330 in
1262 2296 1463 2331 custodiam
1482 2297 1600 2332 tradi-

196 2349 245 2391 ti,
266 2348 390 2384 Cicero
418 2349 559 2384 invidia
576 2348 725 2387 levatus,
745 2347 899 2386 iterum,
909 2346 1017 2395 forte
1030 2347 1152 2394 pridie
1171 2347 1266 2383 Non.
1284 2347 1379 2383 Dec.
1400 2349 1542 2396 prodiit
1561 2350 1599 2384 in

199 2402 422 2443 concionem,
442 2404 476 2436 et
496 2412 574 2448 quae
591 2412 615 2436 a
640 2412 678 2436 se
704 2399 1008 2448 deprehendenda?
1025 2398 1286 2446 conjurationis
1314 2412 1436 2442 causa,
1456 2413 1535 2448 quae
1550 2402 1598 2437 ad

195 2458 347 2502 pontem
363 2453 558 2493 Mulvium,
588 2465 667 2500 quoe
696 2453 734 2488 in
759 2457 888 2487 senatu
917 2457 1015 2494 acta,
1036 2453 1148 2494 dicta,
1169 2453 1312 2497 decreta
1330 2454 1417 2495 sint,
1437 2466 1597 2502 compre-

200 2505 321 2547 liensis
339 2505 550 2552 conjuratis,
571 2507 843 2546 demonstravit,
864 2509 900 2539 et
917 2516 954 2540 se
966 2505 1105 2552 populo
1125 2506 1398 2546 commendavit,
1419 2507 1598 2555 simulque

199 2559 250 2594 ad
263 2559 564 2606 supplicationem
581 2558 650 2594 sibi
671 2562 795 2605 togato
813 2559 975 2605 primum
1002 2559 1092 2604 reip.
1113 2561 1330 2593 conservatae
1351 2570 1460 2594 causa
1477 2560 1597 2596 (lecre—

200 2614 277 2645 tam
292 2611 543 2646 celebrandam
562 2610 771 2646 cohortatus
790 2615 853 2646 est.
909 2610 1085 2645 Proximo
1104 2611 1174 2650 die,
1191 2610 1306 2646 Nonis
1324 2610 1596 2654 Decembribus,

200 2663 239 2697 in
257 2661 395 2700 Senatu
413 2665 457 2699 de
470 2675 577 2711 poena
594 2661 863 2709 conjuratorum
881 2663 1067 2709 agebatur.
1111 2662 1186 2698 Hic
1201 2674 1282 2698 cum
1296 2664 1375 2699 duce
1391 2668 1506 2700 essent
1518 2676 1597 2700 sen-

199 2716 337 2757 tentiae,
357 2716 475 2751 altera
494 2715 627 2756 Silani,
650 2715 750 2751 COS.
770 2715 963 2762 designati,
984 2716 1047 2762 qui
1065 2716 1197 2762 capitis
1211 2727 1354 2763 poenam
1373 2717 1596 2759 decernebat,

196 2767 321 2803 altera
348 2780 431 2804 vero
457 2768 535 2805 Jul.
567 2768 731 2809 Coesaris,
760 2769 823 2814 qui
847 2768 973 2802 mortis
998 2778 1140 2814 poenam
1165 2768 1379 2809 removebat,
1400 2773 1598 2804 ceterorum

198 2819 461 2866 suppliciorum
481 2821 694 2857 acerbitates
722 2831 852 2859 omnes,
872 2821 1040 2867 inprimis
1057 2820 1202 2855 vincula
1227 2823 1459 2868 sempiterna,
1479 2821 1598 2856 decer-

200 2871 333 2913 nebat;
366 2873 489 2912 Cicero
516 2872 693 2909 Senatum
712 2877 847 2923 quarta
874 2873 1039 2908 oratione
1066 2872 1115 2909 ad
1141 2874 1367 2910 severitatem
1391 2873 1599 2920 cohortatus

831 2930 947 2966 Tt3
