1907 3231
281 132 360 166 230
808 127 877 167 IN
912 127 1186 167 VERREM

287 232 475 272 berrimo
497 247 546 273 ac
568 231 915 288 religiosissimo:
947 234 1094 274 Tfiante
1117 233 1257 288 ipsum
1280 231 1488 288 Serapim,
1511 231 1555 272 in
1577 231 1716 287 primo

289 288 406 329 aditu
441 289 736 344 vestibuloque
771 290 932 344 templi.
994 290 1123 336 Quod
1158 289 1238 329 nisi
1273 288 1475 330 Metellus
1513 288 1596 330 hoc
1629 298 1718 328 tam

292 345 478 400 graviter
508 346 678 401 egisset,
701 356 828 400 atque
854 346 966 386 illam
990 361 1075 387 rem
1109 346 1287 401 imperio
1314 346 1541 400 edictoque
1573 344 1719 400 prohi-

292 403 476 450 buisset;
509 403 738 458 vestigium
771 412 1006 443 statuarum
1037 402 1159 442 istius
1191 403 1234 443 in
1266 412 1357 443 tota
1387 402 1534 444 Sicilia
1554 401 1718 442 nullum

292 468 402 500 esset
423 459 631 500 relictum.

350 515 493 571 Atque
514 531 594 571 ego
617 516 698 555 hoc
722 529 805 554 non
826 529 987 564 vereor,
1007 529 1058 555 ne
1080 514 1181 569 quid
1205 514 1357 555 horum
1379 530 1464 556 non
1487 514 1615 556 modo
1638 514 1721 554 im-

295 573 433 629 pulsu,
470 587 615 612 verum
651 572 826 611 omnino
863 572 1047 612 adventu
1078 585 1173 611 meo
1207 571 1368 612 sactum
1399 585 1489 612 esse
1513 571 1721 612 videatur.

299 629 463 671 Omnia
486 629 565 668 ista
586 637 684 668 ante
706 628 820 668 facta
846 638 958 678 sunt,
981 643 1065 668 non
1097 627 1240 678 modO,
1262 642 1389 682 quam
1410 643 1492 683 ego
1515 627 1721 680 Siciliam,

300 701 444 726 verum
467 686 596 725 etiam
619 699 745 739 quam
769 685 847 725 iste
877 688 915 718 77
933 685 1102 726 Italiam
1123 684 1368 740 attingeret.
1399 687 1438 718 78
1451 684 1554 724 dum
1574 698 1655 739 ego
1677 684 1723 724 in

241 792 248 800 .
300 742 445 782 Sicilia
458 742 689 792 summust-(1
700 752 838 782 statua
849 742 1099 797 dejectaest.
1112 750 1388 796 posteaquam
1399 740 1515 782 illinc
1533 740 1724 791 discessi,

213 791 281 850 67
298 814 393 853 quae
427 807 526 838 sunt
556 809 689 854 gesta,
714 800 977 854 cognoscite.
1039 798 1419 853 Centuripinorum
1450 807 1619 838 senatus
1649 797 1723 838 de-

298 856 446 904 crevit,
470 856 736 912 populusque
760 856 904 909 jussit,
928 865 988 907 ut,
1011 871 1106 911 quae
1139 865 1290 896 statuae
1317 854 1368 895 C.
1401 854 1543 895 Verris
1573 854 1722 910 ipsius,

298 921 341 953 et
374 913 521 968 patris,
552 921 595 953 et
626 913 716 963 filii,
747 921 900 962 essent,
930 928 998 953 eas
1028 922 1262 968 quaestores
1292 911 1580 953 demoliendas
1609 910 1725 952 loca-

302 979 420 1010 rent:
452 969 639 1024 dumque
660 984 709 1009 ea
738 969 958 1009 demolitio
981 970 1114 1019 fieret,
1145 978 1359 1009 senatores
1382 983 1434 1009 ne
1458 982 1562 1009 xxx
1584 967 1726 1008 minus

300 1026 510 1066 adessent.
572 1026 724 1066 Videte
746 1026 999 1082 gravitatem
1022 1026 1208 1066 civitatis
1229 1035 1272 1066 et
1294 1025 1565 1081 dignitatem.
1587 1038 1726 1079 neque

301 1096 370 1123 eas
394 1083 436 1123 in
460 1084 562 1123 urbe
589 1098 663 1122 sua
685 1092 844 1123 statuas
867 1097 956 1123 esse
988 1083 1222 1132 voluerant,
1244 1097 1347 1136 quas
1379 1082 1517 1133 inviti,
1540 1095 1614 1137 per
1636 1081 1726 1122 vim

303 1148 430 1194 atque
462 1139 702 1194 imperium,
734 1139 973 1190 dedisse11t3
1006 1153 1142 1194 neque
1172 1139 1263 1194 ejus
1293 1139 1494 1190 hominis,
1524 1139 1568 1179 in
1598 1152 1726 1192 quem

304 1196 400 1251 ipsi,
423 1211 519 1236 cum
542 1196 794 1252 gravissimo
817 1197 1077 1247 testimonio,
1098 1202 1138 1232 79
1153 1195 1336 1251 publice,
1358 1196 1470 1251 quod
1494 1209 1727 1249 numquam

303 1263 442 1303 antea,
464 1253 646 1294 Roman]
671 1253 870 1294 mandata
888 1253 1136 1308 legatosque
1158 1253 1394 1294 misissent:
1426 1262 1469 1293 et
1491 1253 1532 1293 id
1555 1252 1726 1308 gra-vius

305 1324 395 1350 esse
418 1319 688 1365 putaverunt,
711 1310 744 1350 si
766 1310 939 1367 publico
970 1309 1163 1360 consilio,
1185 1324 1314 1364 quam
1336 1310 1370 1349 si
1401 1324 1475 1365 per
1504 1309 1591 1350 vim
1619 1308 1730 1348 mul-

222 1376 293 1412 162
308 1367 499 1408 titudinis
525 1366 685 1407 factum
709 1367 934 1408 videretur.
995 1367 1108 1408 Cum
1130 1366 1211 1407 hoc
1232 1366 1411 1408 consilio
1434 1375 1592 1407 statuas
1617 1365 1730 1406 Cen-

306 1424 484 1479 turipini
506 1423 676 1480 publice
699 1424 979 1474 sustulissent,
1001 1424 1120 1464 audit
1143 1423 1369 1465 Metellus:
1402 1423 1589 1479 graviter
1619 1422 1726 1463 fert:

305 1492 457 1521 evocat
486 1481 537 1521 ad
571 1495 613 1520 se
645 1480 975 1536 Centuripinum
998 1481 1310 1536 magistratum,
1332 1489 1376 1520 et
1403 1480 1729 1535 decemprimOS.

305 1537 388 1578 nisi
419 1537 701 1578 restituissent
731 1547 904 1588 statuas,
934 1537 1205 1578 vehementer
1237 1537 1286 1576 iis
1317 1537 1517 1577 minatur.
1577 1536 1644 1576 Illi
1675 1535 1729 1576 ad

307 1604 499 1635 senatum
523 1595 780 1634 renuntiant.
811 1604 978 1644 statuae,
1001 1609 1096 1649 quae
1120 1594 1241 1634 istius
1263 1607 1403 1635 causae
1427 1593 1534 1634 nihil
1557 1593 1731 1648 prodes-

173 1655 204 1688 Ρ·
225 1650 292 1679 ¹4²·
308 1661 415 1702 sent,
445 1660 732 1708 reponuntur:
766 1654 805 1682 30
818 1651 987 1692 decreta
1017 1650 1411 1706 Centuripinorum,
1435 1665 1532 1705 quae
1564 1651 1616 1690 de
1645 1659 1730 1690 sta-

263 1701 293 1721 a.
308 1709 391 1748 tuis
414 1717 533 1749 erant
555 1707 682 1757 facta,
704 1723 788 1748 non
813 1708 1032 1748 tolluntur.
1076 1707 1163 1748 Hic
1185 1721 1266 1763 ego
1289 1707 1401 1748 aliud
1424 1707 1494 1747 alii
1515 1707 1729 1748 concedo:

309 1765 504 1815 Metello,
528 1765 692 1806 homini
715 1765 910 1820 sapienti,
933 1779 1102 1820 prorsus
1124 1779 1210 1804 non
1242 1779 1414 1819 possum
1437 1765 1673 1819 ignoscere,
1695 1763 1731 1804 si

305 1822 409 1876 quid
432 1822 558 1862 stulte
580 1821 698 1862 facit.
742 1822 886 1868 Quid?
918 1821 986 1862 ille
1005 1821 1087 1862 hoe
1110 1821 1290 1877 putabat
1311 1821 1432 1862 Verri
1454 1821 1731 1861 criminosum

306 1879 412 1929 fore,
436 1879 469 1919 si
500 1878 590 1933 ejus
624 1888 775 1919 statuae
806 1888 947 1919 essent
976 1878 1171 1933 dejectae,
1193 1878 1307 1932 quod
1339 1892 1452 1934 saepe
1483 1887 1626 1928 vento,
1657 1885 1733 1918 aut

307 1935 450 1990 aliquo
473 1948 572 1977 casu
596 1935 684 1976 fieri
709 1936 843 1976 solet?
865 1948 948 1976 non
968 1945 1056 1976 erat
1080 1936 1121 1975 in
1144 1935 1226 1975 hoc
1246 1949 1383 1990 neque
1404 1935 1564 1976 crimen
1583 1933 1731 1984 ullum,

308 2007 446 2047 neque
472 1992 757 2048 reprehensio.
819 1992 884 2033 Ex
917 2008 1002 2047 quo
1025 1993 1156 2048 igitur
1177 1992 1336 2032 crimen
1367 2001 1494 2046 atque
1515 1991 1733 2033 accusatio

228 2053 297 2107 68
311 2049 525 2091 nascitur?
556 2064 609 2090 ex
642 2049 863 2090 hominum
888 2050 1056 2104 judicio
1078 2059 1122 2089 et
1142 2049 1375 2089 voluntate.
1436 2048 1545 2104 Ego,
1567 2049 1602 2089 si
1633 2047 1733 2088 Me-

185 2127 187 2130 <
225 2133 295 2168 163
312 2106 432 2146 tellus
454 2115 613 2146 statuas
636 2120 838 2162 reponere
867 2106 1171 2161 Centuripinos
1196 2120 1281 2146 non
1303 2105 1532 2161 co'e'gisset,
1552 2105 1647 2146 haec
1669 2105 1734 2145 di-

307 2175 469 2205 cerem:
502 2163 669 2214 Videte,
693 2164 877 2219 judice5‚
900 2173 1123 2219 quantum,
1152 2171 1195 2203 et
1224 2177 1353 2218 quam
1383 2163 1584 2203 acerbum
1614 2161 1733 2203 dolo-

210 524 277 558 161

347 2321 387 2353 76
411 2325 487 2350 ante
511 2321 612 2360 ipsum
640 2320 806 2359 Serapim]
846 2318 927 2351 Edd.
950 2331 1000 2361 pr.

1085 2322 1124 2352 78
1148 2319 1224 2348 dum
1242 2328 1300 2356 ego
1314 2319 1348 2348 in
1365 2317 1481 2348 Sicilia
1494 2317 1735 2359 sum—dffecm

309 2362 409 2401 Sape.
452 2363 532 2393 Inde
553 2363 671 2402 Soepim
687 2363 760 2392 Asc.
782 2362 854 2392 Atd.
869 2362 955 2401 quod
968 2367 1002 2393 et

1043 2361 1116 2400 esa]
1159 2361 1296 2391 Videtur
1329 2360 1535 2390 scribendum
1570 2370 1638 2390 esse
1652 2359 1732 2400 fui,-

308 2399 342 2434 in
369 2404 447 2434 Mss.
471 2405 662 2443 quibusdam
688 2409 750 2434 est.
774 2404 810 2434 P.
831 2404 1002 2434 Manutius

309 2446 402 2475 edere
436 2447 532 2486 eoepit
558 2447 674 2477 ,Iovem
688 2458 697 2474 :
733 2446 828 2476 male.
876 2446 1002 2486 Optimi

309 2487 388 2517 Mss.
404 2488 525 2518 habent
541 2490 702 2527 Serapim.
740 2488 899 2528 Serapidis
914 2490 1001 2519 inter

309 2530 439 2560 Graecos
459 2530 539 2560 culti
561 2537 593 2561 et
612 2530 675 2560 alia
692 2530 840 2569 exempla
858 2537 934 2560 sunt
950 2542 1000 2571 ap.

310 2571 480 2611 Polybium
495 2578 529 2602 et
545 2573 636 2602 alios.
680 2572 766 2602 Ante
780 2572 1000 2602 Alexandrum

309 2613 430 2643 Graecis
445 2624 516 2644 eam
539 2615 727 2654 religionem
744 2620 856 2644 notam
872 2624 937 2644 non
952 2616 1002 2644 su—

308 2654 381 2690 isse,
412 2655 558 2695 disputat
584 2656 768 2696 Jab1011sky
792 2656 827 2686 in
857 2657 1004 2687 Pantheo

307 2697 378 2734 Αἲξ.
396 2697 441 2732 11,
459 2701 488 2728 5.

348 2742 385 2771 77
415 2740 547 2770 Italiam
573 2739 699 2778 attigit]
740 2740 865 2779 Attigz't
886 2745 936 2771 est
962 2741 1003 2771 ab

303 2779 409 2827 Alclo:
439 2788 516 2813 ante
539 2783 601 2813 fuit
623 2783 814 2821 attingeret,
842 2783 926 2823 quod
953 2793 1000 2814 re-

304 2826 390 2852 mus
405 2827 465 2854 est.

1046 2413 1121 2433 nam
1144 2406 1293 2442 tempora
1317 2402 1404 2432 verbi
1430 2403 1597 2440 utriusque
1620 2402 1734 2433 eadem

1046 2455 1115 2475 esse
1138 2444 1257 2474 debent
1282 2454 1299 2474 e
1323 2444 1427 2474 forma
1449 2444 1609 2483 legitima,
1629 2444 1735 2483 quoad

1042 2496 1103 2526 ego
1122 2486 1286 2516 observavi
1301 2497 1307 2515 z
1334 2486 1475 2525 adeoque
1493 2490 1550 2516 aut
1564 2487 1735 2516 sum—de-

1035 2528 1057 2570 j
1060 2530 1168 2563 icitur,
1184 2534 1241 2558 aut
1243 2527 1471 2567 fui—dejecta
1485 2532 1540 2558 est.

1086 2574 1125 2604 79
1143 2570 1284 2609 publice]
1313 2569 1389 2599 Non
1405 2575 1454 2599 est
1471 2570 1503 2600 in
1520 2569 1591 2600 edd.
1607 2579 1656 2609 pr.
1676 2578 1738 2600 nec

1045 2614 1078 2642 in
1094 2612 1158 2642 Ms.
1175 2613 1235 2642 nisi
1251 2621 1317 2641 uno
1332 2611 1453 2642 Nannii
1471 2621 1636 2652 repertum
1656 2611 1737 2648 scio,

1047 2655 1132 2684 unde
1155 2654 1188 2684 in
1210 2659 1338 2684 textum
1356 2658 1520 2693 receptum
1534 2659 1595 2684 est.
1619 2653 1735 2683 redun-

1047 2697 1103 2727 dat
1123 2701 1232 2726 autem
1245 2696 1427 2732 manifeste,
1442 2700 1479 2725 ut
1493 2706 1590 2735 supra
1602 2706 1630 2726 c.
1643 2695 1694 2726 64.

1089 2741 1129 2768 80
1154 2739 1385 2767 decreta—non
1397 2738 1570 2777 tolluntur]
1590 2737 1663 2768 Hoc
1671 2736 1736 2777 pri-

1045 2789 1136 2810 mum
1160 2781 1295 2810 accessit
1316 2780 1422 2810 textui
1439 2790 1496 2820 per
1517 2779 1696 2811 Gruterum
1717 2788 1735 2809 ο

1043 2822 1123 2853 Mas.
1136 2822 1288 2861 antiquis.
