1907 3231
474 136 590 175 PRO
618 136 739 174 SEX.
766 135 984 174 ROSCIO
1010 135 1304 175 AMERINO.
1554 137 1605 175 51

169 252 256 294 quo
290 239 344 280 sit
374 239 475 281 Sex.
499 239 683 281 Roscius
705 239 896 282 occisus:
928 239 983 280 ab
1015 254 1137 291 eone,
1167 239 1255 295 qui,
1287 245 1461 294 propter
1492 239 1606 281 illius

169 300 367 346 mortem,
397 297 440 337 in
470 305 661 352 egestate
693 306 736 338 et
768 297 933 338 insidiis
966 306 1171 347 versatur,
1201 296 1271 338 cui
1301 310 1354 336 ne
1383 297 1603 350 quaerendi

167 353 337 407 quidem
363 353 416 394 de
436 364 574 395 morte
596 355 727 409 patris
751 363 938 411 potestas
961 355 1251 410 permittitur;
1283 368 1336 393 an
1363 353 1417 393 ab
1440 353 1505 403 iis,
1528 354 1602 408 qui

167 410 450 464 quaestionem
490 411 693 467 fugitant,
728 412 842 453 bona
878 412 1112 468 possident,
1151 412 1195 452 in
1228 410 1346 452 caede
1383 418 1513 464 atque
1546 424 1602 451 ex

166 467 285 507 caede
308 467 473 508 vivunt.
529 468 702 520 Omnia,
717 468 902 524 judices,
926 469 970 509 in
992 469 1072 510 hac
1094 483 1223 510 causa
1244 476 1343 508 sunt
1363 467 1519 507 misera
1538 475 1604 507 at-

166 538 250 588 que
282 523 485 580 indigna:
517 534 659 566 tamen
693 527 776 567 hoc
811 526 919 567 nihil
947 540 1086 581 neque
1114 525 1323 575 acerbius,
1353 537 1491 579 neque
1521 523 1603 564 ini-

166 595 291 644 quius
311 582 490 638 proferri
510 592 665 638 potest.
685 584 834 624 mortis
854 592 1041 640 paternae
1062 583 1114 624 de
1133 583 1263 624 servis
1283 581 1469 637 paternis
1483 595 1601 636 quae-
1614 581 1644 614 b.

166 646 350 702 stronem
381 639 538 680 habere
569 640 657 682 filio
680 656 766 682 non
796 642 910 682 licet.
934 655 987 681 ne
1012 640 1176 681 tamdiu
1206 639 1380 695 quidem
1401 638 1602 679 dominus

163 704 247 735 erit
268 710 311 736 ln
336 711 449 747 suos,
471 697 572 738 dum
595 712 650 739 ex
673 699 724 739 iis
746 699 798 739 de
821 698 952 754 patris
976 707 1113 738 morte
1133 706 1364 753 quaeratur.
1404 695 1602 746 Veniam,

163 765 303 807 neque
334 753 394 794 ita
423 754 558 795 multo
583 765 694 811 post,
725 756 779 797 ad
808 756 922 797 hunc
953 755 1110 796 locum.
1140 769 1240 795 nam
1270 754 1354 795 hoc
1377 761 1517 794 totum
1547 752 1602 794 ad

164 807 349 851 Roscios
382 812 591 867 pertinet:
623 813 677 854 de
713 827 896 868 quorum
933 812 1114 853 audacia
1152 821 1243 853 tum
1276 825 1344 851 me
1382 810 1600 852 dicturum

132 898 135 911 .
163 866 380 921 pollicitus
403 883 511 920 sum,
531 884 628 910 cum
653 869 797 911 Erucii
819 870 1001 911 crimina
1021 869 1254 910 diluissem.
1286 868 1327 909 N
1332 882 1430 918 unc,
1454 866 1598 918 Eruci,
1611 861 1684 919 29

160 923 214 964 ad
236 933 279 965 te
299 927 438 967 venio.
462 927 691 967 conveniat
721 928 827 968 mihi
860 935 1002 969 tecum
1033 941 1204 968 necesse
1232 934 1310 977 est,
1334 925 1368 965 si
1400 924 1452 967 ad
1483 924 1597 965 hunc
1608 934 1660 972 79

160 981 419 1024 maleficium
450 984 563 1025 istud
594 985 796 1040 pertinet,
817 995 892 1026 aut
924 985 1062 1041 ipsum
1096 999 1171 1025 sua
1199 998 1328 1024 manu
1359 981 1525 1033 fecisse,
1555 981 1599 1022 id

159 1040 275 1092 quod
298 1054 454 1096 negas;
485 1051 559 1081 aut
591 1056 667 1097 per
696 1042 860 1098 aliquos
883 1042 1054 1092 liberos,
1077 1051 1152 1082 aut
1181 1055 1339 1082 servos.
1362 1040 1601 1081 liberosne?

159 1110 267 1150 quos
290 1112 428 1153 neque
449 1107 497 1138 ut
519 1099 749 1140 convenire
779 1100 983 1156 potuerit,
1005 1114 1143 1154 neque
1165 1114 1251 1154 qua
1279 1097 1445 1139 ratione
1476 1096 1603 1137 indu-

158 1167 268 1219 cere,
302 1169 438 1210 neque
468 1156 557 1206 ubi,
593 1171 730 1212 neque
760 1172 836 1213 per
865 1172 986 1213 quos,
1010 1171 1147 1211 neque
1177 1171 1262 1211 qua
1294 1169 1382 1211 spe,
1409 1163 1484 1195 aut
1514 1169 1602 1210 quo

157 1220 312 1274 pretio,
346 1221 468 1268 potes
502 1214 740 1255 ostendere.
802 1214 897 1271 Ego
931 1223 1083 1255 contra
1112 1213 1307 1263 ostendo,
1347 1227 1434 1252 non
1470 1211 1603 1252 modo

156 1268 265 1331 nihil
287 1284 435 1310 eorum
466 1270 617 1312 fecisse
650 1271 752 1312 Sex.
777 1272 1001 1322 Roscium,
1025 1271 1098 1311 sed
1128 1285 1182 1311 ne
1213 1270 1404 1326 potuisse
1426 1269 1600 1324 quidem

155 1325 321 1391 iacere:
353 1327 467 1382 quod
503 1342 642 1383 neque
678 1328 832 1370 Romae
868 1328 1012 1369 multis
1046 1328 1169 1368 annis
1202 1327 1345 1378 fuerit,
1377 1340 1516 1381 neque
1548 1326 1601 1366 de

156 1383 329 1437 praediis
352 1399 555 1440 umquam
580 1395 737 1428 temere
759 1386 1014 1428 discesserit.
1068 1385 1248 1426 Restare
1272 1384 1352 1425 tibi
1375 1384 1602 1424 videbatur

155 1454 375 1505 servorum
406 1457 578 1494 nomen,
600 1458 701 1498 quo,
729 1444 850 1499 quasi
882 1444 926 1485 in
958 1452 1146 1499 portum,
1177 1441 1362 1497 rejectus
1393 1456 1418 1481 a
1447 1440 1601 1481 ceteris

154 1500 486 1560 susplcronibUS,
528 1500 764 1556 confugere
805 1515 976 1558 posses:
1029 1500 1104 1541 ubi
1147 1499 1372 1555 scopulum
1414 1497 1598 1538 offendis

153 1557 380 1608 ejusmodi,
404 1566 452 1598 ut
482 1573 567 1599 non
598 1559 729 1599 modo
759 1559 814 1600 ab
847 1559 932 1599 hoc
956 1558 1119 1599 crimen
1153 1556 1314 1597 resilire
1342 1555 1502 1606 videas,
1526 1569 1598 1595 ve-

151 1626 247 1678 rum
267 1628 440 1656 omnem
462 1616 749 1671 suspicionem
774 1616 818 1657 in
840 1616 1125 1672 vosmetipsos
1148 1614 1336 1655 recidere
1365 1612 1595 1668 intelligas.

154 1670 281 1716 de
305 1681 371 1713 est
402 1687 520 1729 ergo,
552 1688 638 1729 quo
670 1673 844 1715 tandem
874 1682 1113 1723 aecusator,
1143 1671 1291 1728 inopia
1319 1679 1595 1727 argumento-
1608 1670 1659 1704 80

149 1741 260 1779 rum,
282 1729 555 1787 confugerit?
588 1729 814 1786 Ejusmodi
833 1740 1002 1787 tempus
1025 1738 1130 1781 erat,
1153 1729 1308 1784 inquit,
1330 1737 1380 1769 ut
1401 1727 1597 1769 homines

151 1784 282 1849 vulgo
305 1787 482 1843 impune
503 1788 814 1830 occiderentur.
837 1802 968 1844 quare
997 1797 1044 1829 tu
1076 1787 1173 1838 hoc,
1196 1795 1372 1843 propter
1401 1785 1598 1826 multitu-

150 1842 296 1906 dinem
326 1845 592 1898 sicariorum,
625 1846 742 1887 nullo
772 1845 952 1902 negotio
982 1844 1123 1887 facere
1158 1843 1354 1900 potuisti.
1416 1842 1598 1884 Interim

150 1900 258 1942 mihi
290 1902 462 1954 videris,
494 1902 640 1955 Eruci,
675 1919 760 1945 una
791 1902 987 1945 mercede
1025 1902 1130 1943 duas
1164 1916 1228 1942 res
1261 1901 1430 1955 assequi
1464 1899 1595 1941 velle:

147 1959 189 1995 49
201 1972 280 1999 nos
295 1958 466 2014 judicio
489 1960 772 2017 perfundere:
804 1975 1005 2003 accusare
1035 1968 1180 2001 autem
1202 1973 1275 2000 eos
1301 1959 1431 2014 ipsos,
1454 1972 1480 1998 a
1499 1957 1597 2012 qui-

148 2012 229 2056 bus
264 2018 505 2059 mercedem
544 2018 766 2074 accepisti.
827 2018 947 2066 Quid
981 2018 1072 2059 ais?
1104 2016 1233 2072 vulgo
1269 2015 1594 2057 occidebantur.

147 2072 188 2102 50
201 2072 283 2114 Per
312 2077 449 2130 quos?
478 2084 523 2117 et
552 2091 577 2116 a
606 2076 791 2131 quibus?
822 2079 858 2108 51
877 2075 979 2117 Non
1009 2074 1192 2131 cogitas,
1223 2083 1265 2114 te
1296 2087 1322 2113 a
1354 2072 1594 2113 sectoribus

146 2126 233 2171 huc
266 2132 502 2174 adductum
539 2148 645 2174 esse.
688 2132 859 2180 ⁵2’Quid
891 2135 1069 2189 postea?
1118 2131 1362 2180 Nescimus,
1397 2144 1472 2185 per
1510 2130 1594 2169 ista

147 2194 356 2244 tempora,
378 2191 551 2232 eosdem
573 2190 662 2232 fere
687 2201 872 2232 sectores
890 2190 1022 2231 fuisse
1043 2189 1267 2240 collorum,
1289 2198 1333 2229 et
1351 2187 1591 2228 bonorum?

146 2249 185 2292 Ii
218 2249 416 2304 denique,
447 2248 521 2303 qui
556 2259 649 2289 tum
680 2249 834 2290 armati
866 2248 956 2290 dies
990 2256 1225 2302 noctesque
1257 2244 1648 2294 concursabant,81

144 2307 218 2365 qui
259 2305 414 2348 Romae
442 2315 564 2347 erant
593 2305 767 2359 assidui,
800 2305 874 2362 qui
907 2305 1027 2347 omni
1057 2314 1251 2360 tempore
1286 2303 1330 2343 in
1363 2301 1510 2358 praeda
1546 2306 1698 2378 etg'ae'

185 2468 227 2499 49
248 2475 304 2496 nos
315 2462 610 2505 peofunderejzcd]
636 2463 657 2494 i.
670 2474 698 2494 e.
714 2472 842 2500 vexare,
886 2471 978 2492 more
997 2460 1147 2501 periculi,
1169 2469 1229 2490 nec
1248 2456 1310 2489 tibi
1329 2458 1421 2488 venit
1442 2457 1477 2488 in
1497 2467 1590 2488 men-

143 2507 295 2539 molestia
307 2508 434 2538 afficere
443 2516 500 2547 per
509 2507 722 2541 calumniam,
735 2504 845 2544 aliqua
884 2508 968 2541 tem,
981 2509 1016 2534 te
1031 2514 1050 2533 a
1066 2502 1246 2534 sectoribus
1265 2505 1489 2531 accusatorem
1502 2499 1590 2530 dele-

142 2550 270 2591 privata
284 2550 323 2580 de
337 2559 460 2580 caussa.
499 2550 587 2580 Hinc
602 2554 677 2589 post
693 2547 844 2587 pertuso·
886 2551 979 2576 ctum
993 2556 1061 2576 esse
1074 2545 1114 2575 ad
1129 2545 1191 2575 hoc
1198 2543 1386 2584 judicium?
1402 2541 1486 2573 Vult
1510 2551 1590 2582 ergo

141 2594 201 2623 νέω
227 2593 368 2622 actiones
395 2592 505 2629 dietae,
533 2598 572 2622 ut
599 2590 686 2632 apud.
706 2591 843 2620 Sueten.
885 2590 1040 2620 timorem
1055 2588 1197 2628 injicere.
1243 2586 1364 2616 Nonne
1377 2585 1589 2624 cogitas?es*

140 2634 266 2666 Domit.
283 2637 313 2666 8.
883 2635 946 2668 set,
965 2635 1002 2661 tu
1016 2640 1096 2661 sane
1109 2630 1233 2669 cogitas
1244 2640 1253 2658 .·
1277 2627 1364 2667 quod
1378 2632 1429 2658 est
1448 2626 1489 2658 ab
1509 2626 1542 2657 h.
1564 2627 1587 2658 l.

184 2680 225 2708 50
247 2677 319 2708 Per
332 2686 480 2716 quos-a
494 2676 621 2716 quibus]
649 2677 712 2706 int.
727 2685 785 2715 per
798 2675 841 2704 si-
883 2673 1040 2704 alienum.

140 2719 344 2750 carios—ab
372 2720 423 2755 iis,
453 2719 508 2758 qui
534 2719 666 2749 sicarios
692 2717 839 2749 mercede
927 2716 966 2746 52
981 2713 1230 2756 ‚Quidposteaffl
1249 2712 1310 2742 Est
1322 2710 1447 2746 Erucii‚
1462 2711 1594 2742 miram-

140 2762 318 2793 conductos
333 2761 533 2791 immittunt.
881 2757 938 2794 tis,
963 2766 1116 2796 quorsum
1140 2755 1222 2787 illud
1245 2755 1374 2785 dixerit.
1418 2753 1585 2793 Quorsum

183 2807 220 2835 51
248 2805 368 2834 Nonne
384 2805 507 2843 cogitas
524 2802 598 2841 δια]
624 2801 839 2833 scribendum
883 2799 988 2829 illud?
1014 2799 1092 2839 quid
1104 2799 1180 2829 inde
1189 2798 1238 2828 vis
1251 2796 1404 2835 intelligi.
1427 2797 1586 2834 Sequitur

139 2851 189 2878 est
202 2847 271 2876 sine
285 2846 401 2878 dubio:
428 2847 507 2877 lVon
520 2847 653 2884 cogitas.
698 2845 839 2885 Nempe,
883 2843 1063 2882 responsio,
1079 2841 1238 2873 nescimus
1251 2841 1311 2871 &m
1353 2838 1432 2868 Non
1445 2838 1583 2870 assecuti

141 2888 305 2937 quomodo
325 2893 363 2919 tu
378 2888 465 2919 istud
479 2887 585 2920 dicere
600 2892 694 2928 potes
707 2887 778 2923 sine
797 2886 840 2917 ti·
883 2890 961 2915 sunt
975 2885 1170 2926 interpretes
1184 2881 1359 2916 Graeviani.
1544 2905 1556 2909 ..

823 2933 900 2969 ΕΩ
