1907 3231
591 124 710 163 PRO
735 121 794 161 Mi
820 120 1103 161 FONTEIO.
1433 128 1436 130 ’
1488 126 1571 166 '445

129 236 331 271 vocatur:
354 243 444 280 vos,
460 228 533 285 qui
547 228 591 269 in
605 244 649 269 re
662 244 749 270 non
765 227 1035 278 interfuistis,
1059 230 1077 258 8
1092 241 1264 269 causam
1280 242 1366 269 una
1377 242 1476 270 cum
1493 243 1573 285 po-
1607 272 1611 274 ,

128 286 231 342 pulo
252 286 452 328 Romano
470 288 750 342 cognoscitis.
769 287 921 328 dicunt
939 295 1104 336 contra,
1126 285 1284 340 quibus
1303 285 1575 327 invitissimis

130 345 389 400 imperatum
411 354 475 384 est
493 361 502 385 z
532 344 697 395 dieunt,
720 344 862 400 quiex
877 344 992 400 agris
1014 347 1101 383 9ex
1118 342 1184 383 M.
1206 342 1375 383 Fonteii
1399 343 1575 384 decreto

130 401 336 443 decedere
349 413 448 443 sunt
463 402 625 442 coacti:
658 403 823 452 dicunt,
840 402 913 456 qui
931 416 985 441 ex
1005 400 1132 451 bello,
1152 399 1272 441 caede
1284 409 1327 440 et
1341 398 1445 455 fuga
1457 415 1574 441 nunc

129 459 318 515 primum
351 459 510 500 audent
532 468 683 500 contra
717 459 1035 500 M.Fonteium
1073 458 1281 498 inermem
1323 458 1594 497 consistere.-

133 516 253 563 Quid
285 516 427 557 coloni
453 516 785 558 Narbonenses?
822 517 927 572 quid
958 516 1135 557 volunt?
1170 515 1274 571 quid
1295 514 1575 555 existimant?

133 573 267 615 Hunc
284 588 359 629 per
373 589 448 615 vos
465 574 637 626 volunt3
661 589 703 615 se
723 589 798 631 per
816 574 931 615 hunc
948 573 1183 614 incolumes
1200 572 1454 613 existimant
1468 585 1574 612 esse.

133 631 253 678 Quid
278 631 618 673 Massiliensium
641 633 823 673 civitas?
846 632 960 672 hunc
981 640 1236 687 praesentem
1258 630 1310 670 iis
1334 629 1480 670 affecit
1497 629 1576 669 ho·-
1589 648 1618 677 p.
1633 639 1708 673 9770

131 689 326 740 notibus,
340 704 447 744 quos
466 690 620 730 habuit
639 689 947 746 amplissimos:
974 703 1048 729 vos
1067 698 1210 729 autem
1226 688 1378 728 absens
1397 696 1492 728 orat
1512 696 1576 727 at-
1587 691 1618 712 ἢ·

132 760 217 802 que
231 748 445 798 obsecrat,
463 757 513 788 ut
527 763 601 788 sua
619 748 784 803 religio,
801 745 1004 796 laudatio,
1019 746 1267 795 auctoritas,
1286 745 1447 800 aliquid
1461 744 1575 800 apud

132 813 298 845 vestros
320 805 486 846 animos
508 806 717 845 momenti
745 804 946 846 habuisse
967 803 1178 843 videatur.
1234 803 1378 849 Quid?
1416 802 1615 850 civium5

131 861 432 903 'Romanorum
451 878 548 918 quae
568 862 765 903 voluntas
783 863 872 902 est?
907 860 948 901 N
953 874 1049 900 emo
1071 869 1136 900 est
1159 875 1213 900 ex
1238 869 1361 900 tanto
1383 873 1578 911 numero,
1607 875 1611 877 ·

133 920 236 974 quin
260 920 375 961 hunc
395 922 559 977 optime
575 920 628 960 de
646 918 884 974 provincia,
901 918 953 958 de
971 917 1169 974 imperio,
1185 917 1238 958 de
1257 917 1384 958 sociis
1405 927 1449 958 et
1470 917 1578 958 civi-

132 977 212 1018 bus
231 979 433 1019 meritum
452 986 542 1018 esse
564 978 809 1017 arbitretur.
855 976 1074 1022 Quoniam
1097 976 1232 1031 igitur
1255 977 1292 1005 10
1307 975 1476 1025 videtis,
1501 975 1572 1030 qui
1589 973 1624 1020 3

134 1044 391 1091 oppugnent
420 1035 487 1076 M.
507 1033 1133 1089 Fonteium3-=cognostis,<qui
1163 1031 1386 1073 defensum
1418 1032 1578 1074 velint:

130 1093 463 1143 'statuite-nunc,
485 1092 588 1147 quid
611 1100 753 1133 vestra
782 1091 978 1146 aequitem,
1009 1091 1113 1145 quid
1135 1090 1283 1147 populi
1309 1089 1496 1130 Romani
1517 1089 1584 1132 di-

135 1150 278 1206 gnitas
311 1150 525 1206 postulet:
558 1158 703 1190 utrum
735 1148 901 1190 colonis
931 1148 1097 1200 vestr-is,
1131 1147 1478 1203 negotiatoribus
1511 1161 1601 1188 ve-v

134 1207 247 1258 stris,
280 1208 551 1248 amicissimis
585 1216 721 1262 atque>
746 1206 1056 1260 antiquissimis
1086 1206 1229 1255 sociis,
1260 1214 1303 1245 et
1335 1205 1507 1246 credere
1538 1213 1584 1246 et

135 1264 359 1306 consulere
399 1265 580 1317 malitis3
623 1279 677 1305 an
710 1265 788 1316 iis,
808 1264 963 1318 quibus
1002 1277 1155 1318 neque,
1195 1271 1371 1318 propter
1413 1262 1584 1303 iracun-

136 1322 268 1373 diam,
291 1323 436 1374 fidem,
464 1337 617 1378 neque,
640 1331 818 1379 propter
842 1320 1155 1371 infidelitatem,
1184 1320 1394 1361 honorem
1426 1319 1587 1361 babere

138 1380 320 1421 debetis.
383 1380 517 1431 Quid,
562 1381 597 1420 si
636 1380 857 1434 majorem·
889 1378 1114 1419 hominum
1156 1378 1287 1419 etiam
1331 1377 1619 1425 honestissise

136 1452 308 1479 morum
338 1439 509 1493 copiam
531 1437 679 1488 affero,
710 1436 783 1492 qui
814 1435 943 1490 liujus
976 1436 1128 1476 virtuti
1158 1445 1288 1490 atque
1321 1435 1583 1477 innocentia»,

137 1496 392 1537 testimonio
419 1495 588 1552 possint
610 1496 727 1535 esse?
760 1502 959 1534 tamenne
992 1492 1086 1549 plus
1110 1493 1335 1534 Gallorum
1357 1494 1586 1534 consensio

137 1553 314 1604 valebit,
337 1567 467 1608 quam
490 1567 670 1594 summae
703 1550 974 1592 auctoritatis
1005 1550 1259 1592 hominum?
1292 1550 1405 1590 Cum
1430 1550 1586 1592 Gassiae

139 1610 346 1654 Fonteius
369 1619 586 1667 praeesset,
603 1609 743 1660 scitis,
759 1608 946 1664 judiees,
976 1609 1191 1650 maximos
1214 1607 1365 1664 populi
1398 1607 1590 1650 Romani

139 1668 355 1710 exercitus
388 1668 433 1709 in
466 1668 632 1709 duabus
667 1666 909 1722 HispaniiS,
931 1665 1276 1721 clariss-imosque
1309 1666 1590 1721 imperatores

141 1725 287 1767 fuisse.
349 1725 494 1773 Quam
525 1725 651 1766 multi
683 1725 850 1780 equites
882 1723 1085 1775 Romani,
1117 1739 1247 1779 quam
1269 1723 1394 1764 multi
1425 1723 1588 1764 tribuni

140 1783 345 1834 rnilitum,
375 1784 535 1839 quales,
563 1793 606 1824 et
634 1792 756 1838 quot,
778 1792 821 1823 et
849 1782 1017 1837 quoties
1040 1781 1171 1838 legati
1196 1781 1299 1821 llad
1318 1795 1406 1821 eos.
1452 1780 1591 1822 Exer-

141 1841 253 1882 citus
295 1850 501 1897 praeterea
537 1840 619 1882 Cn.
645 1840 840 1896 Pompeii
877 1840 1092 1880 maximus
1132 1849 1261 1894 atque
1289 1838 1588 1880 ornatissimus

143 1898 354 1940 hiemavit
386 1899 429 1939 in
459 1898 616 1951 Gallia,
651 1898 718 1939 M.
740 1897 923 1938 Fonteio
958 1897 1210 1952 imperante.
1272 1897 1442 1936 Satisne
1464 1897 1588 1937 vobis

142 1956 318 2007 multos,
342 1957 443 1997 satis
465 1956 644 1998 idoneos
662 1965 806 2007 testeS,
829 1965 871 2002 et
894 1956 1092 1996 conscios
1114 1955 1284 1999 videtur
1305 1954 1398 2011 ipsa
1416 1953 1591 1995 fortuna

142 2082 214 2122 gius
229 2081 325 2121 idque
340 2091 454 2112 omnes
471 2081 575 2112 secuti
589 2081 679 2112 sunt.
716 2081 783 2111 sed
793 2080 843 2111 ed.
888 2080 952 2111 Ms.
978 2079 1109 2117 Faerni,
1133 2079 1219 2119 quod
1242 2083 1276 2110 et
1299 2078 1351 2110 ed.
1365 2078 1461 2110 sunt.
1476 2079 1590 2118 habet,

141 2125 236 2159 Junt.
251 2125 425 2165 conjungit
438 2129 632 2163 utrumquez
656 2124 696 2160 is,
712 2125 778 2154 hoec
789 2124 844 2163 qui
888 2132 955 2153 non
971 2123 1128 2153 convenit
1142 2123 1199 2153 rei.
1236 2122 1316 2153 Non
1331 2121 1486 2152 volebant
1501 2122 1590 2153 Galli

139 2169 256 2207 gessit:
272 2167 357 2206 quod
367 2178 479 2198 verum
492 2172 552 2198 est.
563 2177 640 2197 nam
653 2176 721 2197 esse
736 2166 844 2202 debet,
888 2170 1119 2206 oppugnatum
1141 2165 1329 2201 Fonteium,
1351 2164 1407 2194 sed
1419 2165 1590 2205 oppugna-

143 2210 231 2249 quod
245 2209 441 2251 respondeat
455 2210 682 2249 sequentibus:
703 2208 776 2245 Vos,
789 2208 846 2248 qai
888 2208 970 2239 baut
998 2209 1073 2248 ipsi,
1110 2212 1145 2238 et
1172 2210 1378 2238 accusarant.
1408 2212 1443 2237 at
1472 2208 1588 2245 ceteri,

144 2252 203 2282 ἃς.
886 2260 966 2290 quos
987 2255 1065 2282 ante
1088 2251 1288 2287 nominavit,
1311 2249 1489 2289 cupiebant
1511 2258 1588 2280 eum

186 2297 205 2325 8
227 2304 364 2325 causam
388 2304 464 2325 eum
486 2304 562 2334 pop.
579 2294 622 2325 R.
637 2293 840 2337 cognoscetis]
886 2293 1016 2323 defendi
1045 2298 1080 2323 et
1102 2293 1236 2323 absolvi.
1280 2291 1350 2322 Nec
1371 2292 1531 2330 cognostis
1547 2302 1588 2323 ex

140 2337 164 2367 i.
179 2347 208 2368 e.
224 2341 260 2367 et
270 2338 340 2368 viee
363 2347 438 2378 pop.
454 2337 495 2367 R.
517 2342 552 2367 et
573 2338 608 2367 in
628 2347 749 2367 corona
763 2340 845 2376 ojus.
887 2335 1003 2366 eodem
1024 2335 1108 2365 libro
1128 2337 1206 2365 satis
1229 2334 1349 2375 placet.
1393 2334 1589 2373 Cognoscitis

143 2377 288 2410 Faernus
313 2380 398 2410 male
425 2385 542 2411 notam
566 2380 725 2410 librorum
752 2379 788 2409 P.
806 2379 844 2409 R.
888 2378 1005 2409 melius
1033 2379 1188 2408 convenit
1223 2376 1433 2408 antecedenti
1463 2378 1587 2408 videtis.

140 2426 282 2462 praetore
303 2422 386 2462 legit
398 2427 433 2452 et
451 2423 497 2453 sie
516 2422 628 2453 edidit.
673 2422 789 2452 Oratio
805 2421 845 2451 ad
887 2420 1034 2451 Dixisset
1048 2421 1149 2451 etiam
1166 2420 1300 2450 vidistis.

143 2468 320 2507 praetorem
334 2470 370 2495 et
377 2465 507 2504 judices
529 2466 687 2505 pertinet,
705 2474 764 2494 nec
783 2473 842 2494 un-
933 2465 967 2492 ll
993 2463 1039 2494 ad
1049 2474 1109 2493 eos.
1146 2462 1325 2494 Exercitus
1332 2471 1391 2501 pr.
1411 2462 1468 2493 Cn.
1486 2461 1587 2492 Pom-

144 2516 243 2546 quam
257 2508 303 2538 sic
317 2507 399 2537 dixit
414 2507 539 2538 Cicero.
881 2506 950 2545 peiz·
966 2505 1038 2545 δῖα]
1057 2506 1109 2535 Sic
1131 2516 1170 2535 ex
1195 2504 1258 2536 Ms.
1273 2505 1415 2535 correxit
1430 2505 1587 2543 Faernus,

187 2553 208 2583 9
229 2560 269 2580 az·
294 2549 343 2580 M.
375 2549 500 2581 Fonteii·
529 2549 668 2589 decreto]
700 2548 781 2579 Mss.
810 2552 845 2579 et
887 2548 940 2578 cui
966 2549 1133 2578 consentit
1161 2548 1225 2577 ΜΞ.
1250 2547 1366 2578 Franc-
1391 2548 1587 2588 Recepimus

146 2589 218 2622 edd.
241 2602 354 2623 omnes
384 2591 442 2623 Cn.
466 2592 628 2633 Pompeii.
667 2592 717 2622 Ex
740 2592 847 2621 Hoto-
890 2600 966 2620 cum
993 2591 1133 2621 Graevio.
1177 2589 1265 2620 Nam
1295 2590 1447 2630 vulgata:
1472 2590 1517 2621 ad
1539 2599 1590 2621 eos

146 2634 261 2664 manni
270 2635 473 2665 correctione
488 2645 577 2665 nunc
589 2640 638 2665 est
651 2634 700 2665 M.
711 2634 846 2665 Fonteii.
889 2634 1050 2663 exercitus
1063 2634 1077 2662 ?
1105 2637 1269 2673 praeterea
1315 2631 1372 2664 Cn.
1410 2632 1590 2673 Pompeias

147 2679 247 2706 recte.
292 2677 404 2708 Etiam
418 2687 458 2708 ex
472 2688 524 2708 me
540 2677 690 2713 offendit,
704 2677 780 2716 quia
797 2677 848 2706 ni-
891 2676 949 2705 δερ.
966 2675 1095 2705 nullum
1121 2684 1253 2705 sensum
1277 2674 1389 2707 hahet.
1433 2675 1589 2715 Ceterum

146 2718 209 2748 mis
224 2719 368 2750 vicinum
382 2724 433 2750 est
444 2720 541 2751 alteri
555 2730 595 2750 ex
608 2721 712 2759 agris.
750 2719 779 2749 V
781 2718 847 2749 ide·
888 2718 940 2748 vel
954 2718 1000 2748 sic
1026 2717 1132 2748 adhuc
1159 2717 1282 2756 aliquid
1293 2718 1366 2748 vitii
1381 2719 1486 2748 inesse
1501 2718 1589 2748 vide-
1641 2715 1644 2718 ’

146 2765 204 2791 tur
217 2760 404 2792 delendum.
892 2761 997 2791 turin
1022 2759 1303 2800 praecedentibu53
1326 2770 1427 2800 quam
1449 2761 1592 2798 multi-⁴-

192 2805 230 2833 lO
251 2803 378 2841 videtis,
396 2805 451 2844 qui
471 2804 672 2844 oppugnent]
688 2804 849 2834 Restitui-
893 2804 994 2842 legati
1009 2803 1054 2833 ad
1067 2812 1126 2833 eos.
1155 2802 1259 2833 Deest
1271 2804 1417 2834 verbum.
1444 2803 1533 2834 Nam
1547 2804 1590 2833 le-

148 2855 222 2876 mus
258 2850 401 2877 veterem
435 2846 613 2877 lectionem
650 2848 849 2886 oppugnent.
889 2846 966 2884 gatz'
993 2850 1044 2877 est
1071 2854 1207 2883 nomen,
1228 2849 1268 2875 ut
1294 2846 1416 2887 equites
1437 2851 1472 2877 et
1495 2845 1590 2878 tribea.

145 2883 331 2928 Vulgatum
359 2888 456 2920 hodie
482 2894 711 2930 oppug'natwn
745 2894 796 2919 est
830 2899 848 2920 e
892 2890 963 2920 mil.
