1907 3231
667 133 783 173 PRO
812 133 855 172 P.
889 131 1159 173 QUINTIO.
1580 135 1625 169 15

204 238 341 295 turpis
358 251 412 280 ne
427 238 556 280 morti
575 239 750 295 quidem
770 238 962 279 honestae
982 235 1124 277 locum
1141 233 1357 288 relinquit.
1397 233 1512 290 Ergo
1531 234 1626 276 her·
1638 248 1697 288 50

204 296 312 347 cule,
334 296 457 351 cujus
476 297 590 337 bona
606 310 661 337 ex
678 295 821 336 edicto
842 293 1128 350 possidentur,
1146 291 1274 346 hujus
1293 291 1430 331 omnis
1453 293 1567 333 fama
1583 303 1626 333 et

203 352 467 394 existimatio
496 368 595 394 cum
619 353 742 394 bonis
773 351 898 392 simul
927 349 1191 406 possidetur:
1226 348 1277 389 de
1310 362 1395 402 quo
1423 347 1553 389 libelli
1583 351 1626 391 in

205 409 490 451 celeberrimis
522 410 627 452 locis
659 418 972 465 proponuntur,
1004 407 1107 449 huic
1135 406 1176 436 46
1195 420 1248 447 ne
1286 405 1423 461 perire
1454 406 1627 460 quidem

202 476 318 507 certe
348 467 476 507 tacite
505 468 771 522 obscureque
802 465 1072 507 conceditur:
1105 463 1174 503 cui
1208 462 1401 518 magistri
1433 461 1556 513 fiunt,
1585 475 1629 504 et

156 518 161 524 ⁸
202 522 365 564 domini
388 525 721 575 constituuntur,
744 524 832 579 qui,
854 537 939 578 qua
958 521 1052 577 lege
1073 530 1116 561 et
1136 534 1221 574 qua
1241 519 1488 560 conditione
1510 534 1629 575 pere-

204 588 264 630 at,
287 582 594 635 pronuncient:
627 582 680 622 de
701 596 786 636 quo
805 580 979 621 homine
1002 578 1212 634 praeconis
1234 592 1320 627 vox
1343 577 1564 631 praedicat,
1585 588 1629 618 et

203 637 388 692 pretium
411 639 613 690 conficit3
646 639 745 679 huic
763 637 1087 679 acerbissimum
1110 635 1208 675 vivo
1238 639 1277 670 47
1291 634 1540 688 videntique
1561 633 1628 675 fu-

202 708 282 734 nus
304 694 495 737 ducitur:
528 696 562 736 si
586 696 713 736 funus
736 695 777 736 id
801 694 1046 735 habendum
1068 692 1137 742 sit,
1159 707 1245 747 quo
1266 706 1354 732 non
1375 691 1503 732 amici
1525 705 1628 732 con-

201 751 379 792 veniunt
401 753 453 793 ad
479 754 703 808 exsequias
725 751 1079 800 cohonestandas,
1103 749 1175 789 sed
1198 750 1406 789 bonorum
1430 757 1628 800 emtores,

201 817 251 848 ut
279 809 515 861 carnifices,
542 811 594 851 ad
622 810 819 865 reliquias
846 809 947 849 vitae
974 806 1218 847 lacerandas
1248 814 1290 846 et
1319 805 1626 847 distrahendas.
1702 850 1713 859 ,

205 863 358 920 Itaque
379 867 561 922 majores
583 867 717 908 nostri
739 880 833 907 raro
852 865 895 906 id
914 864 1106 905 accidere
1128 862 1381 914 voluerunt3
1410 873 1628 918 praetores,
1646 850 1712 903 Is)

206 932 254 962 ut
274 923 540 965 considerate
562 924 697 975 fieret,
718 931 1088 979 comparaverunt.
1119 920 1199 961 viri
1222 919 1340 970 boni,
1362 935 1461 960 cum
1490 920 1627 976 palam
1641 930 1691 965 5}

203 978 467 1032 fraudantur,
488 996 587 1022 cum
613 980 866 1037 experiundi
892 988 1080 1036 potestas
1101 992 1187 1018 non
1209 986 1288 1028 est,
1310 976 1460 1017 timide
1486 987 1629 1019 tamen

201 1046 246 1077 et
268 1037 528 1092 pedetentim
551 1039 661 1079 istuc
682 1037 960 1088 descendunt,
982 1036 1024 1077 vi
1047 1050 1095 1076 ac
1114 1035 1367 1075 necessitate
1388 1035 1543 1084 coacti,
1566 1036 1629 1076 in-

201 1093 294 1144 viti,
312 1094 456 1135 multis
475 1096 730 1137 vadimoniis
749 1095 940 1145 desertis,
954 1107 1068 1149 saepe
1087 1092 1197 1133 illusi
1217 1107 1266 1133 ac
1279 1091 1489 1133 destituti.
1513 1092 1630 1134 Con-

200 1151 387 1192 siderant
408 1152 538 1204 enim,
566 1153 671 1208 quid
700 1161 743 1192 et
771 1161 980 1207 quantum
1009 1150 1079 1201 sit,
1102 1149 1274 1190 alterius
1304 1149 1418 1190 bona
1446 1150 1630 1205 proscri-

198 1207 313 1248 bere.
370 1208 398 1250 J
402 1209 578 1265 ugulare
618 1209 771 1259 civem,
800 1223 854 1249 ne
885 1208 984 1263 jure
1015 1207 1190 1262 quidem
1227 1206 1452 1262 quisquam
1490 1207 1629 1248 bonus

200 1265 316 1306 vult:
352 1266 516 1307 mavult
541 1267 657 1307 enim
680 1279 1030 1315 commemorare,
1053 1278 1111 1314 se,
1135 1278 1234 1304 cum
1264 1273 1409 1319 posset
1439 1264 1628 1319 perdere,

201 1323 454 1378 pepercisse,
480 1338 624 1378 quam,
645 1337 745 1364 cum
776 1336 948 1378 parcere
978 1320 1182 1377 potuerit,
1209 1321 1455 1375 perdidisse.
1516 1320 1629 1362 Haec

201 1379 245 1419 in
264 1379 458 1420 homines
476 1380 770 1430 alienissimos,
790 1379 974 1434 denique
992 1377 1326 1428 inimicissimos,
1345 1378 1425 1418 viri
1444 1378 1547 1418 boni
1566 1377 1630 1419 fa·

200 1436 336 1487 ciunt,
358 1446 403 1477 et
426 1436 650 1478 hominum
679 1436 1028 1487 existimationis,
1049 1444 1093 1476 et
1122 1434 1362 1476 communis
1386 1435 1630 1476 humanita-

201 1493 255 1533 tis
276 1507 424 1535 causa:
456 1504 518 1546 ut,
539 1509 639 1536 cum
661 1494 743 1550 ipsi
768 1493 876 1534 nihil
896 1493 1017 1534 alteri
1045 1493 1227 1533 scientes
1252 1492 1629 1544 incommodarint,

197 1552 239 1580 48
252 1549 360 1591 nihil
378 1551 482 1607 ipsis
492 1551 593 1607 jure
610 1551 874 1593 incommodi
892 1551 1042 1592 cadere
1060 1550 1210 1606 possit.
1248 1548 1318 1591 Ad
1336 1550 1631 1590 vadimonium

200 1621 287 1648 non
316 1609 455 1650 venit:
485 1610 606 1664 quis?
660 1608 949 1665 Propinquus.
1009 1608 1055 1649 Si
1078 1622 1143 1648 res
1170 1607 1253 1647 ista
1278 1607 1530 1663 gravissima
1556 1622 1632 1647 sua

199 1673 352 1720 sponte
370 1665 597 1717 videretur,
617 1676 759 1707 tamen
778 1665 870 1721 ejus
890 1666 1091 1706 atrocitas
1113 1664 1439 1705 necessitudinis
1457 1664 1631 1705 nomine

198 1720 422 1763 levaretur.
483 1722 552 1765 Ad
574 1723 867 1765 vadimonium
887 1736 974 1763 non
997 1722 1128 1764 venit.
1151 1723 1271 1777 quis?
1303 1722 1470 1763 Socius.
1499 1722 1628 1762 etiam
1642 1732 1695 1768 521.

199 1780 372 1834 gravius
394 1780 552 1835 aliquid
576 1781 616 1821 ei
636 1780 812 1821 deberes
835 1780 1090 1821 concedere:
1123 1779 1299 1835 quicum
1322 1788 1364 1820 te
1385 1787 1460 1819 aut
1479 1779 1629 1820 volun·
1640 1783 1673 1813 b.

198 1845 262 1876 tas
289 1847 608 1893 congregasset,
631 1847 705 1878 aut
725 1837 899 1878 fortuna
926 1837 1239 1893 conjunxisset.
1297 1835 1365 1877 Ad
1391 1837 1629 1877 vadimoni-

199 1907 271 1933 um
294 1907 380 1934 non
407 1895 536 1935 venit.
567 1895 689 1949 quis?
723 1894 779 1945 Is,
801 1895 875 1950 qui
899 1895 978 1936 tibi
1002 1904 1160 1951 praesto
1183 1908 1349 1950 semper
1371 1892 1468 1934 fuit.
1511 1892 1628 1950 Ergo

193 1951 239 1991 in
260 1965 374 2002 eum,
396 1952 470 2007 qui
501 1951 630 1992 semel
647 1952 730 1993 hoc
761 1952 992 2003 commisit,
1015 1960 1064 1992 ut
1086 1951 1166 1992 tibi
1197 1960 1355 2007 praesto
1386 1965 1474 1991 non
1503 1964 1628 2002 esset,

196 2008 341 2048 omnia
362 2009 446 2049 tela
475 2009 715 2064 conjecisti,
737 2024 834 2064 quae
857 2019 1005 2065 parata
1027 2020 1125 2049 sunt
1147 2009 1191 2049 in
1212 2023 1299 2059 eos,
1322 2008 1395 2062 qui
1418 2008 1630 2064 permulta

197 2065 308 2105 male
330 2065 485 2121 agendi
514 2081 642 2107 causa
665 2065 974 2122 fraudandique
1004 2065 1222 2108 fecerunt?
1254 2066 1301 2106 Si
1330 2068 1372 2100 49
1384 2065 1628 2121 dupondius
1641 2076 1694 2114 53

198 2131 296 2162 tuus
321 2133 532 2178 ageretur,
555 2123 658 2164 Sex.
681 2123 824 2174 Naevi,
847 2124 881 2164 si
904 2124 947 2164 in
969 2123 1146 2179 parvula
1166 2137 1211 2164 re
1232 2122 1444 2178 captionis
1468 2122 1629 2177 aliquid

191 2192 395 2232 vererere,
413 2195 501 2221 non
520 2180 665 2221 statim
684 2181 737 2221 ad
757 2179 809 2222 C.
828 2180 1082 2237 Aquillium,
1097 2190 1173 2222 aut
1190 2181 1243 2221 ad
1261 2194 1409 2221 eorum
1427 2179 1627 2235 aliquem,

193 2329 279 2350 mors
304 2320 495 2352 memoriam
515 2322 593 2353 vitae
616 2322 802 2362 superioris,
828 2321 887 2352 ho·
971 2325 1012 2354 48
1035 2324 1120 2353 nihil
1133 2323 1212 2363 ipsis
1225 2321 1308 2364 jure
1323 2321 1400 2361 eta]
1430 2321 1491 2352 Ms.
1512 2320 1628 2353 Dresd.

193 2366 321 2395 nestate
337 2364 461 2393 mortis.
492 2364 554 2394 Sed
567 2369 681 2395 tamen
696 2364 800 2394 altera
811 2374 889 2394 con·
930 2365 965 2394 in
975 2375 1016 2395 se.
1026 2365 1111 2404 quod
1119 2365 1229 2405 placet
1237 2365 1376 2394 Graevio.
1392 2364 1475 2394 Sane
1484 2364 1561 2403 ips-is
1572 2363 1630 2394 du-

188 2405 303 2439 nistere
313 2414 379 2435 non
388 2411 510 2446 potest,
523 2412 561 2436 ut
572 2411 622 2437 est
634 2408 668 2437 in
680 2407 770 2437 libris
782 2416 842 2437 scr.
856 2412 891 2436 et
932 2408 998 2438 rius
1013 2412 1075 2444 est,
1093 2418 1165 2437 cum
1187 2407 1348 2447 praecedat
1363 2406 1446 2436 nihil
1458 2407 1529 2445 ipsi.
1567 2406 1630 2437 Sed

191 2446 263 2477 edd.
307 2446 510 2478 Facciolatus
536 2450 720 2488 corr-&ebat
745 2449 815 2478 vica
840 2449 889 2479 ita
932 2449 1016 2480 forte
1038 2451 1099 2489 ipsi
1121 2448 1308 2486 delendum,
1336 2447 1423 2488 quod
1447 2456 1534 2479 certe
1562 2458 1629 2479 nou

192 2490 310 2529 turpis,
326 2495 364 2519 ut
378 2499 422 2520 sc.
439 2496 488 2520 est
502 2501 552 2527 ea,
569 2502 665 2530 quarn
681 2491 845 2531 descripsi.
930 2492 1148 2522 necessarium
1162 2497 1222 2522 est.

232 2533 274 2562 46
295 2542 335 2562 ne
348 2533 459 2571 perire
474 2534 601 2572 quidem
620 2533 718 2572 certe]
745 2543 774 2563 v.
798 2543 887 2572 supr.
971 2536 1012 2568 49
1035 2534 1214 2573 dupondius
1243 2537 1320 2563 taus
1348 2532 1519 2572 ageretur]
1551 2532 1627 2564 Du·-

191 2574 232 2604 ad
245 2585 274 2604 c.
297 2577 323 2604 l.
367 2575 467 2604 Abest
486 2581 600 2605 tamen
619 2576 671 2605 hic
686 2579 771 2606 certe
790 2585 810 2605 a
825 2575 887 2606 Ms.
927 2577 1065 2615 poudius
1074 2581 1122 2605 est
1137 2586 1210 2606 vera
1219 2576 1316 2605 lectio
1325 2574 1395 2605 edd.
1408 2584 1457 2615 pr.
1472 2576 1629 2615 nisiquod

191 2615 304 2646 Franc.
327 2616 387 2647 Dr.
410 2622 444 2647 et
465 2617 514 2647 ed.
534 2618 588 2649 W.
633 2618 748 2658 Itaque
771 2617 891 2648 delevit
933 2618 982 2647 ed.
992 2617 1153 2648 w.habet
1159 2622 1341 2656 gereretur.
1355 2617 1629 2648 Aldusinduxitsi

190 2658 347 2689 Graevius.
930 2661 968 2690 de
990 2661 1122 2699 proediis
1148 2661 1213 2691 tuis
1238 2664 1403 2698 ageretur.
1448 2659 1526 2690 Post
1551 2670 1628 2690 cum

232 2703 271 2734 47
296 2702 477 2740 videntique
504 2701 616 2740 funus
650 2701 796 2740 ducitur]
836 2701 888 2732 Sic
931 2702 1059 2732 Graevio
1085 2708 1197 2732 secuto
1226 2702 1340 2733 Franc.
1372 2703 1398 2730 Ι.
1425 2702 1503 2739 ejeci
1531 2702 1628 2732 verba

189 2742 275 2773 edidi
290 2753 364 2773 cum
379 2743 520 2780 Graevio,
533 2748 571 2774 ut
583 2744 681 2773 estin
697 2744 746 2774 ed.
763 2744 816 2774 W.
832 2743 889 2774 ln-
932 2750 1006 2784 post
1035 2744 1213 2775 Lucullum
1225 2757 1233 2773 :
1262 2744 1318 2775 sed
1342 2753 1382 2773 ne
1406 2744 1472 2782 ipse
1498 2744 1627 2783 quidem

191 2785 325 2822 dieitur,
352 2785 440 2824 quod
461 2785 562 2816 edidit
583 2785 756 2822 Gruterus,
780 2792 830 2816 est
854 2787 888 2815 in
931 2791 962 2817 te
983 2787 1181 2823 com-aluisti,
1203 2787 1236 2817 in
1255 2786 1370 2826 quibus
1397 2791 1447 2815 est
1468 2787 1627 2826 interpr&

190 2827 262 2857 edd.
279 2837 326 2867 pr.
349 2827 521 2868 plerisque,
543 2834 580 2858 ut
596 2827 692 2858 Rom.
715 2828 770 2859 ΒΡ.
797 2830 886 2860 1480.
930 2829 1014 2860 tatio
1029 2829 1248 2868 sequentium.
1277 2828 1406 2859 Absunt
1421 2833 1454 2858 et
1469 2828 1518 2858 ed.
1530 2828 1627 2861 Junt.

189 2875 222 2899 et
238 2878 324 2909 seqq.
