1907 3231
470 115 597 156 ACT.
630 112 682 153 ΙΙ.
716 113 905 152 LIBER
936 113 1208 154 TERTIUS.
1480 115 1558 158 275

121 221 316 263 oratione
345 234 442 261 mea
470 220 632 272 tollam,
655 228 716 261 ,ut
745 227 887 260 tamen
921 218 965 260 in
994 232 1127 259 causa
1148 217 1402 273 relinquam.
1463 218 1559 260 Au-

121 279 249 320 dietis
276 277 677 334 Agrigentinorum,
698 276 1031 318 fortissimorum
1053 276 1257 325 virorum,
1279 275 1560 331 diligentissi-

122 349 378 391 morumque
397 335 708 390 querimonias:
729 333 1016 390 cognoscetiS,
1030 332 1216 388 judices,
1233 331 1560 385 Entellinorum,
1573 361 1603 392 p.
1623 354 1690 387 170.

125 394 281 436 summi
311 392 470 433 laboris
500 406 766 447 summaeque
797 390 1036 441 industriae,
1064 389 1257 431 dolorem
1289 399 1334 430 et
1356 389 1601 444 injuriasza.

127 449 488 501 Heracliensium,
534 449 802 500 Gelensium,
848 449 890 483 96
903 447 1232 492 Soluntinorum
1281 447 1564 488 incommoda

127 506 424 562 proferentur:
486 506 801 558 Catinensium,
849 504 1287 562 locupletissimorum
1333 503 1564 546 hominum

128 564 588 620 amicissimorumque,
614 579 740 620 agros
767 572 948 605 vexatos
965 563 1021 604 ab
1038 561 1236 619 Apronio
1257 561 1532 617 cognoscetis
1552 577 1564 604 τ

128 619 483 675 Tyndaritauam,
528 621 842 664 nobilissimam
878 621 1116 672 civitatem,
1140 618 1565 676 .Cephaleditanam,

131 676 429 730 Halentinam,
461 678 828 735 Apolloniensem,
852 677 1098 735 Eggynam,
1130 676 1398 734 Capitinam,
1421 675 1566 732 perdi-

131 744 198 776 tas
235 750 326 777 esse
360 736 440 778 hac
469 737 699 792 iniquitate
730 736 1008 777 decumarum
1044 734 1318 790 intelligetis:
1353 732 1568 790 Murgen-

130 793 249 844 tinis,
272 793 504 845 Ass-minis,
525 793 724 844 Elorinis,
745 791 1034 844 Ennensibus,
1055 792 1234 843 Letinis,
1256 791 1366 832 nihil
1388 791 1569 833 omnino

129 850 350 898 relictum:
386 851 618 900 Citarinos‚
639 854 679 885 97
693 849 949 901 AcherinOS,
972 864 1201 905 parvarum
1232 849 1462 891 civitatum
1486 848 1567 889 ho-

129 908 285 960 mines,
304 910 482 950 omnino
513 908 708 963 abjectos
737 921 829 949 esse
858 923 909 950 ac
939 907 1156 963 perditos:
1199 920 1350 948 omnes
1375 906 1578 961 denique

135 980 262 1021 agros
284 966 544 1008 decumanos
568 979 642 1021 per
673 965 903 1006 'triennium
928 964 1089 1021 populo
1123 964 1326 1005 Romano
1358 978 1414 1005 ex
1449 973 1577 1019 parte.

133 1022 328 1074 decuma,
370 1023 421 1064 C.
452 1023 575 1065 Verri
602 1038 659 1064 ex
692 1023 810 1064 omni
854 1022 1018 1077 reliquo
1061 1021 1293 1079 vectigales
1328 1019 1484 1062 fuisse:
1527 1030 1573 1061 et

125 1080 348 1137 plerisque
376 1081 617 1123 aratoribus
651 1079 757 1120 nihil
780 1080 958 1121 omnino
993 1079 1277 1136 superfuisse,
1311 1078 1438 1120 sicui
1462 1078 1567 1134 quid

128 1146 212 1178 »aut
243 1138 481 1188 remissum,
503 1148 577 1179 aut
599 1137 794 1179 relictum
816 1138 887 1189 sit,
909 1137 951 1178 id
975 1137 1108 1178 fuisse
1137 1146 1322 1187 tantum,
1350 1146 1565 1192 quantum

138 1207 192 1235 ex
216 1208 282 1246 co,
305 1211 392 1251 quo
414 1196 537 1237 istius
556 1195 735 1236 avaritia
752 1205 958 1237 contenta
977 1194 1075 1246 fuit,
1098 1194 1361 1236 redundarit.

196 1251 391 1294 Duarum
415 1253 521 1294 mihi
545 1253 773 1294 civitatum
794 1252 979 1307 reliquos
1010 1251 1094 1293 feci
1116 1267 1257 1308 agros,
1274 1252 1460 1307 judiceS‚
1484 1250 1572 1292 fere
1585 1260 1658 1307 44

136 1311 325 1366 optimos
348 1326 398 1352 ac
416 1310 721 1360 nobilissimos,
743 1310 998 1351 AEtnensem
1020 1319 1064 1351 et
1085 1310 1360 1351 Leontinum.
1400 1308 1570 1350 Horum
1588 1308 1663 1365 104'

138 1382 339 1423 agrorum
361 1383 444 1425 ego
468 1368 617 1409 missos
640 1366 796 1408 faciam
818 1376 1009 1422 quaestus
1032 1367 1227 1408 triennii:
1262 1381 1394 1407 unum
1413 1381 1574 1408 annum
1655 1369 1659 1371 ’

139 1425 312 1481 eligam,
343 1441 432 1481 quo
473 1425 642 1466 facilius
674 1424 733 1475 id,
772 1425 888 1480 quod
930 1424 1114 1476 institui,
1145 1424 1363 1481 explicare
1398 1425 1574 1479 possim.

141 1482 319 1523 Sumam
352 1497 511 1524 annum
543 1482 732 1532 tertium,
765 1482 882 1537 quod
910 1491 954 1522 et
983 1482 1302 1524 recentissimus
1337 1491 1415 1531 est,
1449 1492 1493 1522 et
1521 1482 1577 1522 ab

141 1540 226 1581 isto
265 1540 326 1581 ita
363 1541 701 1590 administratus,
733 1551 794 1590 ut,
824 1554 924 1581 cum
953 1541 994 1573 93
1017 1555 1060 1581 se
1079 1550 1194 1581 certe
1218 1539 1493 1581 decessurum
1512 1540 1579 1580 vi-

141 1597 276 1649 deret,
299 1612 385 1639 non
407 1598 636 1649 laboraret,
667 1598 700 1638 si
724 1606 938 1639 aratorem
961 1598 1125 1639 nullum
1149 1599 1192 1638 iu
1221 1597 1369 1638 Sicilia
1398 1596 1578 1637 omnino

141 1664 254 1696 esset
275 1655 513 1697 relicturus.
572 1654 681 1712 Agri
714 1654 936 1697 iEtnensis
951 1666 1002 1699 ⁴et
1026 1654 1226 1697 Leontini
1248 1655 1451 1695 decumas
1474 1669 1577 1710 age-

142 1726 254 1754 mus.
313 1712 556 1764 Attendite,
582 1710 769 1768 j'udiceS,
801 1713 1045 1770 diligenter.
1118 1713 1226 1768 Agri
1257 1721 1356 1753 sunt
1389 1711 1576 1753 feraces:

141 1784 280 1812 annus
303 1771 474 1812 tertius:
504 1771 766 1813 decumanus
790 1770 1024 1827 Apronius.
1088 1770 1156 1812 De
1179 1769 1462 1811 AEtnensibus
1485 1784 1580 1825 per·
1594 1783 1665 1817 105

144 1841 283 1883 pauca
315 1828 472 1869 dicam.
503 1829 709 1870 dixerunt
734 1829 851 1870 enim
885 1829 968 1885 ipsi
1007 1828 1148 1885 priore
1166 1827 1358 1869 'actione
1392 1827 1580 1883 publice.
1665 1828 1674 1836 ”

147 1884 366 1926 Memoria
386 1886 556 1937 tenetis,
586 1885 912 1927 Artemidorum
944 1886 1213 1936 AEtnensem,
1235 1885 1465 1941 legationis
1483 1885 1580 1940 ,ejus

146 1943 403 2040 principem,
431 1945 604 2000 publice
633 1944 790 1995 dicere,
814 1943 1060 2000 Apronium
1082 1945 1250 1984 venisse
1280 1942 1458 1983 AEtnam
1482 1957 1583 1983 cum

173 2000 366 2043 'eneriisz
401 2016 574 2042 vocasse
588 2002 643 2043 ad
666 2016 710 2042 se
730 2002 1055 2058 magistratum:
1089 2002 1335 2058 imperasse,
1351 2010 1399 2041 ut
1421 2001 1462 2041 in
1487 2000 1580 2041 foro

146 2058 229 2099 sibi
263 2059 406 2100 medio
433 2059 533 2101 lecti
567 2069 877 2101 sternerentur:
921 2059 1116 2116 quotidie
1154 2058 1329 2100 solitum
1366 2073 1458 2098 esse
1496 2071 1626 2101 nonb.

147 2116 280 2157 modo
303 2117 346 2157 in
366 2117 556 2172 publicO,
581 2118 653 2158 sed
684 2117 815 2159 etiam
847 2117 900 2159 de
921 2118 1098 2174 publico
1130 2115 1374 2158 convivari:
1407 2131 1506 2157 cum
1541 2116 1584 2157 in

148 2173 208 2214 eis
231 2175 443 2216 conviviis
462 2175 727 2230 symphonia
748 2184 934 2226 caneret,
957 2175 1246 2230 maximisque
1269 2173 1434 2230 poculis
1458 2174 1585 2214 mini-

148 2239 368 2283 straretur,
390 2236 431 2267 99
445 2233 628 2274 retinere
646 2233 819 2275 solitum
842 2247 934 2274 esse
964 2243 1167 2283 aratoreS,
1190 2241 1320 2287 atque
1343 2232 1397 2272 ab
1425 2232 1476 2272 iis
1500 2246 1588 2272 non

149 2289 280 2330 modo
303 2305 378 2345 per
400 2290 618 2346 injuriam,
639 2291 710 2332 sed
729 2290 858 2331 etiam
884 2305 959 2347 per
978 2290 1302 2340 contumeliam,
1323 2299 1492 2329 tantum
1511 2303 1585 2330 ex-

148 2347 279 2403 primi
309 2347 531 2400 frumenti,
565 2358 775 2403 quantum
805 2347 1025 2404 Apronius
1065 2349 1331 2404 imperasset.
1391 2345 1586 2388 Audistis
1603 2348 1675 2383 106

149 2405 260 2457 haec,
284 2405 471 2461 judices,
503 2421 601 2461 quae
635 2421 750 2447 nunc
779 2419 863 2461 ego
897 2407 1044 2447 omnia
1074 2416 1283 2461 praetereo
1305 2419 1355 2445 ac
1378 2404 1588 2460 relinque.

119 2481 124 2485 ·
151 2463 277 2505 Nihil
298 2464 351 2505 de
380 2464 552 2505 luxuria
581 2462 768 2521 Apronii
798 2462 963 2519 loquor,
986 2463 1096 2504 nihil
1117 2463 1170 2504 de
1204 2461 1446 2515 insolentia,
1482 2462 1591 2503 nihil

192 2580 233 2615 96
272 2578 534 2619 Soluntinorum]
562 2579 626 2615 Sic,
646 2588 712 2608 non
739 2577 848 2608 Solen·
891 2584 1078 2618 prorogata!
1095 2578 1274 2618 provinciae
1285 2585 1358 2617 spes
1372 2576 1452 2608 ulla.

149 2623 309 2658 tinorum,
323 2633 436 2653 verum
452 2628 511 2652 est.
528 2633 556 2652 v.
575 2622 687 2651 Burni.
705 2621 746 2651 V.
762 2619 849 2650 C.ad
936 2624 976 2655 99
998 2621 1139 2650 retinere
1156 2621 1287 2650 solitum
1310 2620 1388 2659 esse]
1414 2620 1596 2653 Lambinus,

152 2674 245 2695 num.
289 2666 352 2696 Sic.
376 2676 408 2705 p.
430 2667 503 2696 482¹.
549 2665 650 2695 Error
662 2671 754 2694 ortus
767 2668 818 2694 est
832 2673 848 2692 e
893 2662 1132 2692 correxit‘lzene
1146 2663 1281 2692 retineri
1295 2664 1402 2693 solitos
1415 2673 1489 2692 esse.
1532 2661 1596 2693 Ve-

151 2707 315 2748 seriptura
337 2709 474 2749 antiqua
489 2710 647 2738 σαλαντῖνοι
668 2717 726 2748 pro
747 2712 855 2737 σαλεν-
899 2706 1036 2745 stigium
1052 2711 1100 2737 est
1116 2706 1151 2734 in
1165 2703 1236 2734 edd.
1253 2705 1345 2745 pr.in
1360 2705 1475 2745 quibus
1490 2709 1541 2734 est
1549 2715 1597 2734 so-

153 2752 231 2781 «τῖνω.
900 2749 987 2778 litus.
1034 2747 1085 2777 Ita
1111 2746 1286 2788 respondet
1311 2748 1417 2778 oratio
1440 2748 1522 2778 bene
1548 2756 1598 2777 se-

196 2797 236 2828 97
253 2793 441 2832 Amerinus]
466 2804 495 2824 v.
509 2794 601 2829 Clav,
899 2790 1089 2829 quentibus:
1106 2795 1203 2830 atque
1212 2790 1498 2830 abiis-exprimi,
1511 2789 1599 2828 quod

197 2839 238 2870 98
260 2838 293 2866 se'
306 2840 391 2866 certe
409 2836 538 2876 decess]
557 2846 599 2866 an
619 2839 704 2866 certo
717 2835 734 2865 ?
761 2843 852 2865 nem·
896 2843 972 2863 cum
987 2833 1118 2863 solitum
1133 2842 1197 2863 esse
1210 2841 1277 2863 non
1289 2833 1457 2870 convenit,
1472 2833 1522 2862 uti
1538 2841 1598 2861 uec

156 2887 197 2919 pe
220 2887 298 2909 eum
311 2879 429 2910 tertius
443 2880 515 2918 jam
539 2888 644 2911 annus
663 2882 764 2909 esset:
793 2887 854 2907 nec
898 2875 992 2913 illud,
1007 2879 1171 2915 quantum
1182 2874 1348 2916 Apronius
1362 2876 1563 2915 imperasset.

834 2924 910 2960 ΤΞ
