1907 3231
340 139 418 176 696
925 134 1174 173 ORATIO

342 240 473 281 etiam
516 237 753 295 providere,
784 238 889 294 quid
925 238 1117 279 futurum
1159 238 1238 279 sit:
1286 237 1508 278 ostendam
1539 237 1623 278 alio
1654 235 1776 288 loco,

346 306 555 351 quantum
577 295 723 336 salutis
752 296 992 337 communis
1015 295 1195 345 intersit,
1225 295 1331 336 duos
1353 295 1547 335 consules
1577 296 1618 335 in
1642 308 1769 350 repu-

313 353 463 399 5ὺ1ἰω,
497 353 699 394 Kalendis
730 352 828 394 Jan.
860 365 964 391 esse.
1037 352 1166 414 Quod
1199 352 1230 391 si
1266 353 1325 393 ita
1355 363 1432 402 est,
1465 366 1548 392 non
1581 363 1667 392 tarn
1699 365 1769 392 me

262 411 265 413 “
350 411 539 451 officium
563 410 710 451 debuit
732 410 782 449 ad
809 408 993 448 hominis
1011 409 1136 448 amici
1160 408 1365 458 fortunaS,
1387 423 1514 464 quam
1535 408 1775 464 respublica

258 459 336 510 3
350 468 567 509 consulem
587 467 638 507 ad
652 478 923 506 communem
938 464 1114 505 salutem
1134 441 1382 506 defendend·
1375 481 1441 506 am
1459 480 1625 506 x··.oca1e
1657 465 1772 506 Nam

349 525 463 580 quod
498 524 633 579 legem
659 524 710 562 de
743 522 907 562 ambitu
945 521 1035 571 tuli,
1067 532 1182 562 certe
1213 523 1272 562 ita
1305 523 1395 573 tuli,
1429 533 1475 564 ut
1504 537 1613 572 eum,
1643 536 1774 577 quam

348 569 627 635 mihimetipsi
644 579 905 633 iampridem
928 578 1096 618 tuleiim
1122 580 1204 619 8de
1225 580 1383 618 civium
1407 580 1605 634 periculis
1627 577 1774 620 defen-

349 638 512 687 dendis,
536 651 619 676 non
642 637 908 691 abioOQaiem
972 635 1139 676 Etenim
1163 637 1197 676 si
1219 635 1488 691 largitionem
1508 636 1665 677 factam
1684 649 1776 676 esse

350 696 590 743 confiterer,
631 669 774 756 idque0
799 702 913 733 recte
951 691 1110 733 factum
1144 706 1233 732 esse
1263 693 1560 744 def3enderein
1590 693 1776 733 facerem

353 752 563 806 impiobe,
586 749 659 790 eti·
661 765 753 790 nnsl
777 750 882 789 alius
905 749 1041 805 lenem
1066 749 1253 790 tulisset:
1287 764 1386 790 cum
1408 764 1507 791 vero
1530 749 1636 790 nihil
1656 764 1776 790 com-

354 822 529 848 missum
561 818 710 847 contra
741 807 877 862 legen]
901 820 991 847 esse
1013 806 1254 856 defendam,
1276 807 1377 861 quid
1401 816 1478 857 est,
1500 807 1616 861 quod
1636 820 1775 847 meam

319 864 642 906 6defensionein
675 864 776 904 latio
808 857 913 919 legis
945 864 1176 918 impediat?
1209 864 1353 919 hegat
1382 878 1472 904 esse
1491 863 1683 926 ejusdem
1713 877 1778 903 se-

355 922 559 972 velitatiS,
583 920 829 970 Catilinam,
851 921 1032 961 exitium
1058 920 1304 984 reipublicae
1337 921 1448 961 intra
1470 934 1635 961 moenla
1655 919 1779 961 moli-

353 989 511 1029 entem,
544 978 683 1018 v·e1bis
717 988 760 1017 et
795 991 917 1032 paene
948 977 1127 1032 imperio
1159 978 1263 1018 urbe
1304 978 1542 1033 expulisse:
1588 986 1631 1018 et
1662 991 1778 1017 nunc

319 1081 322 1083 ‚
353 1052 430 1092 pro
459 1036 502 1076 L.
527 1035 712 1075 Murena
733 1035 888 1075 diceie.
950 1033 1045 1089 Ego
1068 1044 1208 1074 autem
1232 1034 1308 1075 has
1331 1039 1501 1090 9partes
1529 1034 1718 1076 lenitatis
1735 1041 1779 1074 et

352 1093 672 1141 miseiicmdiae,
691 1106 794 1146 quas
817 1105 886 1131 me
903 1102 1054 1131 natura
1076 1092 1169 1146 ipsa
1189 1092 1351 1141 docuit,
1371 1106 1536 1148 semper
1553 1091 1623 1147 egi
1644 1091 1781 1132 liben-

354 1161 437 1191 ter:
472 1149 583 1189 illam
619 1163 717 1189 vero
741 1149 964 1204 gratitatis
996 1149 1318 1212 severitatisque
1340 1163 1564 1213 peisonam
1595 1163 1681 1188 non
1704 1163 1780 1203 ap-

353 1207 502 1271 petixi.
535 1206 605 1246 sed
630 1207 683 1246 ab
706 1205 925 1269 republica
945 1205 1049 1245 mihi
1083 1205 1328 1260 impositam
1351 1206 1549 1257 sustinui,
1572 1205 1683 1246 sicut
1701 1204 1781 1245 hu·
1811 1230 1814 1231 ν

347 1279 420 1320 ¹jus
445 1263 611 1318 impeiii
634 1262 868 1318 dignitas,
860 1277 903 1302 ln
927 1276 1094 1302 summo
1116 1262 1305 1318 periculo
1324 1263 1500 1313 civium,
1522 1259 1782 1318 postulabat.

357 1322 524 1368 Quodsi
545 1331 650 1369 tum,
670 1334 767 1360 cum
787 1319 1027 1375 lespublica
1046 1320 1131 1359 vim
1151 1330 1192 1360 et
1212 1320 1481 1360 severitatem
1499 1319 1783 1369 desiderabat,

356 1379 440 1419 vici
475 1386 685 1426 naturam,
725 1385 767 1417 et
800 1386 886 1416 tam
919 1376 1147 1416 vehemens
1186 1376 1263 1427 fui,
1294 1391 1421 1432 quam
1452 1377 1653 1433 cogebar,
1693 1390 1783 1417 non

356 1450 484 1490 quam
508 1433 701 1475 volebam
721 1450 729 1474 :
762 1447 890 1483 nunc,
912 1448 1009 1473 cum
1033 1447 1180 1474 omnes
1210 1448 1280 1474 me
1300 1448 1440 1474 causae
1469 1435 1522 1475 ad
1545 1433 1786 1474 misericor-

356 1493 471 1533 diam
494 1502 622 1546 atque
644 1491 695 1531 ad
720 1490 1030 1531 humanitatem
1054 1500 1222 1541 vocent,
1245 1499 1407 1545 quanto
1438 1491 1610 1531 tandem
1641 1490 1784 1531 studio

356 1550 494 1590 debeo
516 1558 679 1589 naturae
712 1562 818 1588 meae
850 1547 1235 1602 consuetudinique
1267 1547 1446 1589 servire?
1477 1547 1543 1589 Ac
1564 1548 1617 1588 de
1638 1547 1785 1588 officio

357 1606 619 1647 defensionis
649 1619 771 1655 meae,
795 1618 842 1644 ac
875 1604 927 1644 de
963 1605 1126 1645 ratione
1157 1603 1454 1645 accusationis
1475 1613 1575 1656 tuae,
1605 1603 1788 1646 fortasse

360 1664 488 1704 etiam
510 1662 591 1702 alia
612 1663 653 1702 in
678 1672 795 1717 parte
813 1661 1018 1702 orationis
1038 1661 1266 1702 dicendum
1290 1661 1414 1701 nobis
1435 1661 1531 1702 erit.
1733 1694 1737 1698 .

325 1732 350 1772 7
420 1720 502 1760 Sed
526 1734 606 1769 me,
631 1719 816 1782 judices,
839 1733 922 1758 non
954 1719 1094 1758 minus
1120 1721 1156 1748 ¹0
1171 1718 1355 1758 hominis
1389 1717 1691 1773 sapientissimi
1724 1726 1789 1758 at-

317 1780 350 1810 b·
362 1791 444 1832 que
466 1775 740 1825 ornatissimi,
764 1776 853 1815 Ser.
872 1774 1066 1839 Sulpicii,
1089 1776 1357 1839 conquestio,
1379 1789 1506 1829 quam
1525 1775 1705 1816 Catonis
1718 1789 1790 1816 ac-

362 1834 525 1874 cusatio
553 1807 879 1873 commoiebat:
912 1833 983 1887 qui
1019 1832 1269 1887 giaxissume
1300 1841 1344 1872 et
1375 1832 1648 1873 acerbissime
1679 1832 1790 1873 ferre

361 1891 487 1939 dixit,
517 1904 583 1930 me
613 1889 915 1930 familiaritatis
947 1889 1356 1944 necessitudinisque
1385 1889 1583 1940 oblitum,
1615 1903 1789 1930 causam

363 1947 412 1988 L.
437 1948 634 1987 Murenae
659 1957 808 1986 contra
838 1961 880 1986 se
903 1947 1144 1987 defmendeie
1207 1946 1324 1987 Huic
1345 1961 1442 2002 ego,
1459 1946 1644 2001 judices,
1666 1946 1790 1987 satis-

361 2004 500 2046 facere
533 2004 678 2059 cupio,
711 2017 868 2057 vosque
895 2004 1099 2044 adhibeie
1131 2004 1327 2045 arbitros.
1371 1979 1504 2044 0Nam
1537 2018 1635 2045 cum
1660 2017 1790 2067 grave

362 2072 440 2110 est,
465 2075 560 2101 vere.
592 2061 782 2101 accusari
814 2060 858 2100 in
891 2061 1095 2110 amicitia,
1118 2070 1224 2111 tum,
1247 2061 1412 2101 etiamsi
1430 2060 1542 2102 falso
1565 2074 1790 2111 accusem„

363 2134 447 2159 non
470 2127 534 2158 cst
566 2117 887 2173 negligendum.
950 2117 1058 2173 Ego,
1083 2093 1172 2158 'Seu
1196 2118 1374 2174 Sulpici,
1407 2132 1476 2158 me
1506 2118 1549 2158 in
1583 2117 1791 2173 petitione

364 2188 436 2215 tua
460 2176 538 2216 tibi
562 2190 707 2214 omnia
729 2174 870 2214 studia
886 2184 1013 2229 atque
1029 2175 1186 2224 officia,
1204 2190 1280 2231 pro
1302 2185 1446 2215 nostra
1461 2174 1790 2225 necessitudine,

364 2243 407 2272 (t
429 2232 625 2273 debuisse
647 2231 870 2282 confiteor,
893 2242 935 2272 et
959 2232 1207 2287 praestitisse
1223 2233 1420 2273 albitror.
1442 2232 1551 2273 nihil
1573 2231 1668 2296 tibi,
1689 2246 1793 2272 con-

365 2289 548 2330 sulatum
575 2288 751 2344 petenti,
774 2303 798 2328 a
828 2303 896 2330 me
918 2288 1070 2339 detuit,
1093 2289 1207 2344 quod
1241 2299 1351 2329 esset
1372 2298 1446 2329 aut
1467 2291 1520 2330 ab
1543 2289 1697 2339 amico,
1719 2297 1795 2332 aut

366 2362 389 2386 a
411 2346 616 2401 onatioso,
639 2355 711 2385 aut
733 2360 756 2385 a
779 2345 952 2386 consule
976 2346 1293 2409 postulandum.
1332 2346 1454 2387 Abiit
1476 2346 1578 2387 illud
1602 2355 1792 2410 tempus:

365 2413 530 2443 mutata
553 2402 660 2442 ratio
694 2413 772 2442 est.
796 2402 856 2443 sic
886 2403 1103 2454 existimo,
1135 2418 1195 2444 stc
1219 2403 1321 2443 mihi
1355 2403 1601 2460 persuadeo,
1623 2417 1692 2443 me
1713 2402 1794 2443 tibi

365 2470 516 2501 contra
548 2459 755 2500 honorem
792 2459 839 2499 L.
864 2459 1078 2511 Murenae,
1109 2470 1316 2516 quantum
1354 2470 1398 2501 tu
1431 2476 1458 2502 a
1484 2474 1552 2501 me
1578 2459 1797 2517 postulare

409 2617 426 2643 Β
450 2614 487 2643 de
513 2614 631 2643 cit-ium
658 2615 813 2652 periculis
837 2612 1056 2654 defendendis]
1104 2616 1285 2655 proprium,
1305 2626 1344 2646 ex
1360 2626 1423 2656 qua
1438 2616 1568 2647 verbum
1579 2620 1695 2657 partes
1708 2625 1798 2646 sum-

367 2654 590 2694 Defendemlis
616 2656 694 2685 mihi
720 2655 886 2685 interdum
920 2656 1060 2694 glossam
1103 2663 1228 2688 tum.V.
1246 2658 1336 2689 Clav.

365 2697 452 2727 olere
475 2699 578 2728 visum
602 2702 661 2727 est.
708 2698 908 2728 ConcinnIus
930 2698 990 2728 sibi
1012 2709 1060 2729 re·
1150 2703 1185 2729 10
1214 2701 1351 2730 hominis
1377 2699 1620 2740 sapientissimi]
1648 2700 1800 2731 Arbitror

365 2739 527 2780 spondent
543 2740 580 2769 de
595 2750 684 2769 more
700 2740 864 2769 Ciceronis
878 2741 929 2769 lex
941 2741 979 2770 de
989 2751 1060 2772 am·
1103 2742 1264 2781 pertinere
1288 2742 1328 2772 ad
1354 2742 1524 2773 seientiam
1541 2743 1639 2781 iuris,
1666 2747 1800 2783 propter

367 2783 435 2812 bitu
450 2786 483 2811 et
499 2781 549 2811 lex
565 2782 604 2811 de
617 2782 794 2811 canicorum
806 2782 973 2821 periculis.
1103 2793 1199 2822 qnam
1213 2785 1371 2823 sapientes
1386 2783 1466 2814 dicti
1479 2784 1497 2815 21
1503 2785 1575 2816 Lu
1600 2792 1800 2829 quamquam

410 2828 430 2857 9
447 2828 573 2864 partes,
589 2834 669 2863 quas
690 2834 740 2853 me
757 2828 882 2853 natura
896 2825 918 2854 τ’.
937 2824 1058 2864 docuit]
1102 2830 1137 2856 et
1153 2825 1367 2869 Philosophus
1381 2825 1456 2861 fuit,

368 2865 547 2907 Eleganter
575 2866 694 2903 docuit,
723 2865 858 2896 verbum
895 2867 934 2897 de
965 2877 1062 2898 scena
