1907 3231
321 141 393 178 194
849 143 913 181 IN
940 141 1199 181 VERREM

323 254 512 298 agerent,
528 254 570 285 et
589 254 635 286 ut
654 244 703 286 ad
720 260 815 287 eum
831 246 957 297 diem,
977 262 1071 302 qua·
1091 246 1218 288 sacris
1237 244 1457 302 epulisque
1470 257 1576 300 opus
1594 251 1749 296 essent,

278 292 365 339 hin
388 301 626 357 complures
649 317 780 343 anuos
804 303 1057 344 locarentur.
1109 303 1192 345 Sed
1208 303 1300 357 jam
1324 303 1367 343 in
1390 311 1510 342 tanta
1530 300 1650 342 istius
1668 301 1750 341 im·-

322 357 527 411 pudentia
550 360 849 400 remittendum
883 359 1041 414 aliquid
1066 360 1246 408 videtur,
1278 373 1329 400 ne
1351 358 1496 399 omnia
1517 357 1751 398 contenda-

321 427 430 465 lntrS,
464 429 514 455 ne
537 418 680 456 omnia
710 432 805 457 cum
841 416 986 456 dolore
1008 430 1133 472 agere
1165 416 1397 457 videamur.
1427 429 1525 456 nam
1555 428 1623 455 me
1643 414 1749 466 dies,

320 483 423 520 vox,
457 471 584 513 latera
618 472 833 522 deficiant,
867 473 900 513 si
934 473 1016 514 hoe
1051 487 1164 513 nunc
1195 472 1418 513 vociferari
1451 471 1592 522 velim,
1624 484 1754 526 quam

321 528 523 568 miserum
549 530 858 585 indiguumque
881 529 950 579 sit,
983 530 1102 570 istius
1134 529 1308 570 nomine
1329 529 1442 585 apud
1463 543 1535 570 eos
1557 528 1671 569 diem
1692 525 1754 568 fe-

322 593 432 625 stum
457 599 561 635 esse,
592 588 663 640 qui
689 601 777 626 sese
800 586 921 626 istius
952 600 1081 642 opera
1103 585 1295 626 funditus
1318 586 1554 626 exstinctos
1576 598 1666 625 esse
1687 597 1754 625 ar-

321 641 548 682 bitrentur.
607 646 646 674 58
662 641 702 683 Ο
745 643 902 683 Verrea
941 643 1160 698 praeclara,
1192 657 1407 697 quoquam
1449 643 1482 682 si
1519 640 1752 694 accessisti,

322 713 406 752 quo
430 713 513 738 non
537 699 726 740 attuleris
751 709 891 740 tecum
926 699 1054 740 istum
1088 700 1225 740 diem!
1258 699 1415 739 etenim
1438 714 1566 754 quam
1597 707 1643 739 tu
1675 698 1754 739 do-

322 769 454 806 mum,
485 771 612 810 quam
636 757 783 798 urbem
807 757 964 807 adiisti,
995 757 1108 811 quod
1133 756 1279 796 fanum
1302 756 1498 810 denique,
1529 755 1643 811 quod
1665 769 1754 796 non

323 825 514 852 eversum
538 824 666 868 atque
686 823 903 855 extersum
926 813 1172 868 reliqueris?
1203 826 1332 868 quare
1365 812 1632 868 appellentur
1653 825 1753 852 sane

326 869 405 909 ista
429 869 598 921 Verre‘a,
629 886 725 926 quae
747 886 833 912 non
855 885 908 911 ex
932 870 1120 921 nomine,
1143 870 1213 911 sed
1238 872 1341 910 59ex
1362 869 1560 910 manibus
1582 877 1755 910 natura-

243 915 310 960 2‘2
327 940 408 980 que
431 936 502 968 tua
523 929 759 968 constituta
779 942 868 968 esse
891 927 1129 969 videantur.
1173 927 1317 973 Quam
1339 925 1464 968 facile
1485 935 1626 983 serpat
1641 925 1757 981 inju-

264 984 402 1033 53riu,
433 994 475 1024 et
499 985 700 1040 peccandi
731 986 1021 1037 consuetud03
1053 999 1180 1040 quam
1213 999 1300 1025 non
1331 982 1457 1024 facile
1485 983 1754 1039 reprimatur,

329 1040 482 1091 videte,
507 1042 692 1096 judices.
754 1041 874 1082 Bidis
896 1042 1103 1097 oppidum
1126 1050 1204 1092 est,
1236 1050 1362 1082 tenue
1385 1054 1499 1092 sane,
1519 1054 1607 1081 non
1629 1039 1757 1096 longe

326 1112 351 1137 a
385 1098 619 1152 Syracusis.
682 1098 826 1154 Hujus
860 1099 986 1154 longe
1022 1098 1184 1154 primus
1221 1097 1406 1139 civitatis
1438 1106 1502 1138 est
1536 1096 1758 1154 Epicrates

325 1155 514 1209 quidam.
577 1155 694 1197 Huic
730 1156 940 1197 hereditas
976 1154 1073 1196 H-S
1108 1155 1442 1210 quingentorum
1470 1154 1650 1195 millium
1684 1168 1758 1196 ve-

326 1221 447 1252 nerat
469 1227 492 1252 a
514 1213 689 1253 muliere
711 1213 894 1268 quadam
918 1213 1173 1268 propinqua,
1205 1221 1332 1267 atque
1353 1211 1414 1252 ita
1433 1212 1687 1267 propinqua,
1709 1221 1758 1252 ut

325 1282 374 1308 ca
395 1269 561 1310 etiamsi
583 1270 785 1311 intestata
806 1279 916 1311 esset
938 1280 1121 1319 mortua,
1156 1268 1400 1325 Epicratem
1425 1268 1678 1309 Bidinorum
1698 1267 1756 1309 le-

325 1325 452 1381 gibus
477 1326 674 1368 heredem
697 1342 786 1368 esse
809 1335 1042 1384 oporteret.
1104 1326 1271 1367 Recens
1292 1326 1558 1382 Syracusana
1575 1335 1666 1366 erat
1686 1325 1758 1366 illa

327 1396 406 1433 res,
438 1398 565 1438 quam
589 1395 687 1425 ante
708 1385 1013 1432 demonstravi,
1044 1383 1096 1424 de
1132 1383 1334 1424 Heraclio
1369 1383 1652 1438 Syracusano,
1682 1382 1757 1438 qui

327 1439 442 1480 bona
464 1455 549 1481 non
575 1441 841 1497 perdidisset,
872 1442 951 1482 nisi
976 1441 1014 1482 ei
1039 1441 1222 1481 venisset
1244 1440 1470 1481 hereditas.
1514 1439 1632 1481 Huic
1652 1453 1760 1495 quo-

267 1509 316 1543 54
330 1511 411 1552 quc
437 1497 626 1554 Epicrati
652 1509 838 1549 venerat,
871 1508 917 1539 ut
949 1498 1056 1548 dixi,
1090 1497 1315 1538 hereditas.
1378 1496 1583 1553 Cogitare
1612 1511 1759 1552 coepe-

330 1565 429 1594 runt
450 1556 540 1610 ejus
566 1555 743 1606 inimici,
777 1555 911 1596 nihilo
938 1556 1076 1595 minus
1099 1554 1248 1595 eodem
1284 1563 1465 1610 praetore
1485 1553 1601 1595 hunc
1625 1554 1760 1595 everti

326 1610 451 1651 bouis
474 1627 612 1667 posse,
644 1628 729 1666 quo
754 1611 979 1653 Heraclius
1002 1621 1112 1653 esset
1132 1626 1316 1652 eversus,
1339 1626 1427 1652 rem
1448 1611 1616 1652 occulte
1637 1611 1760 1652 insti-

326 1675 477 1709 tuunt:
511 1669 564 1710 ad
586 1670 762 1709 Verrem
787 1683 861 1725 per
893 1670 984 1724 ejus
1017 1669 1267 1724 interpretes
1294 1668 1506 1709 deferunt.
1539 1669 1600 1710 ita
1630 1683 1760 1709 causa

326 1727 617 1781 componitur,
648 1735 696 1766 ut
726 1729 826 1767 item
860 1726 1107 1782 palaestritae
1132 1726 1336 1767 Bidenses
1368 1735 1560 1781 peterent
1580 1726 1634 1766 ab
1658 1723 1763 1781 Epi-

328 1791 443 1822 crate
467 1783 761 1834 hereditatem,
783 1783 1145 1839 quemadmodum
1167 1782 1411 1839 palaestritae
1432 1782 1687 1838 Syracusani
1706 1782 1760 1823 ab

330 1838 534 1880 Heraclio
557 1840 774 1896 petissent.
836 1841 1083 1895 Numquam
1103 1855 1178 1880 vos
1196 1848 1424 1896 praetorem
1447 1849 1534 1881 tam
1555 1839 1766 1896 palaestri-

331 1910 430 1936 cum
454 1896 633 1938 vidistis.
658 1912 804 1938 verum
839 1898 897 1938 ita
929 1897 1181 1953 palaestritas
1214 1896 1485 1948 defendebat,
1519 1905 1568 1939 ut
1596 1897 1650 1937 ab
1680 1895 1762 1937 illis

203 1982 231 2013 Γ,
251 1975 318 2003 120.
333 1953 424 2008 ipse
446 1955 615 1995 unctior
637 1954 886 1995 discederet.
908 1956 948 1985 60
962 1955 1035 2009 qui
1058 1955 1217 2005 statim,
1250 1969 1347 1995 cum
1371 1954 1674 2009 praesensisset,
1689 1953 1764 2008 ju-

292 2010 407 2050 2.th
429 2011 600 2052 cuidam
628 2026 800 2052 suorum
826 2011 1061 2052 amicorum
1094 2012 1307 2052 numerari
1341 2010 1440 2052 H-S
1465 2025 1617 2051 Lxxx.
1678 2010 1765 2052 Res

270 2063 319 2096 55
333 2067 537 2108 occultari
563 2069 662 2109 satis
686 2083 771 2109 non
795 2083 934 2124 posse.
998 2068 1079 2108 Per
1111 2068 1324 2123 quendam
1345 2082 1507 2119 eorum,
1538 2067 1611 2123 qui
1633 2067 1765 2109 inter-

332 2123 484 2175 fuerat,
508 2126 556 2165 fit
578 2125 798 2181 Epicrates
820 2126 990 2166 certior.
1025 2125 1170 2166 Primo
1192 2125 1409 2180 negligere
1427 2134 1470 2165 et
1490 2133 1764 2166 contemnere

329 2182 482 2237 coepst,
514 2184 629 2237 quod
663 2197 790 2223 causa
822 2197 1008 2238 prorsus,
1048 2182 1164 2238 quod
1193 2183 1228 2213 61
1246 2182 1432 2223 dubitari
1465 2190 1625 2238 posset,
1656 2181 1764 2223 nihil

372 2325 410 2353 52
438 2324 467 2355 O
504 2324 624 2353 Verrea
655 2324 834 2363 pra’clara,
870 2331 1031 2363 quoquam
1075 2332 1149 2354 men
1162 2323 1326 2354 sententia
1337 2321 1508 2354 commoda
1519 2332 1587 2354 non
1598 2322 1655 2353 fit:
1671 2325 1706 2353 et
1713 2321 1768 2355 de-

329 2365 356 2394 si
374 2365 446 2404 aa]
495 2365 575 2395 Haee
590 2365 707 2395 vitiosa
720 2375 800 2402 esse,
829 2368 916 2395 recte
931 2365 1033 2395 sensit
1074 2366 1167 2396 beret
1180 2374 1248 2396 esse
1263 2374 1330 2395 non
1342 2375 1406 2402 res,
1421 2365 1477 2396 sed
1490 2375 1571 2396 rem.
1593 2364 1701 2395 Immo
1714 2373 1769 2396 res

331 2407 494 2444 Graevius;
512 2408 564 2446 qui
579 2407 731 2445 corrigit:
752 2407 780 2438 Ο
791 2410 802 2437 .’
818 2406 1029 2446 Verreaproe-
1071 2409 1228 2437 occultari
1254 2417 1318 2437 mm
1340 2417 1444 2448 posse,
1477 2408 1622 2448 pertinet
1652 2405 1692 2437 ad
1719 2406 1767 2444 id,

331 2451 444 2478 clara!
465 2459 625 2489 quoquam
640 2458 742 2488 quaeso
754 2450 923 2479 accessisti.
952 2449 1030 2480 Non
1071 2449 1158 2488 quod
1182 2449 1341 2488 sequitur,
1364 2450 1552 2490 Epicratem
1578 2448 1767 2488 cognovisse

331 2491 448 2531 placet.
493 2491 554 2521 Sed
569 2491 684 2521 melius
700 2490 746 2520 nil
758 2491 912 2521 occurrit.
1071 2501 1153 2528 rem,
1169 2496 1203 2521 et
1217 2491 1258 2521 ad
1271 2493 1432 2532 superius:
1457 2501 1526 2521 rem
1540 2493 1660 2521 occulte
1674 2491 1768 2521 insti-

374 2535 412 2566 55)
435 2543 473 2562 ατ
488 2534 638 2563 „calcibus
662 2537 848 2571 naturaque
863 2532 936 2572 tua]
966 2532 1029 2562 Mi-
1072 2537 1180 2563 munt.
1225 2533 1265 2563 ln
1291 2534 1388 2564 verbo
1409 2534 1626 2573 praesensisset
1649 2532 1768 2563 vitium

331 2574 364 2604 hi
388 2584 514 2613 quoque
539 2576 573 2605 in
599 2583 745 2605 mentem
771 2575 862 2604 venit
878 2576 1032 2611 moribus,
1075 2580 1135 2605 est.
1158 2575 1235 2605 Non
1249 2576 1335 2605 enim
1350 2576 1496 2616 pertinet
1511 2575 1550 2605 ad
1565 2575 1766 2615 Epicratem,

335 2616 421 2654 quod
438 2616 485 2646 lo.
508 2617 653 2646 Lucanio
676 2623 710 2646 et
734 2616 949 2646 Hotomanno
966 2616 1034 2656 pla-
1076 2617 1131 2647 sed
1156 2616 1197 2647 ad
1222 2617 1367 2647 Verrem.
1411 2617 1602 2656 Requiritur
1624 2626 1694 2647 rem
1718 2626 1769 2646 co·

331 2659 410 2688 cuit.
455 2660 614 2688 Gruterus
629 2658 798 2697 vulgatum
817 2658 974 2695 defendit,
999 2668 1027 2689 c.
1068 2663 1210 2697 gnos-set,
1223 2660 1377 2696 audisset,
1388 2665 1446 2689 aut
1460 2659 1565 2689 simile
1581 2659 1667 2698 quid.
1679 2658 1769 2691 Tum

333 2699 396 2735 111,
414 2703 465 2733 37.
1071 2701 1367 2740 interpungendum
1384 2707 1433 2731 est
1448 2705 1521 2741 post
1533 2702 1664 2734 statim,-
1683 2699 1770 2739 quod

374 2742 414 2772 60
436 2743 615 2781 quistatim
628 2752 700 2772 cum
712 2741 942 2781 praesensisset]
961 2742 1033 2772 Hoc
1076 2743 1215 2772 refertur
1230 2742 1270 2772 ad
1287 2741 1394 2783 jubet.
1431 2743 1509 2773 Post
1533 2752 1592 2783 pro
1605 2752 1668 2773 non
1676 2751 1769 2782 posse

333 2788 459 2814 rectum
474 2794 541 2814 esse
557 2793 624 2814 non
639 2788 757 2824 potest.
795 2783 867 2814 Etsi
881 2790 1034 2824 transpo-
1076 2784 1146 2814 edd.
1165 2794 1213 2824 pr.
1229 2794 1290 2814 non
1299 2789 1413 2824 potest.
1429 2785 1510 2815 illud
1523 2784 1704 2824 elegantius
1717 2789 1768 2816 est

333 2834 391 2854 nas
416 2826 513 2856 verba
538 2835 613 2855 cum
640 2826 768 2855 Graevio
794 2826 854 2855 sic:
878 2826 934 2864 qui
948 2830 988 2855 st.
1003 2836 1030 2856 c.
1074 2826 1108 2856 in
1124 2827 1324 2857 narratione:
1349 2827 1474 2867 primus
1489 2827 1590 2857 edidit
1603 2825 1714 2857 Aldus.

328 2876 426 2907 proes.
441 2878 490 2898 res
502 2868 659 2899 occultari
674 2868 1032 2908 nonposse‚juhet:ta-
1116 2870 1153 2899 61
1180 2869 1325 2899 dubitari
1343 2869 1464 2910 posset]
1494 2869 1546 2900 Sic
1569 2867 1641 2901 edd.
1664 2877 1714 2910 pr.
1735 2871 1770 2899 et
