1907 3231
272 131 348 167 384
804 127 877 168 IN
903 130 1197 169 VERREM·

276 232 489 274 dominos.
510 232 613 288 quid
644 233 775 275 servis
806 242 891 275 tam
924 234 1272 276 formidolosum?
1305 243 1504 276 rEc1ssE
1530 246 1704 277 vtnssm

276 290 587 346 pronuntiavit.
608 300 804 332 exortam
824 291 991 332 videtur
1010 292 1225 331 flammam
1243 306 1477 346 paucorum
1493 292 1638 333 dolore
1656 305 1706 332 ac

231 349 414 388 b-inorte
435 347 694 389 restinxisse.
758 348 875 394 Quid
897 347 1049 387 deinde
1081 347 1296 402 sequitur?
1330 352 1367 383 19
1380 351 1557 390 verbera
1577 358 1705 403 atque

275 403 412 460 igneS‚
434 413 478 444 et
499 404 570 445 illa
599 414 792 445 extrema
827 404 880 444 ad
907 403 1166 458 supplicium
1197 405 1510 456 damnatorum,
1539 414 1704 446 metum

273 463 527 512 ceterorum,
550 462 762 503 cruciatus
785 470 827 500 et
848 475 969 501 crux.
993 460 1110 501 hisce
1139 462 1338 502 omnibus
1361 463 1581 519 suppliciis
1605 472 1704 503 sunt

271 517 454 560 liberati.
516 519 625 565 Quis
664 517 845 567 dubitet,
881 517 983 572 quin
1026 531 1243 558 servorum
1279 519 1444 560 animos
1482 522 1703 559 20summa

271 574 500 617 formidine
521 574 793 630 oppresserit,
815 588 914 614 cum
944 574 1138 616 viderent
1157 589 1207 615 ea
1228 575 1433 616 facilitate
1456 586 1699 632 praetorem,

270 643 320 673 ut
337 634 390 673 ab
409 647 458 672 eo
481 632 647 672 sceleris
666 630 761 686 conj
770 631 1061 685 urationisque
1081 631 1382 673 damnatorum
1403 633 1506 684 vita,
1525 633 1591 674 vel
1606 633 1701 690 ipso

271 689 470 730 carnifice
488 688 773 738 internuncio,
797 688 1100 729 redimeretur?

211 744 258 779 15
329 746 470 792 Quid?
500 745 583 786 hoc
601 745 645 785 in
667 744 963 800 Apolloniensi
986 744 1285 787 Aristodamo?
1307 745 1435 801 quid?
1466 745 1510 787 in
1534 746 1699 788 Leonte

223 799 518 858 'JMegarensi
539 817 626 843 non
661 802 774 842 idem
804 801 969 844 fecisti?
1002 802 1150 849 Quid?
1180 804 1261 843 iste
1290 811 1431 843 motus
1468 817 1702 856 servorum,

269 860 452 915 bellique
483 859 625 900 subita
666 859 866 915 suspicio,
908 869 1052 900 utrum
1085 860 1164 900 tibi
1213 859 1386 900 tandem
1428 859 1698 916 diligentiam

264 916 558 958 custodiendae
589 916 839 972 provinciae,
874 932 927 957 an
957 931 1114 957 novam
1145 917 1354 957 rationem
1386 917 1694 972 improbissimi

263 983 454 1029 quaestus
475 973 644 1015 attulit?
676 973 948 1028 Halicyensis
981 973 1232 1015 Eumenida:
1263 973 1420 1015 nobilis
1443 974 1629 1015 hominis
1652 983 1697 1016 et

263 1031 448 1081 honesti,
466 1041 509 1071 et
530 1033 566 1062 21
582 1045 751 1086 magnae
783 1031 993 1086 pecuniae,
1017 1030 1181 1071 villicus
1203 1045 1304 1072 cum
1327 1031 1511 1087 impulsu
1535 1040 1610 1072 tuo
1632 1032 1698 1072 in-

263 1089 485 1130 simulatus
514 1098 638 1138 esset,
663 1087 760 1129 H—S
797 1101 856 1128 Lx
889 1103 914 1128 a
945 1088 1121 1129 domino
1153 1088 1383 1144 accepisti:
1415 1088 1531 1143 quod
1560 1103 1699 1145 nuper

262 1146 355 1201 ipse
388 1146 559 1201 juratus
600 1145 762 1195 docuit,
804 1145 1167 1200 quemadmodum
1208 1155 1377 1201 gestum
1420 1154 1545 1186 esset.
1623 1144 1695 1187 Ab

260 1203 405 1258 equite
439 1203 637 1244 Romano
670 1201 721 1243 C.
746 1201 956 1243 Matrinio
986 1203 1175 1252 absente,
1209 1217 1307 1243 cum
1330 1202 1364 1242 is
1390 1211 1501 1243 esset
1524 1202 1694 1254 Romae,

261 1261 376 1315 quod
402 1260 493 1316 ejus
516 1259 680 1300 villicos
712 1268 988 1315 pastoresque
1021 1259 1099 1300 tibi
1133 1260 1177 1299 in
1210 1259 1497 1315 suspicionem
1530 1260 1697 1301 venisse

262 1318 447 1368 dixeras,
481 1317 578 1358 H-S
625 1326 798 1358 centum
833 1317 1061 1357 abstulisti.
1138 1316 1268 1357 Dixit
1309 1316 1392 1358 hoc
1427 1316 1698 1369 L.'Flavius‚

262 1375 336 1430 qui
360 1375 438 1416 tibi
461 1389 554 1415 eam
577 1374 802 1430 pecuniam
833 1374 1088 1425 numeravit,
1110 1383 1362 1430 procurator
1393 1373 1445 1416 C.
1469 1373 1693 1416 Matrinii:

263 1432 376 1473 dixit
397 1433 488 1488 ipse
518 1432 569 1473 C.
591 1431 848 1472 Matrinius:
881 1432 996 1472 dicet
1018 1431 1083 1471 vir
1105 1431 1362 1472 clarissimus
1380 1431 1462 1472 Cn.
1487 1431 1693 1472 Lentulus

262 1504 426 1542 censor,
447 1489 521 1544 qui
542 1491 582 1519 22
597 1488 795 1529 Matrinii
813 1488 985 1529 honoris
1007 1503 1148 1539 causa,
1172 1488 1332 1528 recenti
1354 1489 1546 1544 negotio,
1577 1489 1630 1530 ad
1649 1498 1692 1530 te

201 1542 421 1588 16litteras
442 1546 574 1596 misit,
597 1545 912 1600 mittendasque
943 1545 1122 1586 curavit.
1184 1545 1330 1592 Quid?
1360 1545 1412 1586 de
1443 1545 1689 1601 Apollonio,

260 1603 406 1646 Diocli
437 1604 541 1655 filio,
570 1603 891 1653 Panormitano,
915 1603 984 1643 cui
1008 1602 1196 1643 Gemino
1218 1617 1459 1658 cognomen
1482 1611 1560 1653 est,
1581 1616 1692 1658 prae-

258 1662 374 1702 teriri
404 1663 571 1718 potest?
600 1660 754 1715 ecquid
777 1660 861 1700 hoc
891 1669 983 1700 tota
1016 1659 1162 1700 Sicilia
1191 1659 1372 1701 clarius?
1402 1659 1556 1714 ecquid
1579 1660 1690 1700 indi-

255 1720 409 1774 gnius?
440 1717 594 1773 ecquid
625 1716 893 1757 manifestius
924 1716 1104 1773 proferri
1126 1719 1301 1772 potest?
1332 1718 1509 1771 23quem
1531 1717 1626 1768 iste,
1639 1726 1689 1758 ut

257 1776 520 1817 Panormum
543 1775 675 1825 venit,
707 1775 759 1815 ad
789 1788 832 1814 se
861 1774 1019 1825 vocari,
1041 1782 1084 1814 et
1106 1773 1157 1814 de
1180 1771 1382 1814 tribunali
1405 1773 1527 1814 citari
1543 1773 1691 1829 jussit,

254 1847 464 1874 concursu
493 1846 653 1888 magno
684 1830 1009 1886 frequentiaque
1049 1840 1302 1872 conventus.
1363 1830 1576 1872 Homines
1607 1839 1691 1872 sta*

255 1891 333 1931 tim
356 1890 495 1946 loqui:
520 1888 678 1939 mirari,
702 1889 817 1943 quod
839 1887 1108 1944 ApolloniuS,
1132 1888 1261 1929 homo
1284 1888 1556 1944 pecuniosus,
1580 1896 1688 1929 tam*

253 1948 327 1989 diu
349 1949 403 1989 ab
432 1947 515 1988 isto
548 1954 739 1987 maneret
772 1946 962 2001 integer:
995 1946 1285 2002 excogitavit:
1317 1945 1462 1987 nescio
1492 1945 1596 2001 quid
1626 1953 1690 1986 at-

252 2123 395 2145 mannus
419 2113 549 2144 volebat
569 2114 710 2144 dominos
733 2113 844 2148 deleri,
872 2111 949 2151 quia

252 2158 335 2187 servi
351 2157 410 2193 rei,
427 2166 493 2187 non
509 2156 646 2192 domini,
663 2165 697 2186 et
719 2157 831 2186 aberat
849 2166 868 2185 a
884 2155 946 2184 Ms.

254 2199 316 2229 Sed
329 2200 366 2230 de
381 2209 472 2229 servo
487 2204 620 2229 tantum
635 2198 773 2237 quaestio
789 2197 945 2227 habetur:

252 2251 382 2272 causam
396 2242 475 2271 dicit
490 2241 653 2276 dominus,
670 2240 756 2270 unde
769 2240 798 2270 ei
822 2239 948 2269 denun-

251 2284 370 2321 ciatur,
386 2289 424 2313 ut
438 2284 534 2320 adsit,
551 2292 667 2322 nempe
690 2282 730 2312 ad
754 2291 885 2312 causam
901 2281 950 2311 di-

251 2326 398 2356 cendam.
414 2336 443 2355 v.
467 2326 541 2356 infr.
557 2336 584 2355 c.
600 2328 629 2356 8.
652 2325 724 2355 init.
741 2330 775 2355 et
787 2330 863 2355 ante
879 2333 905 2353 c.
918 2326 950 2354 4.

252 2367 342 2398 Vidit
355 2374 389 2398 et
404 2368 594 2398 Lambinus.

298 2413 335 2444 19
369 2411 504 2440 verbera
529 2415 626 2450 atque
652 2408 758 2448 ignes]
797 2407 947 2438 Laminae

252 2452 402 2483 ardentes
417 2452 649 2492 intelligendae.

296 2496 335 2524 (ΖΟ
370 2505 499 2525 summa
517 2495 702 2535 formidine
739 2491 943 2532 oppresserit]

252 2536 332 2576 Quis
365 2537 544 2578 oppressit?
584 2538 697 2567 Cicero
723 2536 852 2575 scripsit
868 2534 947 2574 for-

254 2579 350 2609 mido.

295 2623 332 2651 ⁴21
358 2630 488 2658 magnoe
503 2620 663 2661 pecuniae]
701 2620 775 2660 Quo
801 2619 945 2658 pertinet

252 2661 334 2693 hoc?
361 2662 441 2692 Edd.
457 2673 506 2702 pr.
521 2663 590 2693 sine
612 2662 878 2702 interpunctione
896 2661 946 2691 in-

253 2710 305 2735 ter
329 2706 451 2734 honesii
477 2711 511 2735 et
539 2705 666 2734 villicus
694 2710 833 2744 ponunt.
889 2703 945 2733 Se-

251 2753 386 2786 quentes
411 2756 524 2777 omnes
552 2747 698 2777 referunt
723 2746 764 2776 ad
786 2745 942 2775 villicum.

251 2789 296 2819 At
319 2790 602 2829 magnepeennioe
623 2789 750 2819 villicus
769 2787 846 2827 quid
869 2788 940 2817 est?

250 2831 337 2869 dives
363 2830 467 2866 valde,
492 2841 533 2861 an
549 2835 657 2861 emtus
676 2830 818 2868 magno?
852 2829 942 2860 Neu-

249 2879 341 2904 trum
354 2879 471 2915 aptum
482 2883 587 2910 servo,
602 2873 694 2913 eique
708 2872 828 2904 villico.
852 2872 941 2912 Ergo

991 2111 1031 2142 ad
1054 2112 1224 2143 dominum
1246 2113 1406 2153 pertinet3
1429 2111 1611 2151 exciditque
1635 2121 1689 2141 co-

992 2154 1081 2194 pula.
1125 2155 1179 2185 lta
1193 2156 1405 2195 intelligitur,
1425 2164 1523 2194 quare
1537 2155 1605 2193 ejus
1627 2153 1688 2183 vil-

992 2196 1074 2226 licus
1094 2197 1304 2228 insimulatus
1324 2198 1377 2227 sit.
1398 2202 1437 2226 ut
1449 2206 1525 2226 mox
1538 2196 1688 2226 homines

991 2239 1169 2276 mirantur,
1192 2240 1277 2279 quod
1298 2239 1490 2279 Apollonius
1510 2237 1608 2268 homo
1631 2240 1686 2278 pe-‘

992 2282 1144 2311 cuniosus
1165 2282 1292 2312 tamdiu
1317 2283 1445 2321 integer
1471 2290 1491 2310 a
1522 2280 1689 2310 calumnia

996 2324 1164 2353 manserit.

1037 2368 1077 2397 9⁶2
1100 2366 1253 2396 Matr-inii
1269 2366 1394 2396 honoris
1408 2364 1522 2404 causa]
1551 2363 1618 2394 Cur
1633 2366 1687 2394 Ιιο-

990 2409 1077 2437 noris
1098 2409 1225 2438 cansa?
1247 2407 1408 2447 quomodo
1437 2407 1470 2436 h.
1493 2406 1515 2436 l.
1542 2405 1684 2446 intelligi

990 2451 1121 2489 potest?
1157 2450 1242 2481 Satis
1270 2455 1340 2481 erat
1363 2449 1556 2489 simpliciter
1577 2448 1684 2479 dicere

989 2492 1038 2521 M.
1066 2502 1179 2528 caum,
1215 2497 1252 2522 ut
1281 2502 1321 2522 ne
1356 2492 1513 2522 damnum
1549 2490 1683 2521 faceret.

989 2534 1041 2563 An
1065 2535 1127 2564 fnit
1154 2535 1284 2573 hospitis
1308 2534 1433 2564 causa!
1455 2542 1539 2572 saepe
1566 2533 1627 2562 hoc
1651 2533 1687 2562 in

990 2576 1049 2606 tali
1077 2587 1110 2607 re
1138 2580 1416 2606 commemoratur
1444 2575 1478 2605 in
1505 2575 1553 2605 his
1580 2575 1683 2604 libris.

991 2618 1035 2648 Et
1050 2619 1116 2658 ipse
1128 2629 1202 2648 cum
1218 2625 1289 2658 post
1301 2618 1465 2657 hospitem
1482 2626 1578 2646 suum
1593 2616 1685 2646 dicit.

1033 2662 1071 2691 2²3
1086 2670 1191 2700 quem,
1205 2662 1243 2697 is,
1260 2661 1308 2689 uti
1324 2660 1368 2690 P.
1384 2659 1428 2698 zu]
1446 2659 1533 2698 Lege
1548 2659 1608 2688 iste
1617 2660 1685 2694 nbi,

990 2702 1101 2733 velut.
1146 2703 1233 2733 Nam
1256 2702 1313 2732 illo
1339 2702 1534 2742 pronomine
1558 2709 1687 2740 semper

987 2744 1025 2774 de
1041 2745 1140 2775 Verre
1160 2744 1277 2781 utitur,
1297 2749 1331 2773 et
1353 2745 1407 2773 ubi
1427 2743 1465 2773 de
1488 2748 1636 2782 tempore
1650 2747 1686 2772 et

986 2787 1021 2816 in
1046 2787 1107 2817 hac
1133 2786 1276 2816 formula
1302 2795 1368 2816 non
1397 2785 1574 2815 observavi.
1619 2784 1685 2814 Ms.

985 2829 1116 2867 quidem
1131 2829 1194 2860 Gu.
1208 2838 1314 2870 quem,
1329 2833 1367 2859 uc
1383 2828 1426 2860 P.
1441 2838 1471 2858 v.
1490 2837 1520 2858 v.
1538 2832 1570 2858 et
1585 2824 1627 2858 ad
1640 2826 1684 2865 V,
