1907 3231
342 138 423 177 444
933 133 1182 176 ORATIO

341 241 458 283 dere.
517 240 627 284 Unae
650 240 807 284 tabuIae
830 238 1178 298 profe1·antur,rin
1197 236 1353 291 quibus
1372 236 1601 293 vestigium
1624 237 1681 278 sit
1700 236 1776 279 ali-

337 299 474 354 quod,
496 300 611 355 quod
634 300 865 356 significet,
887 297 1113 354 pecuniam
1136 295 1317 350 Fonteio
1338 295 1507 347 datam3
1531 309 1662 337 unum
1685 296 1773 338 ‘lex

339 364 434 398 toto
476 358 810 413 negotiatorum,
852 355 1117 402 colonorum,
1160 352 1501 409 publicanorum,
1542 361 1772 403 aratorum,

337 414 633 469 pecuariorum
677 427 852 454 numero
893 420 1045 451 testem
1086 409 1350 465 producant3
1388 419 1484 450 vere
1524 414 1772 451 accusatum

335 485 428 512 esse
448 473 696 513 concedam.
759 470 843 510 Pro
873 468 933 508 dii
965 465 1254 508 immortales!
1287 481 1382 521 quae
1406 476 1470 508 est
1499 466 1594 507 haec
1616 468 1771 507 causa?

336 542 434 582 quae
455 529 675 570 defensio?
700 525 940 567 Provinciae
964 522 1119 565 Galliae
1144 523 1210 564 M.
1236 523 1438 564 Fonteius
1461 523 1650 579 praefuit,
1672 537 1769 578 quae

334 594 505 626 constat
525 600 579 626 ex
603 586 652 625 iis
684 582 911 639 generibus
942 580 1168 622 hominum
1186 591 1229 620 et
1251 581 1490 632 civitatum,
1513 582 1585 636 qui
1609 585 1676 633 (ut
1698 594 1770 621 ve-

335 652 428 683 tera
448 643 635 690 mittam)
659 640 814 696 partim
843 648 990 679 nostra
1010 637 1216 678 memoria
1238 637 1348 678 bella
1367 652 1465 678 cum
1495 638 1656 694 populo
1680 637 1770 678 Ro-

289 711 324 743 b.
337 714 464 740 mano
493 699 646 739 acerba
677 713 726 738 ac
759 697 962 737 diuturna
991 705 1237 750 gesserunt:
1269 695 1425 750 partim
1454 695 1582 736 modo
1609 695 1663 736 ab
1692 709 1770 735 no-

335 757 434 797 stris
456 755 784 811 imperatoribus
807 753 988 804 subacti,
1009 752 1139 792 modo
1163 751 1272 792 bello
1289 752 1457 804 domiti,
1470 752 1598 792 modo
1619 752 1769 793 trium-

335 813 432 869 phis
455 827 504 854 ac
526 811 844 853 &monumentis
866 810 1017 860 notati,
1040 810 1169 850 modo
1189 811 1243 850 ab
1266 819 1414 850 senatu
1436 809 1549 865 agris
1570 809 1769 850 urbibus-

334 884 419 926 que
439 869 608 911 multati
631 878 754 910 sunt:
787 869 959 924 partim,
980 866 1054 922 qui
1076 881 1175 908 cum
1198 867 1291 923 ipso
1315 866 1382 906 M.
1406 866 1587 907 Fonteio
1609 865 1769 907 ferrum

335 942 386 968 ac
406 941 557 968 manus
578 921 866 978 contulerunt,
887 924 1107 980 multoque
1129 924 1220 979 ejus
1250 924 1402 964 sudore
1433 939 1482 964 ac
1513 923 1658 964 labore
1687 924 1767 964 sub

296 984 485 1041 zpopuli
517 984 703 1025 Romani
731 982 958 1039 imperium
990 982 1284 1037 ditionemque
1320 981 1615 1022 4ceciderunt.
1692 979 1770 1022 Est

333 1043 378 1083 in
400 1042 548 1083 eadem
578 1041 801 1097 provincia
831 1040 980 1081 Narbo
1014 1038 1220 1090 Marcius,
1243 1038 1412 1080 colonia
1440 1047 1683 1078 nostrorum
1707 1038 1771 1079 ci-

332 1100 466 1150 vium,
489 1098 661 1155 specula
681 1096 829 1154 populi
853 1096 1039 1138 Romani
1062 1111 1111 1137 ac
1134 1095 1518 1151 propugnaculum,
1543 1095 1634 1136 istis
1664 1095 1770 1150 ipsis

331 1156 580 1197 nationibus
603 1156 852 1212 oppositum
873 1163 916 1195 et
932 1153 1177 1208 objectu-m:
1210 1163 1273 1194 est
1304 1153 1404 1193 item
1431 1153 1528 1193 urbs
1558 1151 1768 1204 Massilia,

331 1214 386 1255 de
417 1228 503 1269 qua
531 1221 630 1254 ante
663 1212 769 1263 dixi,
803 1211 1135 1252 fortissimorum
1166 1210 1594 1264 fidelissimorumque
1629 1209 1768 1251 socio-

329 1285 442 1321 rum,
481 1271 555 1326 qui
592 1269 858 1311 Gallicorum
898 1267 1105 1309 bellorum
1144 1267 1346 1324 pericula,
1369 1266 1529 1323 populo
1572 1266 1768 1307 Romano

334 1331 352 1359 5
375 1328 502 1370 coriis
532 1327 746 1383 remisque
775 1334 1131 1382 compensarunt:
1163 1335 1228 1366 est
1257 1334 1464 1381 praeterea
1484 1337 1684 1365 numerus
1706 1324 1769 1365 ci-

285 1388 319 1440 2
336 1386 451 1426 vium
475 1385 769 1426 Romanorum
791 1394 919 1439 atque
939 1383 1164 1424 hominum
1186 1382 1600 1423 honestissimorum.
1649 1380 1770 1423 Huic

331 1443 584 1501 provinciae,
621 1458 717 1498 quae
753 1456 806 1482 ex
851 1443 930 1481 hac
966 1440 1160 1496 gentium
1193 1440 1398 1480 varietate
1429 1447 1660 1490 constaret,
1698 1437 1766 1479 M.

334 1501 539 1542 Fonteius
559 1505 627 1553 (ut
648 1500 758 1550 dixi)
782 1497 970 1554 praefuit.
1001 1498 1074 1552 qui
1105 1506 1227 1537 erant
1256 1496 1415 1548 hostes,
1438 1496 1634 1552 subegit:
1658 1495 1766 1551 6qui

329 1558 530 1615 proxime
552 1558 734 1606 fuerant,
756 1571 828 1597 eos
850 1570 904 1596 ex
927 1555 978 1595 iis
1007 1553 1134 1610 agris,
1157 1554 1312 1609 quibus
1335 1564 1456 1595 erant
1485 1553 1670 1604 multati,
1693 1554 1767 1593 de-

331 1615 481 1656 cedere
502 1615 674 1671 coegit3
706 1613 871 1663 ceteris,
893 1613 964 1668 qui
990 1612 1149 1652 idcirco
1172 1611 1339 1667 magnis
1363 1625 1476 1666 saepe
1497 1618 1618 1652 erant
1646 1610 1766 1651 bellis

333 1673 536 1729 superati,
559 1682 607 1712 ut
628 1685 793 1727 semper
815 1669 975 1727 populo
999 1668 1197 1709 Romano
1222 1678 1430 1724 parerent,
1450 1682 1629 1724 magnos
1647 1667 1767 1723 equi-

334 1739 448 1771 tatus
479 1730 532 1772 ad
562 1744 612 1771 ea
633 1728 755 1779 bella,
777 1743 874 1782 qua:
906 1736 996 1767 tum
1029 1726 1071 1766 in
1094 1734 1187 1766 toto
1209 1727 1311 1766 orbe
1334 1735 1540 1766 terrarum
1561 1740 1586 1765 a
1607 1724 1768 1780 populo

335 1787 536 1828 Romano
569 1786 840 1843 gerebantur,
876 1798 1054 1840 magnas
1093 1783 1293 1839 pecunias
1329 1783 1382 1823 ad
1420 1796 1567 1823 eorum
1606 1782 1769 1838 stipen-

333 1844 467 1896 dium,
489 1844 728 1885 maximum
750 1842 953 1884 frumenti
975 1855 1199 1882 numerum
1223 1840 1275 1881 ad
1300 1839 1588 1896 Hispaniense
1609 1838 1770 1881 bellum

295 1902 616 1953 4tolerandum,
648 1900 891 1959 imperavit.
942 1898 1034 1950 7Is,
1065 1898 1160 1939 haec
1191 1899 1263 1954 qui
1295 1898 1442 1954 gessit,
1473 1897 1518 1938 in
1551 1896 1768 1952 judicium,

369 2047 391 2077 Ξ
416 2054 456 2075 ex
482 2042 738 2082 toro—numero]
768 2041 939 2072 Efficacius
963 2040 1025 2071 hoc

328 2092 390 2123 est,
410 2096 508 2127 quam
531 2086 711 2116 Guilielmii
739 2086 928 2123 conjectura
952 2093 1026 2125 pro-

328 2130 408 2160 bata
421 2129 562 2159 Grutero
578 2138 617 2159 ex
632 2132 677 2158 tot
692 2137 765 2166 neg.
782 2128 839 2157 διε.

349 2174 390 2202 -3
422 2172 640 2202 monumentis
669 2169 789 2209 notati]
823 2167 1027 2207 Intelligitur

328 2213 437 2244 fornix
463 2213 637 2249 Fabianus,
661 2212 700 2243 de
729 2222 793 2251 quo
819 2221 848 2242 v,
876 2211 966 2241 clav.
994 2210 1028 2241 in

330 2257 374 2296 Q.
403 2255 524 2287 Fabius
551 2256 716 2294 Allobrog.
745 2263 779 2285 et
805 2254 907 2284 turris
934 2262 1030 2283 saxea

328 2298 472 2329 Domitii
493 2298 671 2329 AEnobarbi
693 2307 746 2337 ap.
767 2296 901 2327 Florum
918 2294 981 2332 111,
999 2297 1028 2327 2.

330 2341 386 2371 ubi
402 2351 429 2370 v.
445 2341 552 2371 Graev.

371 2386 393 2414 4
414 2383 612 2423 ceciderunt]
639 2383 693 2413 Sic
713 2381 793 2413 Mss.
816 2385 850 2412 et
869 2380 937 2411 edd.
962 2380 1025 2410 Ms.

330 2425 400 2456 Pal.
426 2426 625 2462 reciderunt,
654 2424 740 2465 quod
765 2424 916 2464 placebat
943 2423 1027 2453 Gru-

317 2472 419 2498 ·tero:
443 2471 479 2498 et
504 2475 554 2498 est
578 2468 662 2498 bene
687 2467 842 2503 latinum,
867 2465 923 2496 sed
946 2464 1027 2496 illud

331 2518 399 2540 non
412 2510 531 2540 minus.
546 2520 577 2541 v,
594 2510 684 2540 Clav.
699 2511 734 2540 in
750 2509 874 2539 cadere.

373 2555 392 2583 5
414 2553 508 2583 coriis
532 2552 705 2592 remisque]
739 2551 839 2582 Corz'z's
865 2549 905 2580 ad
930 2559 1027 2580 usum

329 2604 510 2631 armorum,
538 2600 577 2625 ut
612 2600 793 2630 scutorum,
823 2593 1024 2633 clypeorum,

328 2636 410 2667 item
434 2637 676 2675 jumentorum.
720 2636 843 2666 Munus
870 2635 933 2665 hoc
961 2634 1025 2664 fuit

329 2677 513 2715 fflihrum,
544 2678 630 2718 quod
662 2678 832 2719 pecoribus
867 2682 902 2707 et
937 2676 1025 2706 silvis

328 2719 550 2751 abundabant.
594 2721 676 2751 Edd.
693 2724 774 2751 vett.
795 2720 892 2759 copiis
913 2719 1025 2748 remis-

327 2773 398 2804 que.
429 2762 518 2793 Bene
533 2764 628 2793 coriis
647 2773 664 2793 e
687 2763 752 2793 Ms.
768 2762 836 2793 Pal.
856 2761 1025 2791 Gruterus.

327 2805 457 2836 Graevio
471 2809 584 2835 tamen
606 2805 713 2846 placet
729 2805 826 2845 caspiis
848 2804 1025 2842 armisque,

326 2852 366 2877 ut
389 2851 439 2878 est
465 2847 499 2877 in
524 2847 596 2878 edd.
624 2847 749 2877 mediis.
795 2846 833 2876 {n
856 2845 906 2876 ed.
928 2845 1024 2876 dunt.

325 2894 510 2922 correctum
533 2894 583 2921 est
597 2891 839 2931 propulsarunt
861 2897 921 2930 pro
943 2896 1026 2919 com-

1063 2044 1267 2080 pensarunt.-
1304 2049 1421 2081 nempe
1461 2044 1595 2080 propter
1629 2038 1766 2070 verbum

1071 2093 1106 2113 co
1131 2093 1179 2112 zzs.
1235 2109 1238 2111 Α

1101 2092 1130 2155 A}
1152 2126 1206 2165 qm'
1216 2124 1361 2164 proximi
1364 2123 1525 2164 fuerant]
1546 2123 1598 2153 Sic
1611 2122 1681 2153 edd.
1695 2133 1764 2153 om-

1069 2176 1126 2197 nes
1146 2172 1179 2197 ct
1200 2167 1279 2198 Mss.
1302 2172 1421 2207 praeter
1441 2174 1545 2196 unum
1564 2165 1766 2204 Ursini‚*qui

1072 2210 1188 2240 habuit
1208 2210 1371 2250 prm-ime,
1390 2212 1429 2239 ut
1452 2208 1634 2247 corrigebat
1659 2207 1766 2238 Hoto-

1073 2262 1231 2283 mannus:
1256 2252 1342 2291 quod
1356 2261 1469 2282 verum
1483 2255 1575 2291 puto.
1611 2249 1767 2281 Proximi

1073 2294 1214 2334 intelligi
1242 2294 1397 2324 deberent
1425 2293 1597 2333 adjutores.
1641 2292 1703 2322 Sed
1730 2296 1766 2323 et

1069 2344 1136 2367 non
1158 2337 1237 2367 satis
1262 2337 1416 2367 convenit
1427 2334 1583 2375 fuerant.
1627 2334 1768 2366 Dixerat

1070 2379 1244 2410 Fonteium
1269 2379 1394 2415 vicisse,
1417 2378 1472 2417 qui
1496 2382 1566 2408 tum
1587 2381 1683 2408 erant
1705 2376 1766 2407 ho-

1069 2426 1152 2452 stes:
1190 2422 1397 2460 sequebatur,
1424 2422 1479 2459 qui
1493 2419 1650 2460 fueraut.
1703 2419 1768 2450 Sed

1069 2464 1145 2503 quia
1170 2464 1291 2504 plures,
1318 2463 1449 2494 diversis
1474 2462 1675 2502 temporibus
1693 2461 1766 2492 fue·

1069 2511 1158 2544 rant,
1174 2505 1298 2536 addidit
1314 2506 1473 2545 proxime,
1489 2510 1566 2535 ante
1589 2504 1765 2535 Fonteium

1069 2558 1113 2578 sc.
1159 2548 1311 2579 Proximi
1324 2548 1437 2578 eodem
1455 2546 1552 2577 modo
1567 2547 1765 2586 interpreta-

1068 2596 1124 2621 tur
1137 2591 1302 2621 Feri-atius
1319 2601 1348 2630 p.
1364 2593 1435 2623 277.
1449 2589 1504 2619 sed
1518 2589 1586 2619 sine
1598 2588 1761 2629 exemplo.

1111 2636 1130 2667 7
1153 2633 1200 2669 Is,
1227 2634 1292 2663 hoec
1316 2633 1372 2671 qui
1396 2630 1509 2670 gessit]
1540 2630 1621 2661 Edd.
1650 2640 1700 2671 pr.
1727 2633 1764 2662 et

1068 2675 1147 2706 Mss.
1176 2674 1306 2714 quidam
1334 2674 1369 2704 Is
1394 2675 1450 2714 qui
1477 2674 1587 2713 gessit,
1616 2672 1702 2712 qnod
1728 2677 1764 2703 et

1069 2717 1198 2748 Graew'o
1211 2717 1379 2757 probatur.
1423 2716 1486 2746 Sed
1507 2724 1574 2745 uon
1587 2715 1670 2746 bene
1684 2723 1763 2745 con-

1068 2761 1159 2790 venit
1179 2758 1464 2790 antecedentibus:
1485 2761 1598 2797 estque
1619 2757 1763 2788 efficacia

1070 2803 1103 2833 in
1131 2803 1215 2835 ham,-
1238 2802 1296 2832 has
1320 2806 1374 2831 tot
1400 2811 1438 2832 ac
1463 2804 1574 2831 tantas
1601 2808 1662 2836 res,
1691 2803 1763 2829 tam

1068 2844 1165 2874 utiles
1188 2843 1384 2885 reipublicae.
1426 2843 1554 2873 Primus
1576 2843 1642 2872 hoec
1662 2850 1721 2882 pro
1735 2840 1765 2871 is

1068 2887 1170 2921 edidit
1189 2886 1366 2925 Victorius,
1389 2884 1504 2918 eodem
1528 2893 1616 2916 anno
1639 2883 1764 2916 Hem-
