1907 3231
253 121 304 155 aa
843 104 1097 153 ORATIO

257 230 374 271 aunt,
392 232 459 262 res
477 220 529 261 ad
553 220 888 276 Chrysogonum
911 220 954 261 in
973 228 1112 260 castra
1136 216 1184 258 L.
1204 215 1332 258 Sullae
1354 215 1594 258 Volaterras
1613 215 1688 258 de-

259 278 413 319 fertur:
457 278 711 334 magnitudo
746 277 941 333 pecuniae
983 277 1325 325 ‹lemonstratur;
1365 274 1534 315 bonitas
1577 288 1687 330 prae-

257 335 440 387 diorum,
475 342 593 388 (narn
628 335 783 376 fundos
817 335 965 374 decem
995 342 1038 372 et
1071 341 1154 373 tres
1185 330 1368 385 reliquit,
1391 331 1463 387 qui
1494 330 1691 373 Tiberim

260 391 347 434 fere
368 407 516 433 omnes
539 393 757 448 tangunt,)
782 391 908 446 liujus
932 389 1079 444 inopia
1099 399 1142 430 et
1171 387 1357 429 solitudo
1379 401 1689 430 commemora-

261 459 343 491 tur.
376 450 686 499 demonstrant,
709 463 808 490 cum
831 457 951 503 pater
981 445 1174 500 hujusce,
1198 445 1299 485 Sex.
1325 444 1526 496 Roscius,
1556 445 1688 486 homo

261 517 349 548 tam
374 507 620 563 splendidus
647 516 689 547 ct
723 505 952 561 gratiosus,
975 503 1091 544 nullo
1113 502 1290 559 negotio
1320 502 1375 542 sit
1393 503 1575 552 occisus,
1594 515 1690 558 per-

264 563 389 605 facile
430 564 544 604 hunc
579 563 814 612 hominem,
859 562 1094 609 incautum,
1129 570 1172 600 et
1209 559 1431 611 rusticum,
1459 569 1503 601 et
1534 557 1691 600 Romae

262 622 474 677 ignotum,
506 621 558 661 de
588 621 730 661 medio
763 618 853 660 tolli
879 632 1017 674 posse.
1045 617 1095 657 ad
1120 631 1214 658 eam
1248 630 1336 656 rem
1365 631 1539 672 operam
1569 629 1690 657 suam

216 673 532 734 Spolliccntur.
593 676 661 718 Ne
702 676 862 718 diutius
901 689 978 716 vos
1016 683 1198 724 teneam,
1234 673 1420 728 judices,
1456 678 1493 705 10
1511 673 1721 719 societas'

197 737 417 783 Qlcoitur.
478 735 591 776 Cum
625 735 720 790 jam
763 732 1088 790 proscriptionis
1130 731 1293 771 mentio
1332 730 1446 771 nulla
1483 730 1619 781 fieret,
1649 738 1696 770 et

264 807 362 834 cum
384 792 528 843 etiam,
551 792 624 848 qui
647 800 772 832 antea
794 798 1048 840 metuerant,
1063 788 1262 837 redirent,
1282 802 1330 827 ac
1346 788 1438 842 jam
1463 787 1692 829 defunctos

159 865 189 894 p·
203 856 251 884 ‘2‘2-
265 864 354 891 sese
385 850 584 906 periculis
621 849 996 890 llarbitrarentur:
1039 859 1196 887 nomen
1229 844 1409 886 refertur
1442 845 1485 885 in
1527 844 1695 886 tabulas

221 909 250 926 ⁴⁴·
265 908 387 948 Sexti
420 906 582 958 Roscii,
604 906 791 948 hominis
823 904 1123 946 studiosissimi
1157 902 1397 943 nobilitatis
1418 915 1622 958 manceps
1644 901 1696 943 fit

264 964 589 1021 Chrysogonus.
615 965 693 1004 tria
717 963 879 1019 pra‘dia
900 961 966 1002 vel
996 960 1263 1002 nobi11ssima
1282 958 1486 1015 Capitoni
1522 959 1705 1016 propria·

262 1023 501 1072 traduntur,
524 1036 620 1076 quae
645 1021 772 1062 hodie
795 1019 1009 1075 possidet:
1042 1018 1085 1058 in
1108 1016 1290 1072 reliquas
1321 1030 1469 1058 omnes
1500 1016 1702 1058 fortunas·

263 1080 341 1119 iste
374 1078 423 1119 T.
458 1078 640 1118 Roscius
683 1077 855 1118 nomine
887 1074 1179 1131 Chrysogoni,
1211 1073 1573 1128 quemadmodum
1601 1074 1696 1129 ipse

262 1137 382 1186 (licit,
411 1136 619 1190 impetum
656 1134 773 1175 facit.
837 1132 947 1174 Haec
986 1134 1097 1173 bona
1134 1132 1330 1187 sexagies
1371 1130 1470 1171 H-S
1492 1142 1696 1172 emuntur

263 1193 429 1233 duobus
460 1192 649 1234 millibus
681 1205 920 1232 nummum.
982 1189 1093 1230 Hace
1133 1189 1292 1239 onmia,
1316 1187 1502 1243 judices,
1533 1188 1695 1243 impru-

196 1246 248 1280 9-‘2
263 1251 389 1291 dente
414 1250 463 1291 L.
484 1249 601 1290 Sulla
621 1248 735 1290 facta
757 1263 846 1289 esse
872 1251 909 1280 12
922 1257 1040 1288 certo
1065 1246 1169 1287 scio.
1214 1245 1365 1301 Neque
1387 1244 1501 1286 enim
1523 1245 1696 1296 mirum,

263 1322 360 1349 cum
394 1307 545 1347 eodem
581 1317 774 1362 tempore
811 1308 901 1345 l3et
928 1319 991 1355 ca,
1024 1318 1121 1358 quae
1155 1303 1373 1359 praeterita
1405 1311 1519 1352 sunt,
1556 1310 1600 1343 et
1631 1315 1701 1353 ea,

263 1380 358 1420 quae
385 1364 583 1405 videntur
607 1364 777 1413 instare,
794 1370 1029 1418 praeparet,
1061 1375 1158 1402 cum
1181 1369 1225 1401 et
1243 1360 1360 1416 pacis
1381 1358 1697 1401 constituendae

262 1423 487 1472 rationem,
518 1430 562 1461 et
593 1420 690 1462 belli
722 1419 896 1476 gerendi
931 1427 1191 1474 potestatem
1225 1417 1338 1458 solus
1371 1416 1559 1469 habeat3
1596 1430 1697 1458 cum

264 1494 410 1520 omues
443 1479 485 1519 in
518 1493 649 1519 unum
680 1486 888 1533 spectent,
920 1490 1029 1516 unus
1063 1476 1208 1516 omnia
1241 1475 1477 1531 gubernet;
1507 1488 1607 1515 cum
1630 1482 1697 1515 tot

266 1537 481 1591 tantisque
514 1536 700 1591 negotiis
742 1534 955 1574 distentus
999 1533 1068 1584 sit,
1101 1542 1149 1573 ut
1192 1532 1398 1588 respirare
1442 1531 1574 1572 libere
1610 1545 1699 1572 non

265 1594 425 1649 possit;
457 1593 491 1633 si
525 1592 686 1647 aliquid
720 1606 803 1632 non
839 1590 1172 1632 animadvertat:
1208 1604 1306 1630 cum
1338 1589 1576 1645 praesertim
1608 1598 1698 1630 tam

263 1651 386 1691 multi
410 1651 739 1706 occupationem
762 1648 854 1703 ejus
876 1649 1119 1697 observent,
1142 1656 1395 1703 tempusque
1417 1655 1700 1702 aucupentur,

265 1717 326 1757 ut,
350 1707 476 1748 simul
495 1718 623 1762 atque
646 1706 714 1747 ille
737 1705 996 1762 despexerit,
1011 1704 1171 1760 aliquid
1196 1703 1495 1759 hujuscemodi
1515 1703 1701 1744 molian-

266 1775 349 1805 tur.
412 1765 513 1805 Huc
544 1764 724 1814 accedit,
758 1762 873 1818 quod
903 1762 1098 1818 quamvis
1123 1761 1191 1802 ille
1225 1760 1329 1801 felix
1361 1761 1431 1811 sit,
1461 1760 1574 1801 sicut
1607 1770 1700 1812 est;

269 1832 411 1863 tamen
434 1822 478 1862 in
502 1830 620 1862 tanta
643 1820 847 1861 felicitate
878 1834 1005 1860 nemo
1032 1821 1067 1850 14
1082 1828 1224 1875 potest
1254 1832 1360 1869 esse,
1391 1818 1434 1858 in
1457 1831 1616 1874 magna
1635 1816 1701 1859 fa—

269 1879 387 1920 milia
416 1879 487 1934 qui
520 1879 751 1928 neminem,
774 1891 912 1932 neque
942 1890 1126 1927 servum,
1149 1890 1287 1932 neque
1316 1875 1518 1916 libertum
1540 1875 1706 1931 impro-'

203 1940 256 1978 ⁴23
272 1937 372 1978 bum
397 1936 567 1977 habeat.
629 1934 801 1976 Interea
830 1935 910 1975 iste
940 1933 992 1975 T.
1014 1931 1212 1984 Roscius,
1239 1933 1300 1973 vir
1318 1933 1523 1989 optimUS‚
1545 1946 1702 1989 procu-

270 2004 384 2034 rator
409 1993 701 2049 Chrysogoni,
720 1991 939 2033 Ameriam
958 1990 1097 2033 venit:
1119 1991 1162 2031 in
1182 1990 1344 2046 praedia
1362 1989 1490 2045 hujus
1512 1989 1701 2031 invadit:

270 2052 384 2092 hunc
418 2052 634 2101 miserum,
669 2049 786 2090 luctu
819 2049 1050 2105 perditum,
1072 2047 1145 2103 qui
1180 2047 1371 2088 nondum
1403 2047 1534 2088 etiam
1557 2046 1706 2088 omnia'

268 2119 446 2164 paterno
470 2107 608 2148 funeri
627 2107 748 2161 justa
771 2107 981 2156 solvisset,
1005 2106 1168 2146 nudum
1190 2105 1311 2161 ejicit
1333 2105 1462 2146 domo
1485 2113 1614 2160 atque
1636 2103 1702 2145 fo-

266 2166 327 2206 cis
351 2165 500 2221 patriis
523 2165 690 2220 diisque
714 2164 941 2219 penatibus
964 2163 1250 2220 praecipitem,
1265 2162 1452 2217 judiceS‚
1473 2162 1700 2203 exturbat:

267 2223 356 2278 ipse
378 2222 653 2279 amplissimae
678 2221 873 2276 pecuniae
893 2220 943 2261 fit
963 2220 1178 2261 dominus.
1218 2219 1307 2266 Qui
1330 2220 1373 2260 in
1396 2234 1472 2260 sua
1489 2232 1533 2260 re
1551 2217 1707 2263 fuisset

266 2281 582 2336 egentissiirmS‚
613 2288 719 2329 erat,
742 2287 789 2318 ut
812 2278 876 2329 fit,
898 2277 1085 2319 insolens
1108 2278 1150 2319 in
1181 2277 1334 2319 aliena.
1393 2275 1540 2317 Multa
1560 2275 1703 2332 palam

310 2435 347 2462 10
361 2432 493 2462 sacietas
505 2431 624 2471 coitur]
643 2431 702 2461 Ed.
712 2431 765 2461 w.
781 2431 920 2470 cogitur.
1005 2440 1138 2461 monere
1154 2430 1236 2460 vitii.
1690 2463 1695 2467 ἃ

312 2477 341 2504 ll
370 2474 629 2513 arbitrarentur]
671 2474 734 2503 Hic
768 2473 963 2504 inseruimus
1052 2476 1090 2503 13
1103 2478 1133 2503 et
1146 2483 1197 2508 ea,
1219 2480 1289 2512 quoe
1305 2471 1478 2511 preterita
1500 2475 1589 2509 sunt,
1602 2475 1635 2502 et
1647 2470 1702 2513 ea]

268 2526 344 2546 curn
369 2516 510 2552 Graevio,
535 2526 607 2555 quae
629 2521 826 2555 sequuntur,
847 2525 965 2545 nomen
1010 2514 1047 2545 ln
1064 2515 1171 2556 primo
1186 2514 1292 2545 intell.
1305 2518 1399 2545 curet
1418 2525 1438 2544 e.
1452 2519 1608 2553 sequente
1616 2523 1705 2554 proe-

264 2557 411 2598 regt'ertur
425 2559 460 2587 in
483 2559 567 2589 tabl»,
593 2558 685 2588 Serti
707 2558 828 2594 Roscii,
853 2568 891 2587 ex
912 2568 965 2587 ve·
1003 2563 1116 2596 paret,
1138 2557 1170 2587 in
1192 2567 1256 2596 quo
1281 2556 1478 2595 significatio
1498 2565 1587 2587 curae
1605 2557 1724 2588 inests

265 2600 389 2630 teribus
416 2601 658 2636 Grannnaticis,
693 2601 778 2630 unde
808 2606 965 2630 eruerunt
1010 2600 1106 2630 Forte
1130 2599 1246 2630 melius
1267 2598 1418 2635 addatur,
1438 2602 1513 2639 post
1531 2602 1621 2636 sunt,
1639 2608 1705 2639 quo

269 2643 502 2673 Hotomannus
518 2643 585 2672 obs.
601 2642 662 2677 lx,
679 2645 688 2672 1
702 2646 725 2672 l.
744 2642 872 2682 Lipsius
886 2642 962 2672 Var.
1008 2642 1051 2671 sit
1070 2643 1170 2672 ctiam
1192 2642 1297 2671 oratio
1317 2641 1519 2672 concinnior.
1563 2640 1626 2671 Ms.
1641 2641 1706 2672 Gu.

266 2685 357 2716 Lect.
374 2685 438 2720 111,
464 2685 493 2714 6.
516 2685 596 2714 alias
614 2694 680 2714 non
697 2690 805 2725 potest
823 2684 963 2723 intelligi
1008 2684 1122 2714 vitiose
1128 2687 1345 2724 prepararet.

265 2727 467 2767 ”concep-§fic
487 2726 563 2756 Chr.
1055 2730 1091 2757 14
1099 2731 1204 2766 potest
1218 2736 1294 2763 esse,
1310 2728 1345 2756 in
1360 2734 1484 2764 magna
1494 2723 1531 2765 f.
1549 2724 1622 2765 &c.]
1653 2724 1706 2755 Sic

310 2772 347 2800 12
367 2773 451 2799 cereo
465 2768 542 2807 scio]
572 2768 623 2798 Sic
648 2768 719 2800 dedi
743 2780 782 2799 ex
804 2768 875 2799 edd.
891 2769 962 2799 ΛΜ.
1009 2767 1323 2808 interpungendum,
1340 2776 1407 2798 non
1419 2771 1459 2798 ut
1475 2768 1573 2809 vulgo
1589 2777 1626 2808 p.
1641 2776 1706 2798 esse

266 2811 396 2842 Manut.
412 2813 470 2841 [tc.
486 2811 565 2841 Mss.
579 2821 630 2850 ap.
647 2811 743 2841 Grut.
755 2818 789 2842 et
804 2812 867 2841 Gu.
884 2810 963 2841 Vul-
1006 2812 1041 2841 in
1057 2809 1220 2851 magnas.

265 2864 305 2893 go
329 2858 424 2884 certe.
481 2852 645 2884 Latinitas
669 2858 800 2893 poterat
823 2852 963 2884 editores
