1907 3231
371 135 446 173 ‘212
897 128 962 171 IN
999 128 1272 171 VERREM

372 253 490 279 num,
551 237 633 280 Cui
656 238 737 280 hoc
759 237 929 294 probari
954 239 1121 292 potest?
1155 236 1265 277 Cum
1288 244 1396 275 essct
1420 233 1620 275 Sthenius
1642 232 1793 276 civita-

374 295 426 334 tis
450 309 537 336 sum
559 295 860 343 nobilissimus,
883 293 1142 348 amplissima
1173 292 1445 347 cognatione,
1477 291 1667 347 plurimis
1688 292 1794 332 ami-

372 351 510 400 citiis;
552 367 648 392 cum
684 364 887 408 praeterca
924 360 1013 390 tota
1055 350 1201 389 Sicilia
1235 349 1415 389 multum
1448 348 1716 399 auctoritate,
1750 357 1795 390 et

373 409 512 464 gratia
534 417 698 464 posset3
732 408 918 448 invenire
940 407 1152 446 nemiuem
1167 405 1357 446 Siculum
1380 405 1534 460 potuit,
1556 405 1628 459 qui
1651 418 1727 460 pro
1749 418 1794 446 se

373 465 575 521 coguitor
607 465 747 505 ficret?
782 463 880 504 Hoc
916 462 1144 518 probabis?
1174 476 1226 502 au
1260 462 1348 517 ipsc
1378 463 1516 503 civem
1554 461 1793 503 Romanum

374 522 552 562 maluit?
583 522 704 570 cedo,
727 521 793 560 cui
819 520 978 569 Siculo,
1001 533 1097 559 cum
1119 519 1151 558 is
1175 533 1267 558 reus
1291 518 1423 568 fieret,
1444 518 1549 559 civis
1574 518 1793 559 Romanus

374 578 575 633 cognitor
595 577 733 618 factus
766 591 967 631 umquam
992 576 1071 615 sit?
1134 575 1340 615 Omnium
1364 585 1594 630 praetorum
1617 575 1793 627 litteras,

374 638 446 688 qui
471 645 568 675 aute
598 635 783 682 fuerunt,
817 632 973 687 profer,
1003 631 1186 686 explica.
1220 631 1253 670 si
1285 646 1414 672 unum
1450 633 1680 683 inveneris3
1710 646 1793 688 ego

376 690 458 731 lioc
502 691 596 740 tibi,
633 690 992 745 quemadmodum
1036 688 1077 728 in
1122 688 1276 729 tabulis
1315 688 1519 744 scriptum
1553 689 1698 740 habes,
1733 690 1796 730 ita

294 753 362 791 107
378 759 543 799 gestum
566 763 656 788 esse
689 747 936 788 concedam.
996 744 1070 795 At,
1096 745 1237 795 credo,
1268 745 1469 785 Sthenius
1490 746 1572 787 hoc
1594 745 1674 786 sibi
1705 760 1794 787 am·

377 799 493 859 plum
516 818 606 844 esse
630 804 811 859 putavit,
842 802 997 858 eligere
1035 817 1056 842 c
1087 802 1245 843 civium
1279 801 1570 844 Romanorum
1601 816 1793 855 numero,

374 876 427 901 cx
451 861 685 902 amicorum
709 870 836 914 atquc
867 860 1085 915 hospitum
1117 873 1287 898 suorum
1318 858 1459 913 copia,
1487 874 1614 914 quem
1644 859 1794 916 cogni-

374 928 509 958 torem
532 918 666 958 daret.
727 920 868 963 Quem
892 917 1077 967 delegit?
1107 916 1202 971 quis
1237 916 1279 956 in
1310 915 1466 957 tabulis
1497 917 1679 972 scriptus
1701 919 1792 958 est?

375 974 426 1014 C.
458 974 681 1024 Claudius,
712 974 763 1015 C.
798 973 845 1014 F.
881 973 1088 1015 Palatina.
1162 973 1259 1014 Bon
1294 987 1456 1027 quaero,
1493 973 1588 1028 quis
1626 972 1698 1014 hic
1739 973 1794 1014 sit

374 1031 595 1082 Claudium,
616 1046 744 1086 quam
763 1031 1024 1086 splendidus,
1045 1045 1171 1085 quam
1193 1029 1411 1079 honestus,
1443 1044 1572 1085 quam
1600 1029 1793 1081 idoneus,

375 1098 549 1143 propter
586 1088 709 1143 cujus
760 1087 1060 1128 auctoritatem
1107 1097 1150 1127 et
1190 1086 1447 1143 dignitatem
1487 1087 1690 1128 Sthenius
1738 1087 1794 1128 ab

376 1145 570 1185 onmium
603 1144 843 1186 Siculorum
873 1144 1181 1185 consuetudine
1202 1143 1452 1195 discederet,
1473 1153 1517 1185 et
1537 1144 1676 1186 civem
1704 1142 1793 1186 Ro-

372 1215 545 1241 manum
584 1203 854 1258 cognitorem
891 1201 1025 1242 daret.
1075 1200 1183 1241 nihil
1222 1200 1374 1241 horum
1415 1215 1575 1255 quaero.
1617 1200 1795 1242 fortasse

371 1258 486 1298 enim
509 1258 713 1299 Srlienius
744 1273 829 1299 nou
853 1258 1119 1314 splendorem
1143 1257 1343 1308 hominis,
1366 1259 1438 1309 sed
1459 1257 1793 1299 familiaritatem

372 1324 542 1355 secutus
563 1325 642 1356 est.
695 1316 811 1362 Quid
835 1315 868 1356 si
891 1317 1083 1356 omnium
1103 1314 1346 1355 mortalium
1365 1314 1543 1356 Sthenio
1564 1329 1690 1356 nemo
1712 1315 1794 1356 ini-

370 1371 537 1422 micior,
558 1387 686 1427 quam
707 1373 777 1414 hic
801 1372 852 1414 C.
873 1372 1091 1422 Claudius,
1114 1382 1203 1412 tum
1224 1385 1402 1427 semper,
1426 1381 1517 1413 tum
1539 1372 1580 1413 in
1604 1371 1670 1413 his
1690 1372 1794 1428 ipsis

372 1429 498 1468 rebus
529 1439 572 1469 et
608 1430 871 1485 temporibus
903 1429 1008 1471 fuit?
1056 1430 1099 1469 Si
1135 1429 1186 1469 de
1219 1429 1370 1469 litteris
1400 1430 1612 1486 corruptis
1643 1439 1794 1471 contra

373 1486 517 1527 venit?
550 1486 583 1526 si
606 1497 755 1527 contra
777 1487 893 1528 omni
925 1487 1089 1527 ratione
1120 1486 1351 1542 pugnavit?
1384 1495 1525 1527 utrum
1551 1486 1692 1542 potius
1715 1501 1794 1543 pro

375 1541 555 1583 Sthenio
577 1543 797 1585 inimicum
819 1544 1086 1599 cognitorem
1116 1558 1206 1584 esse
1224 1542 1400 1593 fuctum,
1421 1557 1475 1584 an
1498 1552 1538 1584 te
1560 1544 1601 1584 in
1625 1542 1793 1586 Sthenii

292 1609 363 1656 44
378 1598 565 1654 periculo
599 1600 761 1641 inimici
795 1601 886 1655 ejus
919 1601 1092 1641 nomine
1123 1602 1303 1641 abusum
1331 1614 1420 1641 esse
1438 1600 1681 1642 credemus?
1711 1600 1792 1652 Ac,

291 1679 363 1712 103
376 1669 428 1696 ne
450 1657 544 1710 quis
578 1656 687 1698 sorte
719 1658 901 1707 dubitet,
922 1657 1163 1712 eujusmodi
1198 1667 1336 1698 totum
1369 1658 1425 1697 sit
1456 1658 1698 1714 negotium3
1729 1668 1793 1700 ta-

331 1713 497 1758 i2,111etsi
513 1713 769 1768 jamdudum
791 1715 990 1756 omnibus
1023 1715 1142 1755 istius
1176 1714 1496 1771 improbitatem
1524 1715 1793 1772 perspicuam

371 1783 462 1810 esse
484 1771 670 1821 confido,
695 1781 834 1812 tamen
860 1772 1092 1828 paullulum
1123 1772 1252 1812 etiam
1274 1771 1495 1813 attendite.
1558 1772 1722 1813 Videtis
1744 1773 1793 1814 il-

370 1825 459 1866 lum
493 1828 715 1883 subcrispo
745 1829 914 1884 capillo,
948 1830 1133 1885 nigrum,
1165 1829 1237 1884 qui
1267 1844 1318 1870 eo
1341 1828 1460 1869 vultu
1490 1843 1568 1870 nos
1589 1829 1794 1882 intuetur,

373 1894 419 1923 ut
441 1884 520 1923 sibi
546 1885 635 1940 ipsc
659 1897 884 1941 peracutus
905 1901 995 1927 esse
1018 1887 1236 1927 videatur?
1267 1887 1339 1941 qui
1364 1885 1528 1927 tabulas
1549 1889 1687 1928 tenet?
1717 1888 1791 1942 qui

371 1941 548 1982 scribit?
579 1942 650 1995 qui
675 1946 847 1984 monet?
878 1944 950 1998 qui
986 1943 1206 1999 proximus
1239 1946 1325 1985 est?
1356 1943 1391 1983 is
1410 1952 1474 1984 est
1496 1942 1549 1984 C.
1572 1943 1793 1996 Claudius,

370 1997 444 2051 qui
468 1997 510 2038 in
534 1998 681 2039 Sicilia
702 2010 916 2054 sequester
938 2001 1073 2050 istius,
1102 2000 1322 2056 interpres,
1353 2001 1575 2042 confector
1595 2001 1792 2056 negotio-

373 2068 481 2105 rum,
504 2069 637 2110 prope
657 2056 822 2111 collega
842 2056 1103 2099 Timarchidi
1136 2058 1464 2098 numerabatur:
1492 2072 1605 2098 nunc
1623 2057 1793 2100 obtinet

372 2124 473 2151 eum·
490 2110 646 2162 locum,
679 2123 725 2153 ut
760 2114 830 2154 vix
859 2113 1053 2170 Apronio
1076 2114 1132 2154 illi
1167 2114 1219 2155 de
1251 2114 1538 2155 familiaritate
1559 2114 1793 2156 concedere

373 2167 581 2219 videatur,
603 2179 644 2209 et
665 2171 737 2226 qui
761 2185 802 2210 se
826 2185 910 2212 uon
932 2170 1231 2222 Timarchidis,
1265 2172 1337 2212 sed
1367 2171 1499 2228 ipsius
1532 2170 1676 2212 Verris
1704 2171 1794 2214 col-

288 2225 508 2279 lOElegam
531 2236 574 2265 et
607 2227 768 2266 socium
791 2242 882 2268 esse
904 2228 1089 2268 dicebat.
1148 2231 1187 2260 28
1204 2227 1413 2270 Dubitate
1434 2228 1579 2278 etiam,
1602 2228 1638 2268 si
1669 2238 1797 2285 potea·

369 2281 460 2332 stis,
482 2283 585 2336 quin
608 2297 703 2323 eum
728 2284 806 2324 iste
828 2285 1098 2340 poti-ssimum
1130 2299 1184 2326 ex
1213 2286 1329 2326 omni
1365 2298 1542 2326 numero
1572 2285 1792 2342 delegerit,

367 2339 484 2380 2'9cui
508 2338 617 2380 lianc
641 2339 736 2380 falsi
757 2341 992 2396 cognitoris
1024 2342 1264 2398 improbam
1292 2356 1516 2398 personam
1537 2342 1792 2398 imponeret,

364 2409 491 2450 quem
516 2406 559 2436 et
582 2396 681 2438 huic
706 2398 1063 2450 inimicissimum,
1084 2410 1126 2440 et
1148 2400 1228 2440 sibi
1250 2399 1435 2440 amicum
1458 2413 1548 2440 esse
1566 2399 1796 2441 arbitrar&

405 2536 444 2564 2²8
469 2534 630 2565 Dubitare
656 2537 770 2572 etium,
798 2538 825 2566 ,η’
848 2537 931 2577 pot]
991 2539 1055 2575 Sic,
1101 2538 1223 2576 locum,
1239 2539 1317 2569 facit
1338 2541 1385 2569 sic
1405 2549 1463 2579 pro
1482 2541 1519 2570 si.
1563 2539 1723 2570 Restituit
1737 2549 1793 2572 ve-

364 2575 524 2607 Gruterus
540 2578 599 2612 ait,
615 2583 707 2608 vetus
723 2578 834 2608 editio.
880 2579 939 2609 Est
953 2580 1002 2610 ed.
1019 2581 1057 2611 R.
1101 2590 1173 2611 rum
1186 2587 1220 2611 et
1235 2585 1326 2611 vetus
1338 2582 1450 2612 Aldus.
1494 2582 1658 2612 Victorius
1679 2587 1792 2613 autem

362 2618 428 2647 sive
445 2619 498 2648 ΒΓ.
542 2619 604 2649 Sed
623 2629 729 2659 operae
754 2622 895 2659 pretium
916 2627 980 2657 est,
1005 2633 1059 2652 ex·
1102 2622 1192 2653 illam
1206 2623 1354 2653 vitiosam
1364 2624 1792 2664 corrigit,dubieareeeiam-

361 2659 471 2699 emplo
499 2660 595 2697 hujus
625 2660 686 2690 loci
714 2662 834 2699 videre,
863 2663 941 2693 levis
965 2673 1057 2694 error
1098 2673 1196 2694 num.-
1221 2670 1254 2695 et
1283 2665 1352 2695 liaec
1379 2665 1468 2696 faeta
1489 2672 1539 2696 est
1567 2665 1714 2705 vulgata,
1741 2675 1792 2696 se-

359 2701 522 2738 quomodo
538 2703 570 2731 in
587 2702 647 2732 hoc
668 2713 785 2742 genere
809 2704 842 2734 in
865 2715 988 2735 errores
1008 2706 1056 2735 in-
1100 2712 1219 2745 quente
1235 2707 1346 2738 statim
1363 2708 1398 2737 P.
1412 2702 1578 2744 Manutio,
1592 2707 1671 2738 item
1692 2706 1793 2738 Lam-

359 2742 458 2772 ducat
472 2743 556 2773 viros
571 2744 693 2774 doctos.
715 2745 753 2774 ln
770 2745 829 2775 Ed.
845 2746 932 2777 Med.
948 2757 1057 2778 errore
1099 2749 1195 2778 bino:
1225 2749 1258 2778 d.
1282 2749 1383 2779 etiam
1405 2758 1493 2779 nunc
1511 2759 1548 2789 p.
1591 2750 1636 2780 At
1657 2748 1731 2780 ΑΜ.
1746 2749 1790 2781 Ν.

357 2794 530 2824 operarum
547 2785 671 2816 factum
686 2791 753 2816 est:
779 2788 930 2818 dubitare
943 2790 1056 2826 etiam,
1100 2795 1195 2820 vetus
1212 2791 1370 2828 restituit,
1384 2796 1419 2821 et
1433 2796 1507 2832 post
1521 2791 1694 2822 Gruterum

358 2826 386 2855 si
395 2828 544 2865 potestis.-
579 2837 653 2857 ecce
675 2828 860 2866 Ascenffius,
876 2831 932 2869 qui
952 2840 1057 2862 unum
1142 2833 1183 2865 29
1197 2834 1250 2862 cui
1276 2831 1406 2872 hanes.
1426 2843 1454 2863 c.
1478 2834 1501 2863 i.
1519 2833 1571 2874 μ]
1601 2831 1792 2864 Addidim

357 2865 423 2898 hoc
443 2868 609 2911 exemplar
631 2869 782 2909 haberet,
801 2872 873 2904 vult
897 2873 1058 2914 corrigere
1099 2874 1184 2906 hanc
1198 2884 1216 2905 e
1230 2874 1296 2906 Ms.
1309 2879 1416 2907 vetere
1433 2884 1511 2907 cum
1523 2875 1667 2907 Graevio.
