1907 3231
598 116 713 154 Psso
739 118 785 155 A.
813 115 1136 156 eLUENTm.
1513 118 1595 178 ὅγε

153 236 246 263 sum
265 229 389 274 esset,
412 229 461 264 ut
482 222 644 262 secerni
667 221 785 263 nullo
806 222 936 263 modo
957 225 1125 278 posset?
1156 219 1216 261 At
1237 221 1462 277 repentina
1477 236 1591 264 mora

153 289 196 321 te
215 281 357 336 periit.
417 282 456 311 82
471 279 601 326 Quod
625 280 660 319 si
686 289 797 321 esset
823 280 884 321 ita
913 279 1101 331 factum3
1133 287 1276 319 tamen
1309 293 1360 320 ea
1390 294 1469 330 res,
1493 282 1682 336 pro-174

152 346 249 393 pter
271 337 504 379 multorum
534 337 748 391 ejusmodi
783 347 981 388 mortem,
1005 337 1106 378 satis
1136 336 1303 376 firmam
1327 337 1479 377 veneni
1502 352 1594 378 sus-

153 395 370 450 picionem
393 410 480 435 non
502 394 694 435 haberet.
717 395 750 435 si
782 405 893 435 esset
923 395 1224 450 suspiciosum,
1246 402 1389 434 tamen
1413 394 1465 434 ad
1487 394 1594 435 alios

154 452 312 507 potius,
335 467 463 508 quam
486 452 539 492 ad
562 451 743 492 Avitum
773 453 1019 508 pertineret.
1081 452 1241 492 Verum
1263 451 1306 491 in
1329 465 1379 490 eo
1400 451 1493 505 ipso
1517 451 1596 491 ho-

152 509 290 550 mines
326 509 698 565 impudentissime
733 511 1016 551 mentiuntur.
1079 509 1130 550 Id
1160 518 1208 549 ut
1240 507 1520 563 intelligatis3
1553 518 1597 549 et

152 576 337 608 mortem
364 567 472 621 ejus,
493 576 551 617 et,
579 568 944 622 quemadmodum
975 575 1073 623 post
1103 575 1303 617 mortem,
1336 566 1381 606 in
1413 564 1597 606 Avitum

154 623 210 664 sit
232 624 395 665 crimen
417 641 442 665 a
459 635 595 665 matre
617 625 864 680 quaesitum,
884 625 1151 681 cognoscite.

214 679 327 722 Cum
369 697 504 739 vagus
544 693 587 723 et
627 682 750 723 exsul
787 693 959 733 erraret,
1002 693 1129 736 atque
1170 681 1361 737 undique
1397 679 1597 722 exclusus
1610 680 1684 718 175

159 737 443 795 Oppianicus,
475 740 519 781 in
544 739 771 781 Falernum
795 754 837 780 se
871 740 924 780 ad
959 739 1012 780 C.
1036 739 1299 785 Quintilium
1322 739 1597 790 contulisset3

154 796 216 837 ibi
240 798 427 853 primum
451 798 493 838 in
517 799 715 838 morbum
738 797 906 847 incidit,
939 811 989 837 ac
1017 797 1118 836 satis
1142 796 1418 837 vehementer
1438 796 1602 851 diuque

157 855 404 910 aegrotavit.
456 855 569 896 Cum
592 863 704 896 esset
725 869 811 895 una
834 854 990 904 Sassia,
1012 863 1056 894 et
1078 854 1219 894 Statio
1241 853 1374 894 Albio
1396 854 1602 908 quodam,

158 912 329 964 colono,
352 912 527 955 homine
556 912 739 962 valente,
769 912 844 966 qui
876 910 1001 952 simul
1025 925 1117 951 esse
1147 911 1325 961 solebat,
1349 911 1601 952 familiarius

159 979 365 1021 uteretur,
396 973 435 1005 83
449 984 578 1025 quam
607 970 671 1010 vir
699 969 1067 1020 dissolutissimus,
1090 968 1297 1010 incolumi
1319 968 1506 1019 fortuna,
1526 983 1602 1024 pa-

160 1027 192 1067 ti
212 1037 379 1083 posset3
409 1037 453 1068 et
471 1028 545 1083 jus
569 1026 672 1068 illud
694 1027 959 1068 matrimonii
990 1036 1155 1067 castum
1183 1037 1313 1081 atque
1342 1026 1602 1082 legitimum,

158 1084 434 1125 damnatione
451 1085 531 1125 viri
551 1085 767 1126 sublatum
784 1084 1082 1136 arbitraretur3
1120 1084 1394 1125 Nicostratus
1410 1084 1602 1138 quidam,

157 1141 294 1183 fidelis
318 1142 552 1198 Oppianici
585 1142 790 1194 servulus,
823 1142 1093 1198 percuriosus
1124 1152 1167 1183 et
1198 1142 1376 1182 minime
1398 1141 1603 1193 mendax,

157 1199 295 1240 multa
316 1200 474 1241 dicitur
496 1201 741 1241 renuntiare
763 1200 940 1241 domino
969 1199 1119 1241 solitus
1141 1214 1247 1240 esse.
1308 1199 1478 1240 Interea
1510 1198 1604 1255 Op-

157 1257 354 1313 pianicus
377 1273 475 1299 cum
491 1258 585 1313 jam
609 1257 940 1308 convalesceret,
963 1271 1101 1312 neque
1127 1259 1169 1298 in
1194 1257 1374 1298 Falerno
1395 1257 1606 1313 improbi-

161 1323 295 1355 tatem
317 1315 461 1357 coloni
484 1316 645 1357 diutius
659 1315 768 1356 ferre
790 1325 949 1372 posset,
964 1325 1008 1356 et
1029 1316 1113 1356 huc
1136 1315 1189 1356 ad
1214 1316 1361 1355 urbem
1384 1313 1606 1370 profectus

161 1383 287 1423 esset,
309 1373 494 1426 (solebat
515 1374 629 1414 enim
662 1383 787 1414 extra
808 1382 977 1429 portam
1000 1373 1160 1428 aliquid
1185 1372 1342 1413 habere
1364 1372 1606 1423 conducti,)

161 1430 370 1471 cecidisse
401 1446 456 1472 ex
478 1446 590 1486 equo
612 1431 786 1481 dicitur,
809 1440 852 1471 et
882 1430 1014 1471 homo
1034 1430 1205 1471 infirma
1226 1430 1471 1471 valetudine
1492 1430 1604 1470 latus

163 1487 394 1529 offendisse
417 1488 706 1539 vehementer,
737 1497 794 1538 et,
817 1497 1100 1544 posteaquam
1123 1488 1176 1529 ad
1197 1489 1348 1528 urbem
1371 1503 1471 1529 cum
1492 1487 1605 1528 febri

165 1546 343 1596 venerit,
378 1547 526 1602 paucis
558 1546 710 1586 diebus
746 1559 837 1586 esse
872 1555 1083 1587 mortuuS.
1146 1544 1306 1586 Mortis
1329 1546 1461 1596 ratio,
1484 1544 1605 1600 judi-

163 1616 249 1654 ces,
273 1602 486 1658 ejusmodi
518 1613 597 1654 est,
628 1612 677 1644 ut
706 1612 781 1644 aut
810 1603 919 1645 nihil
951 1603 1110 1644 habeat
1143 1602 1417 1659 suspicioniS,
1451 1612 1540 1653 aut,
1568 1601 1604 1642 si

164 1660 266 1714 quid
292 1660 437 1713 habet,
467 1661 512 1702 id
542 1662 655 1702 intra
674 1661 856 1718 parietes
879 1661 924 1701 in
954 1661 1195 1702 domestico
1218 1660 1376 1702 scelere
1397 1669 1604 1701 versetur.

166 1716 275 1759 Post
296 1729 479 1759 mortem
498 1718 591 1774 ejus
614 1719 756 1760 Sassia
774 1719 921 1760 statim
943 1719 1084 1760 moliri
1106 1718 1271 1760 nefaria
1286 1718 1440 1759 mulier
1466 1718 1604 1774 coepit
1617 1702 1689 1756 63

165 1775 341 1816 insidias
363 1776 477 1819 filio:
509 1777 796 1832 quaestionem
826 1776 986 1818 habere
1015 1776 1069 1817 de
1100 1776 1179 1817 viri
1203 1785 1343 1817 morte
1364 1776 1695 1819 constituit.17'6

164 1833 325 1874 24emit
355 1834 408 1875 de
441 1834 495 1875 A.
520 1834 714 1891 Rupilio,
747 1850 833 1891 quo
865 1843 956 1876 erat
987 1849 1088 1875 usus
1120 1833 1390 1890 Oppianicus
1422 1834 1609 1884 medico,

167 1889 412 1932 Stratonem
436 1895 474 1923 85
485 1892 715 1947 quendam,
743 1892 866 1948 quasi
899 1901 948 1933 ut
970 1892 1083 1933 idern
1105 1891 1282 1943 faceret,
1312 1891 1428 1947 quod
1452 1890 1609 1932 Avitus

166 1947 212 1988 in
233 1950 415 1990 emendo
441 1949 640 2006 Diogene
662 1950 836 1991 fecerat.
887 1949 956 1991 De
977 1950 1061 1992 hoc
1085 1950 1287 1991 Stratone
1310 1959 1352 1989 et
1374 1949 1426 1990 de
1448 1949 1608 1990 assecla
1619 1957 1650 1987 P·
1668 1948 1720 1978 55.

167 2006 357 2060 quodam
389 2022 511 2048 servo
534 2023 610 2048 suo
641 2009 921 2063 quaesituram
945 2022 1036 2049 esse
1057 2008 1186 2049 dixit.
1208 2017 1417 2064 praeterea
1439 2001 1652 2048 servuma'

167 2062 288 2104 illum
323 2064 636 2116 Nicostratum,
658 2081 787 2121 quem
820 2066 1002 2107 nimium
1037 2065 1262 2122 loquacem
1295 2064 1443 2114 fuisse,
1464 2079 1514 2105 ac
1543 2064 1611 2105 ni-

168 2121 302 2162 mium
336 2122 514 2164 domino
565 2123 734 2164 fidelem
775 2124 1081 2174 arbitrabatur,
1123 2124 1177 2164 ab
1213 2123 1298 2164 hoc
1340 2122 1611 2163 adolescente

170 2177 417 2235 Oppia-nico
449 2181 493 2220 in
524 2181 808 2236 quaestionem
842 2181 1092 2238 postulavit.
1155 2180 1245 2222 Hic
1276 2195 1376 2221 cum
1407 2188 1518 2220 esset
1539 2179 1612 2220 illo

170 2245 364 2294 tempore
386 2252 506 2294 puer,
529 2248 573 2279 et
610 2238 682 2279 illa
702 2241 887 2294 quaestio
910 2239 963 2280 de
987 2239 1119 2295 patris
1152 2238 1217 2279 sui
1239 2248 1377 2279 morte
1404 2237 1614 2278 constitui

170 2294 409 2347 diceretur3
448 2296 528 2336 etsi
563 2295 683 2337 illum
726 2311 911 2348 servum,
940 2305 985 2338 et
1023 2296 1105 2337 sibi
1144 2296 1396 2337 benivolum
1427 2309 1534 2345 esse,
1570 2303 1615 2336 et

168 2352 280 2408 patri
314 2352 446 2395 fuisse
479 2353 793 2408 arbitrabatur,
823 2353 932 2396 nihil
965 2364 1110 2397 tamen
1139 2363 1206 2396 est
1240 2368 1366 2395 ausus
1401 2367 1612 2394 recusare.

166 2503 240 2524 sum
261 2494 470 2525 commodum
494 2505 562 2526 non
583 2495 692 2527 habet.
707 2496 872 2536 quomodo
915 2496 1187 2537 gligentissimus‚
1210 2506 1278 2527 non
1300 2495 1618 2538 impudentissimus,

166 2537 326 2576 potuisset
349 2537 476 2574 fallere,
501 2539 528 2569 si
553 2545 639 2569 esset
669 2539 874 2570 animadver-
915 2544 955 2570 ut
970 2540 1099 2581 Sylvius
1113 2541 1362 2581 interpretatur.

167 2580 260 2609 sum?
286 2580 436 2611 Arbitror
449 2580 641 2612 Ciceronem
653 2581 793 2612 dedisse:
807 2581 871 2622 fa·
957 2585 998 2613 84
1020 2585 1099 2613 emit
1113 2584 1151 2613 de
1164 2583 1204 2613 A.
1223 2582 1327 2622 Rup]
1344 2581 1426 2613 Edd.
1436 2592 1486 2623 pr.
1501 2582 1617 2613 deinde

168 2622 264 2652 cilius
263 2621 404 2661 fallere,
423 2624 558 2663 inpane
571 2626 598 2654 si
613 2629 692 2654 esset
706 2625 871 2661 additum,
914 2635 935 2655 a
954 2625 1096 2665 Rupilio.
1139 2624 1324 2665 Vulgatum
1344 2630 1395 2655 est
1409 2625 1449 2655 ab
1463 2625 1570 2656 Junta
1582 2631 1617 2655 et

168 2674 269 2703 quam
281 2665 317 2694 in
326 2667 449 2704 poculo.
489 2667 543 2697 lta
557 2666 618 2697 sibi
633 2667 716 2697 bene
740 2677 872 2708 respon-
915 2667 1016 2698 Aldu:
1041 2668 1138 2707 idque
1164 2668 1361 2707 elegantius,
1385 2674 1419 2698 et
1441 2668 1520 2698 huic
1542 2677 1617 2698 nar-

170 2706 250 2736 dent
263 2707 416 2738 additum
431 2713 464 2738 et
477 2707 660 2748 confusum.
916 2710 1036 2740 rationi
1054 2712 1176 2751 aptius,
1192 2710 1227 2740 in
1243 2720 1307 2750 qua
1321 2710 1362 2741 ab
1384 2710 1455 2741 istis
1477 2710 1617 2740 vinculis

211 2751 252 2780 822
266 2749 365 2790 ‚Quod
376 2751 404 2786 sc}
417 2756 495 2781 esset
504 2751 712 2792 {tarsae-tum]
731 2750 873 2782 Factum
915 2753 1070 2783 abstinet.

170 2791 271 2824 deleri
287 2792 432 2823 malebat
446 2794 618 2825 Gruterus.
632 2795 728 2832 bene,
751 2799 790 2824 ut
802 2795 874 2834 opi·
959 2797 999 2826 85
1022 2796 1198 2835 quendam,
1212 2794 1321 2835 quasi]
1348 2795 1436 2825 Hine
1451 2804 1561 2825 mrsus
1573 2793 1623 2824 la·-

173 2844 245 2865 nor.
917 2847 1003 2869 cuna
1015 2839 1050 2869 in
1065 2838 1114 2870 ed.
1128 2841 1218 2872 ΜΗ.
1231 2838 1271 2869 ad
1286 2849 1313 2869 c.
1329 2838 1380 2869 65.
1395 2838 1607 2878 principium.

214 2879 253 2909 83
277 2886 377 2917 quam
392 2878 445 2908 vir
459 2878 740 2920 dissolutissimus]
774 2880 794 2910 i.
817 2889 875 2910 ne-
