1907 3231
505 121 628 160 ACT.
651 121 703 160 11.
739 118 927 158 LIBER
965 118 1249 159 QUINTUS.
1516 121 1593 156 431

151 237 196 270 et
215 227 433 272 cruciatus
451 234 543 268 erat
563 227 851 269 constitutus?
873 223 999 275 Vide,
1015 238 1146 280 quam
1158 223 1434 264 commodam
1447 221 1600 264 defen-v
1609 220 1683 277 59

153 287 318 328 sionem
335 284 612 340 excogitaris.
640 284 779 336 Malo,
790 280 1172 332 malomehereule,
1185 281 1371 336 id,quod
1385 290 1431 322 tu
1449 281 1601 322 defen-

152 344 233 395 dis,
247 345 314 385 his
327 342 568 399 judicibus,
583 342 832 399 populoque
841 341 1063 391 Romano,
1078 353 1209 395 quam
1224 339 1282 389 id,
1293 339 1411 393 qnod
1433 353 1517 394 ego
1535 339 1602 379 in-

152 402 323 453 simulo,
340 399 530 457 probari.
543 399 673 450 malo,
688 400 881 456 inquam,
897 408 939 440 te
955 399 1025 439 isti
1046 396 1194 454 generi
1212 395 1455 446 hominum,
1471 411 1602 450 quam

150 459 465 501 mercatoribus
489 468 534 498 et
563 457 839 499 naviculariis
872 456 1096 498 inimicum
1130 464 1260 510 atque
1293 453 1500 495 infestum
1524 468 1604 509 pu-

151 517 248 558 tari.
283 530 430 557 meum
465 515 581 556 enim
612 516 778 557 crimen
807 514 1001 556 avaritiae
1030 523 1073 554 te
1102 513 1250 554 nimiae
1272 511 1497 568 coarguit:
1531 522 1606 551 tua

153 574 350 615 defensio
373 573 530 614 furoris
557 574 626 629 cuj
636 573 800 624 usdam,
822 582 866 613 et
896 571 1196 621 immanitatis,
1217 580 1261 611 et
1281 569 1488 611 inauditae
1509 582 1606 611 cru-

151 631 356 683 delitatis,
377 641 422 672 et
443 646 568 687 paene
583 646 710 673 novae
725 630 1069 688 proscriptionis.
1113 628 1196 670 Sed
1210 643 1297 670 non
1314 628 1416 669 licet
1437 639 1506 667 me
1521 626 1606 667 isto
1620 634 1693 668 154

153 698 276 731 tanto
294 689 626 744 bono‚judices,
646 690 707 730 uti
723 707 733 741 3
752 704 839 730 non
862 688 978 730 licet.
995 688 1152 728 adsunt
1174 686 1290 727 enim
1307 684 1479 726 Puteoli
1501 685 1604 727 toti:

153 747 494 804 frequentissimi
527 759 737 788 venerunt
773 747 827 788 ad
861 745 946 786 hoc
972 745 1193 800 judicium
1224 754 1499 794 mercatoreS,
1531 742 1610 784 ho-

153 806 292 847 mines
321 805 560 862 locupletes
596 815 726 860 atque
762 803 952 853 honesti,
973 803 1009 836 67
1027 803 1101 857 qui
1132 802 1291 858 partim
1323 801 1464 843 socios
1497 815 1612 852 suos,

154 863 314 920 partim
337 864 516 905 libertos
540 864 595 905 ab
614 864 699 904 isto
722 861 945 917 spoliatos,
969 860 1015 900 in
1038 859 1212 901 vincula
1236 860 1476 915 conjectos,
1495 860 1614 915 [par-

154 922 234 963 tim
256 922 300 963 in
324 921 509 963 vinculis
532 919 744 973 necatos,]
761 919 919 975 partim
934 917 1072 958 securi
1090 931 1315 974 percussos
1337 931 1429 957 esse
1451 917 1614 958 dicent.

156 979 247 1022 Hic
264 980 377 1031 vide,
400 994 531 1035 quam
553 993 622 1019 me
645 978 700 1018 sis
724 992 878 1018 usurus
901 991 1043 1031 aequo.
1089 975 1203 1018 Cum
1225 990 1308 1032 ego
1333 975 1383 1016 P.
1399 974 1614 1016 Granium

158 1046 311 1079 testem
346 1037 610 1094 produxero,
632 1035 706 1091 qui
741 1050 839 1076 suos
870 1034 1048 1075 libertos
1079 1049 1103 1075 a
1140 1043 1182 1075 te
1216 1033 1354 1075 securi
1388 1047 1614 1089 percussos

157 1110 248 1137 esse
266 1096 398 1146 dicat,
420 1094 494 1150 qui
512 1109 537 1135 a
556 1104 597 1135 te
612 1108 765 1134 navem
781 1107 902 1134 suam
919 1106 1168 1147 mercesque
1191 1100 1382 1148 repetat:
1415 1089 1615 1141 refellito,

158 1153 192 1194 si
217 1153 405 1210 poteris:
439 1166 584 1193 meum
608 1161 763 1193 testem
785 1152 995 1200 deseram,
1022 1150 1102 1191 tibi
1126 1150 1307 1191 favebo:
1341 1159 1398 1199 te,
1422 1148 1616 1203 inquam,

156 1210 397 1267 adjuvabo:
432 1210 666 1261 ostendito,
689 1209 784 1252 illos
804 1223 904 1250 cum
930 1208 1122 1249 Sertorio
1145 1207 1291 1259 fuisse,
1315 1222 1340 1247 a
1364 1206 1526 1248 'Dianio
1547 1206 1616 1247 fu-

158 1269 329 1326 gientes
352 1269 406 1310 ad
429 1268 622 1309 Siciliam
645 1282 736 1309 esse
769 1266 951 1309 delatos.
1012 1265 1137 1306 Nihil
1166 1275 1246 1317 est,
1263 1265 1379 1321 quod
1404 1274 1445 1305 te
1467 1263 1616 1305 malim
1628 1270 1659 1301 b·

160 1328 359 1384 probare.
396 1326 561 1368 nullum
595 1326 712 1367 enim
742 1325 926 1375 facium,
962 1324 1079 1379 quod
1111 1323 1275 1378 majore
1312 1322 1527 1379 supplicio
1549 1322 1616 1363 di-

161 1400 298 1442 gnum
329 1385 398 1436 sit,
431 1384 624 1441 reperiri,
658 1398 798 1439 neque
831 1381 1013 1439 proferri
1048 1391 1207 1438 potest.
1280 1380 1505 1422 Reduc-am
1535 1380 1702 1421 ite-155

159 1458 254 1485 rum
292 1443 484 1499 equitem
520 1441 786 1491 Romanum,
821 1440 870 1481 L.
910 1439 1123 1490 Flavium,
1159 1439 1192 1479 si
1230 1438 1368 1480 voles:
1410 1439 1617 1494 quoniam

161 1502 305 1558 priore
338 1501 525 1550 actione,
559 1510 608 1540 ut
641 1499 812 1556 patroni
848 1498 910 1538 tui
945 1497 1166 1548 dictitant,
1196 1511 1310 1538 nova
1343 1497 1530 1551 quadam
1553 1511 1619 1537 sa-

161 1559 341 1617 pientia,
364 1567 413 1599 ut
435 1572 586 1599 omnes
608 1556 873 1613 intelligunt,
896 1555 1167 1597 conscientia
1197 1565 1286 1605 tua,
1310 1565 1440 1609 atque
1471 1565 1622 1595 aucto-

160 1617 289 1659 ritate
311 1631 506 1668 meorum
531 1615 722 1666 testium,
746 1625 901 1655 testem
934 1613 1099 1654 nullum
1124 1612 1418 1667 interrogasti.
1481 1611 1622 1653 Inter-

161 1683 338 1732 rogetur
370 1674 559 1725 Flavius,
589 1674 624 1714 si
658 1673 790 1724 voles,
812 1672 992 1728 quinam
1027 1670 1158 1712 fuerit
1195 1671 1244 1712 L.
1270 1669 1535 1721 Herennius,
1570 1670 1622 1721 is,

161 1748 291 1790 quem
313 1732 383 1774 ille
405 1732 697 1788 argentariam
721 1731 846 1787 Lepti
881 1730 1035 1771 fecisse
1056 1729 1187 1770 dicit:
1221 1729 1295 1784 qui
1315 1743 1416 1770 cum
1435 1728 1622 1784 amplius

161 1800 337 1832 centum
348 1790 464 1832 cives
489 1789 709 1831 Romanos
727 1789 906 1830 haberet
919 1803 973 1829 ex
992 1797 1211 1829 conventu
1232 1788 1622 1843 Syracusanorum,

163 1849 236 1904 qui
256 1863 354 1890 eurn
374 1863 462 1889 non
485 1847 624 1888 solum
646 1856 977 1903 cognoscerent,
1007 1846 1080 1887 sed
1103 1846 1235 1886 etiam
1260 1846 1546 1901 lacrymantes
1571 1860 1622 1886 ac

164 1917 205 1949 te
228 1906 509 1963 implorantes
524 1905 805 1947 defenderent
824 1923 833 1947 :
867 1914 1012 1946 tamen
1035 1920 1059 1945 a
1082 1914 1138 1954 te,
1159 1902 1507 1959 inspectantibus
1527 1917 1621 1944 orn-

162 1965 291 2007 nibus
324 1963 622 2020 Syracusanis,
648 1963 786 2004 securi
821 1977 1047 2019 percussus
1069 1971 1149 2002 est.
1211 1960 1344 2002 Hunc
1363 1975 1536 2016 quoque
1557 1970 1620 2001 te-

164 2032 273 2066 stem
295 2037 441 2063 meum
463 2021 614 2072 refelli,
637 2030 681 2062 et
714 2021 833 2062 illum
857 2020 1130 2062 Herennium
1156 2019 1454 2060 Sertorianum
1487 2017 1620 2060 fuisse

162 2082 239 2123 abs
265 2079 618 2123 te2demonstrari
654 2089 698 2121 et
732 2079 904 2135 probari
940 2078 1054 2119 volo.
1117 2077 1235 2124 Quid
1255 2077 1308 2118 de
1331 2076 1402 2117 illa
1422 2076 1619 2117 multitu-
1632 2059 1705 2115 60

163 2139 265 2181 dine
297 2138 492 2180 dicemus
522 2152 688 2189 eorum,
709 2137 801 2193 qui,
825 2136 1043 2193 capitibus
1071 2135 1293 2186 involutis,
1316 2135 1360 2175 in
1384 2135 1621 2191 piratarum
1635 2139 1709 2173 156

164 2196 529 2253 captivorumque
562 2210 742 2236 numero
787 2196 1156 2252 producebantur,
1186 2203 1233 2234 ut
1275 2193 1413 2234 securi
1446 2192 1623 2233 feriren-

166 2257 258 2296 tur?
291 2255 404 2302 Quae
426 2254 510 2294 ista
526 2269 641 2295 nova
653 2253 897 2309 diligentia,
912 2267 1043 2308 quam
1063 2253 1120 2293 ob
1137 2265 1312 2294 causam
1336 2252 1376 2282 63
1391 2251 1467 2292 abs
1482 2259 1524 2291 te
1546 2265 1624 2300 ex-⁴

164 2313 383 2369 cogitata?
425 2327 480 2353 an
517 2323 559 2352 te
594 2311 644 2353 L.
680 2311 819 2352 Flavii
853 2319 1184 2366 ceterorumque
1217 2310 1270 2350 de
1312 2308 1362 2350 L.
1399 2307 1626 2350 Herennio

165 2370 422 2413 vociferatio
453 2370 786 2411 commovebat?
826 2384 881 2410 an
922 2368 990 2409 M.
1025 2367 1177 2418 Annii,
1213 2366 1460 2424 gravissimi
1495 2377 1629 2422 atque

162 2427 460 2488 ¹honestissimi
488 2427 583 2479 viri,
606 2441 775 2468 summa
798 2427 1035 2469 auctoritas
1059 2426 1204 2483 paullo
1238 2435 1285 2466 te¹
1302 2424 1629 2482 diligentiorem

166 2604 277 2644 scepit.
322 2604 417 2645 Saepe
430 2604 464 2634 in
478 2604 572 2634 libris
585 2601 658 2634 haec
680 2603 780 2634 verba
795 2611 873 2633 con-
919 2601 952 2632 in
979 2601 1138 2643 exemplis
1167 2600 1322 2640 subjectis
1351 2600 1483 2632 nullum
1510 2607 1561 2632 est
1589 2600 1623 2631 in

163 2647 364 2677 funduntur.
398 2647 491 2677 Vidit
506 2647 689 2677 Lambinus
703 2651 736 2678 et
749 2646 795 2676 sie
808 2645 875 2676 edi·
918 2645 1059 2675 vinculis
1075 2646 1197 2675 necati:
1223 2653 1337 2674 omnes
1351 2644 1457 2674 securi
1479 2643 1625 2685 percussi

168 2689 235 2720 dit:
258 2699 354 2729 quem
371 2696 503 2720 secutus
517 2699 604 2720 suin¹
920 2692 1010 2717 sunt.
1056 2688 1165 2718 Immo
1193 2687 1346 2717 consulto
1375 2687 1482 2727 palam
1509 2696 1624 2717 omnes

210 2733 250 2765 67
284 2733 340 2772 qui
366 2733 495 2771 partim
521 2730 785 2770 socios—dicent]
814 2730 879 2761 Hic
923 2735 1058 2760 necatos
1074 2730 1165 2760 dicit.
1197 2729 1274 2760 ΔΜΞ.
1292 2730 1354 2760 Gn.
1371 2731 1474 2761 etiam
1492 2728 1628 2770 partim

168 2774 261 2805 locus
275 2784 373 2805 sanus
389 2784 456 2805 non
479 2780 542 2812 est,
566 2779 721 2813 caretque
745 2773 880 2812 aequali-
924 2773 1040 2803 liberos
1055 2773 1169 2808 habet,
1185 2777 1261 2812 post
1273 2775 1379 2803 socios.
1412 2771 1422 2778 ⁶

168 2822 240 2848 tate
269 2818 505 2847 membrorum.
572 2817 757 2848 Lambinus
797 2814 881 2846 illud
967 2815 1008 2845 68
1032 2817 1132 2845 abste
1145 2815 1347 2855 excogitata]
1367 2815 1422 2845 Sic
1435 2814 1627 2846 recteeMs.

163 2860 294 2900 partim
310 2860 344 2890 in
359 2861 500 2890 vinculis
514 2864 646 2891 necatos
668 2860 702 2890 in
718 2859 784 2889 Ms.
801 2869 882 2898 quo·
927 2856 1030 2888 edidit
1045 2858 1192 2889 Graevius
1207 2868 1266 2898 pro
1279 2858 1437 2898 cogitata.
1458 2872 1463 2876 ⁷
1483 2857 1630 2888 Censen:

169 2902 245 2934 dam
261 2912 328 2933 non
345 2902 482 2944 reperit,
498 2912 559 2933 nec
576 2902 673 2933 estin
691 2901 802 2932 Guelf.
839 2901 883 2931 Et
928 2901 973 2930 tit
988 2900 1051 2931 Gu.
