<?xml version="1.0" encoding="UTF-8"?>
<!DOCTYPE html PUBLIC "-//W3C//DTD XHTML 1.0 Transitional//EN"
    "http://www.w3.org/TR/xhtml1/DTD/xhtml1-transitional.dtd">
<html xmlns="http://www.w3.org/1999/xhtml" xml:lang="en" lang="en">
 <head>
  <title>
</title>
<meta http-equiv="Content-Type" content="text/html;charset=utf-8" />
  <meta name='ocr-system' content='tesseract 3.04.00' />
  <meta name='ocr-capabilities' content='ocr_page ocr_carea ocr_par ocr_line ocrx_word'/>
</head>
<body>
  <div class='ocr_page' id='page_1' title='image "./p1operaomnia02ciceuoft_0167.png"; bbox 0 0 1907 3231; ppageno 0'>
   <div class='ocr_carea' id='block_1_1' title="bbox 475 100 1539 156">
    <p class='ocr_par' dir='ltr' id='par_1_1' title="bbox 475 100 1539 156">
     <span class='ocr_line' id='line_1_1' title="bbox 475 100 1539 156; baseline 0.001 -1"><span class='ocrx_word' id='word_1_1' title='bbox 475 116 596 155; x_wconf 74' lang='lat' dir='ltr'>Aer.</span> <span class='ocrx_word' id='word_1_2' title='bbox 624 112 675 152; x_wconf 93' lang='lat'>11.</span> <span class='ocrx_word' id='word_1_3' title='bbox 718 109 909 152; x_wconf 77' lang='lat' dir='ltr'>LIBER</span> <span class='ocrx_word' id='word_1_4' title='bbox 935 100 1174 154; x_wconf 77' lang='lat' dir='ltr'>PRIMUS.</span> <span class='ocrx_word' id='word_1_5' title='bbox 1465 120 1539 156; x_wconf 78' lang='lat'>143</span> 
     </span>
    </p>
   </div>
   <div class='ocr_carea' id='block_1_2' title="bbox 99 215 1650 1928">
    <p class='ocr_par' dir='ltr' id='par_1_2' title="bbox 103 215 1650 1071">
     <span class='ocr_line' id='line_1_2' title="bbox 106 215 1624 280; baseline -0.001 -17"><span class='ocrx_word' id='word_1_6' title='bbox 106 215 212 263; x_wconf 85' lang='lat' dir='ltr'>Erat</span> <span class='ocrx_word' id='word_1_7' title='bbox 232 235 375 264; x_wconf 86' lang='lat' dir='ltr'>comes</span> <span class='ocrx_word' id='word_1_8' title='bbox 396 219 488 275; x_wconf 87' lang='lat' dir='ltr'>ejus</span> <span class='ocrx_word' id='word_1_9' title='bbox 512 219 701 260; x_wconf 86' lang='lat' dir='ltr'><strong>Rubrius</strong></span> <span class='ocrx_word' id='word_1_10' title='bbox 723 217 913 273; x_wconf 85' lang='lat' dir='ltr'>quidam,</span> <span class='ocrx_word' id='word_1_11' title='bbox 943 217 1075 258; x_wconf 86' lang='lat' dir='ltr'>homo</span> <span class='ocrx_word' id='word_1_12' title='bbox 1100 217 1238 259; x_wconf 85' lang='lat' dir='ltr'>factus</span> <span class='ocrx_word' id='word_1_13' title='bbox 1261 218 1312 259; x_wconf 88' lang='lat' dir='ltr'>ad</span> <span class='ocrx_word' id='word_1_14' title='bbox 1343 220 1464 261; x_wconf 88' lang='lat' dir='ltr'>istius</span> <span class='ocrx_word' id='word_1_15' title='bbox 1487 220 1537 261; x_wconf 92' lang='lat' dir='ltr'>li-</span> <span class='ocrx_word' id='word_1_16' title='bbox 1554 230 1624 280; x_wconf 68' lang='lat'>25</span> 
     </span>
     <span class='ocr_line' id='line_1_3' title="bbox 107 275 1602 336; baseline -0.001 -17"><span class='ocrx_word' id='word_1_17' title='bbox 107 279 289 330; x_wconf 89' lang='lat' dir='ltr'>bidines,</span> <span class='ocrx_word' id='word_1_18' title='bbox 319 278 391 333; x_wconf 90' lang='lat' dir='ltr'>qui</span> <span class='ocrx_word' id='word_1_19' title='bbox 430 277 538 317; x_wconf 88' lang='lat' dir='ltr'>miro</span> <span class='ocrx_word' id='word_1_20' title='bbox 580 276 778 325; x_wconf 87' lang='lat' dir='ltr'>artificiO,</span> <span class='ocrx_word' id='word_1_21' title='bbox 809 289 1081 329; x_wconf 84' lang='lat' dir='ltr'>quocumque</span> <span class='ocrx_word' id='word_1_22' title='bbox 1123 284 1310 325; x_wconf 85' lang='lat' dir='ltr'>venerat,</span> <span class='ocrx_word' id='word_1_23' title='bbox 1345 275 1439 318; x_wconf 84' lang='lat' dir='ltr'>haec</span> <span class='ocrx_word' id='word_1_24' title='bbox 1473 278 1538 317; x_wconf 83' lang='lat' dir='ltr'>in·</span> <span class='ocrx_word' id='word_1_25' title='bbox 1552 304 1602 336; x_wconf 61' lang='lat'>64</span> 
     </span>
     <span class='ocr_line' id='line_1_4' title="bbox 106 331 1540 391; baseline -0.001 -15"><span class='ocrx_word' id='word_1_26' title='bbox 106 337 319 391; x_wconf 83' lang='lat' dir='ltr'>vestigare</span> <span class='ocrx_word' id='word_1_27' title='bbox 340 334 485 374; x_wconf 87' lang='lat' dir='ltr'>omnia</span> <span class='ocrx_word' id='word_1_28' title='bbox 507 333 685 374; x_wconf 82' lang='lat' dir='ltr'>solebat.</span> <span class='ocrx_word' id='word_1_29' title='bbox 740 331 782 372; x_wconf 94' lang='lat' dir='ltr'>Is</span> <span class='ocrx_word' id='word_1_30' title='bbox 804 331 856 372; x_wconf 86' lang='lat' dir='ltr'>ad</span> <span class='ocrx_word' id='word_1_31' title='bbox 879 346 976 372; x_wconf 90' lang='lat' dir='ltr'>eum</span> <span class='ocrx_word' id='word_1_32' title='bbox 996 346 1083 372; x_wconf 90' lang='lat' dir='ltr'>rem</span> <span class='ocrx_word' id='word_1_33' title='bbox 1103 332 1229 373; x_wconf 82' lang='lat' dir='ltr'>istam</span> <span class='ocrx_word' id='word_1_34' title='bbox 1248 331 1410 374; x_wconf 87' lang='lat' dir='ltr'>defert:</span> <span class='ocrx_word' id='word_1_35' title='bbox 1436 332 1540 374; x_wconf 81' lang='lat' dir='ltr'>Phi-</span> 
     </span>
     <span class='ocr_line' id='line_1_5' title="bbox 105 388 1540 445; baseline -0.003 -11"><span class='ocrx_word' id='word_1_36' title='bbox 105 391 322 434; x_wconf 89' lang='lat' dir='ltr'>lodamum</span> <span class='ocrx_word' id='word_1_37' title='bbox 345 405 436 431; x_wconf 90' lang='lat' dir='ltr'>esse</span> <span class='ocrx_word' id='word_1_38' title='bbox 464 390 692 444; x_wconf 81' lang='lat' dir='ltr'>quendam,</span> <span class='ocrx_word' id='word_1_39' title='bbox 723 399 892 445; x_wconf 80' lang='lat' dir='ltr'><strong>genere,</strong></span> <span class='ocrx_word' id='word_1_40' title='bbox 925 388 1104 439; x_wconf 86' lang='lat' dir='ltr'>honore,</span> <span class='ocrx_word' id='word_1_41' title='bbox 1135 389 1286 445; x_wconf 89' lang='lat' dir='ltr'>copiis,</span> <span class='ocrx_word' id='word_1_42' title='bbox 1318 389 1540 429; x_wconf 86' lang='lat' dir='ltr'>existima-</span> 
     </span>
     <span class='ocr_line' id='line_1_6' title="bbox 106 445 1650 503; baseline -0.001 -14"><span class='ocrx_word' id='word_1_43' title='bbox 106 449 224 489; x_wconf 85' lang='lat' dir='ltr'>tione</span> <span class='ocrx_word' id='word_1_44' title='bbox 261 447 385 489; x_wconf 85' lang='lat' dir='ltr'>facile</span> <span class='ocrx_word' id='word_1_45' title='bbox 423 448 662 503; x_wconf 81' lang='lat' dir='ltr'>principem</span> <span class='ocrx_word' id='word_1_46' title='bbox 695 446 1106 500; x_wconf 78' lang='lat' dir='ltr'>Lampsacenorum:</span> <span class='ocrx_word' id='word_1_47' title='bbox 1139 446 1231 501; x_wconf 86' lang='lat' dir='ltr'>ejus</span> <span class='ocrx_word' id='word_1_48' title='bbox 1264 460 1355 486; x_wconf 85' lang='lat' dir='ltr'>esse</span> <span class='ocrx_word' id='word_1_49' title='bbox 1393 445 1650 497; x_wconf 74' lang='lat' dir='ltr'>filia1n,p.89.</span> 
     </span>
     <span class='ocr_line' id='line_1_7' title="bbox 106 503 1583 561; baseline -0.002 -15"><span class='ocrx_word' id='word_1_50' title='bbox 106 521 202 561; x_wconf 86' lang='lat' dir='ltr'>quae</span> <span class='ocrx_word' id='word_1_51' title='bbox 225 520 323 546; x_wconf 87' lang='lat' dir='ltr'>cum</span> <span class='ocrx_word' id='word_1_52' title='bbox 347 513 466 560; x_wconf 87' lang='lat' dir='ltr'>patre</span> <span class='ocrx_word' id='word_1_53' title='bbox 497 504 724 554; x_wconf 80' lang='lat' dir='ltr'>habitaret,</span> <span class='ocrx_word' id='word_1_54' title='bbox 756 512 982 558; x_wconf 82' lang='lat' dir='ltr'>propterea</span> <span class='ocrx_word' id='word_1_55' title='bbox 1002 503 1117 557; x_wconf 90' lang='lat' dir='ltr'>quod</span> <span class='ocrx_word' id='word_1_56' title='bbox 1141 505 1279 544; x_wconf 90' lang='lat' dir='ltr'>virum</span> <span class='ocrx_word' id='word_1_57' title='bbox 1301 517 1387 543; x_wconf 89' lang='lat' dir='ltr'>non</span> <span class='ocrx_word' id='word_1_58' title='bbox 1410 503 1541 543; x_wconf 88' lang='lat' dir='ltr'>habe-</span> <span class='ocrx_word' id='word_1_59' title='bbox 1553 512 1583 532; x_wconf 87' lang='lat' dir='ltr'>a.</span> 
     </span>
     <span class='ocr_line' id='line_1_8' title="bbox 105 559 1543 616; baseline -0.003 -13"><span class='ocrx_word' id='word_1_60' title='bbox 105 571 184 612; x_wconf 85' lang='lat' dir='ltr'>ret,</span> <span class='ocrx_word' id='word_1_61' title='bbox 206 562 425 603; x_wconf 89' lang='lat' dir='ltr'>mulierem</span> <span class='ocrx_word' id='word_1_62' title='bbox 449 561 609 601; x_wconf 75' lang='lat' dir='ltr'>eximia</span> <span class='ocrx_word' id='word_1_63' title='bbox 631 559 977 616; x_wconf 82' lang='lat' dir='ltr'>pulchritudine3</span> <span class='ocrx_word' id='word_1_64' title='bbox 1009 560 1081 601; x_wconf 85' lang='lat' dir='ltr'>sed</span> <span class='ocrx_word' id='word_1_65' title='bbox 1111 575 1203 601; x_wconf 89' lang='lat' dir='ltr'>eam</span> <span class='ocrx_word' id='word_1_66' title='bbox 1234 574 1401 600; x_wconf 86' lang='lat' dir='ltr'>summa</span> <span class='ocrx_word' id='word_1_67' title='bbox 1433 560 1543 600; x_wconf 88' lang='lat' dir='ltr'>inte-</span> 
     </span>
     <span class='ocr_line' id='line_1_9' title="bbox 105 616 1565 674; baseline -0.003 -15"><span class='ocrx_word' id='word_1_68' title='bbox 105 617 262 674; x_wconf 84' lang='lat' dir='ltr'>gritate</span> <span class='ocrx_word' id='word_1_69' title='bbox 303 618 596 674; x_wconf 79' lang='lat' dir='ltr'>pudicitiaque</span> <span class='ocrx_word' id='word_1_70' title='bbox 633 617 887 658; x_wconf 82' lang='lat' dir='ltr'>existimari.</span> <span class='ocrx_word' id='word_1_71' title='bbox 949 616 1113 667; x_wconf 85' lang='lat' dir='ltr'>Homo,</span> <span class='ocrx_word' id='word_1_72' title='bbox 1144 627 1191 658; x_wconf 89' lang='lat' dir='ltr'>ut</span> <span class='ocrx_word' id='word_1_73' title='bbox 1232 617 1328 658; x_wconf 83' lang='lat' dir='ltr'>haec</span> <span class='ocrx_word' id='word_1_74' title='bbox 1361 617 1565 669; x_wconf 85' lang='lat' dir='ltr'>audivit,.</span> 
     </span>
     <span class='ocr_line' id='line_1_10' title="bbox 106 672 1544 729; baseline -0.002 -13"><span class='ocrx_word' id='word_1_75' title='bbox 106 675 167 717; x_wconf 89' lang='lat' dir='ltr'>sic</span> <span class='ocrx_word' id='word_1_76' title='bbox 188 675 349 716; x_wconf 84' lang='lat' dir='ltr'>exarsit</span> <span class='ocrx_word' id='word_1_77' title='bbox 370 675 422 715; x_wconf 86' lang='lat' dir='ltr'>ad</span> <span class='ocrx_word' id='word_1_78' title='bbox 456 675 513 725; x_wconf 87' lang='lat' dir='ltr'>id,</span> <span class='ocrx_word' id='word_1_79' title='bbox 544 675 658 729; x_wconf 89' lang='lat' dir='ltr'>quod</span> <span class='ocrx_word' id='word_1_80' title='bbox 689 689 773 714; x_wconf 92' lang='lat' dir='ltr'>non</span> <span class='ocrx_word' id='word_1_81' title='bbox 809 672 939 713; x_wconf 84' lang='lat' dir='ltr'>modo</span> <span class='ocrx_word' id='word_1_82' title='bbox 970 674 1060 729; x_wconf 89' lang='lat' dir='ltr'>ipse</span> <span class='ocrx_word' id='word_1_83' title='bbox 1094 689 1329 729; x_wconf 84' lang='lat' dir='ltr'><strong>numquam</strong></span> <span class='ocrx_word' id='word_1_84' title='bbox 1363 673 1544 724; x_wconf 83' lang='lat' dir='ltr'>viderat,</span> 
     </span>
     <span class='ocr_line' id='line_1_11' title="bbox 105 730 1545 786; baseline -0.001 -14"><span class='ocrx_word' id='word_1_85' title='bbox 105 732 178 772; x_wconf 85' lang='lat' dir='ltr'>sed</span> <span class='ocrx_word' id='word_1_86' title='bbox 201 747 253 773; x_wconf 90' lang='lat' dir='ltr'>ne</span> <span class='ocrx_word' id='word_1_87' title='bbox 276 732 466 773; x_wconf 79' lang='lat' dir='ltr'>audierat</span> <span class='ocrx_word' id='word_1_88' title='bbox 488 733 660 786; x_wconf 88' lang='lat' dir='ltr'>quidem</span> <span class='ocrx_word' id='word_1_89' title='bbox 691 732 744 771; x_wconf 86' lang='lat' dir='ltr'>ab</span> <span class='ocrx_word' id='word_1_90' title='bbox 777 744 843 779; x_wconf 82' lang='lat' dir='ltr'>cO,</span> <span class='ocrx_word' id='word_1_91' title='bbox 874 730 947 784; x_wconf 91' lang='lat' dir='ltr'>qui</span> <span class='ocrx_word' id='word_1_92' title='bbox 974 730 1064 785; x_wconf 90' lang='lat' dir='ltr'>ipse</span> <span class='ocrx_word' id='word_1_93' title='bbox 1097 731 1288 782; x_wconf 76' lang='lat' dir='ltr'>vidisset,</span> <span class='ocrx_word' id='word_1_94' title='bbox 1320 739 1367 771; x_wconf 87' lang='lat' dir='ltr'>ut</span> <span class='ocrx_word' id='word_1_95' title='bbox 1399 731 1545 771; x_wconf 88' lang='lat' dir='ltr'>statim</span> 
     </span>
     <span class='ocr_line' id='line_1_12' title="bbox 104 787 1545 843; baseline -0.001 -14"><span class='ocrx_word' id='word_1_96' title='bbox 104 789 157 830; x_wconf 86' lang='lat' dir='ltr'>ad</span> <span class='ocrx_word' id='word_1_97' title='bbox 183 789 485 829; x_wconf 84' lang='lat' dir='ltr'>Philodamum</span> <span class='ocrx_word' id='word_1_98' title='bbox 509 789 692 843; x_wconf 83' lang='lat' dir='ltr'>migrare</span> <span class='ocrx_word' id='word_1_99' title='bbox 717 801 760 827; x_wconf 88' lang='lat' dir='ltr'>se</span> <span class='ocrx_word' id='word_1_100' title='bbox 793 787 955 827; x_wconf 83' lang='lat' dir='ltr'>(liceret</span> <span class='ocrx_word' id='word_1_101' title='bbox 977 787 1097 827; x_wconf 86' lang='lat' dir='ltr'>velle.</span> <span class='ocrx_word' id='word_1_102' title='bbox 1161 788 1334 843; x_wconf 87' lang='lat' dir='ltr'>Hospes</span> <span class='ocrx_word' id='word_1_103' title='bbox 1357 787 1545 839; x_wconf 81' lang='lat' dir='ltr'>Janitor,</span> 
     </span>
     <span class='ocr_line' id='line_1_13' title="bbox 103 844 1546 901; baseline -0.001 -15"><span class='ocrx_word' id='word_1_104' title='bbox 103 846 176 900; x_wconf 87' lang='lat' dir='ltr'>qui</span> <span class='ocrx_word' id='word_1_105' title='bbox 200 846 308 886; x_wconf 89' lang='lat' dir='ltr'>nihil</span> <span class='ocrx_word' id='word_1_106' title='bbox 331 846 629 901; x_wconf 84' lang='lat' dir='ltr'>suspicaretur,</span> <span class='ocrx_word' id='word_1_107' title='bbox 662 844 836 892; x_wconf 81' lang='lat' dir='ltr'>veritus,</span> <span class='ocrx_word' id='word_1_108' title='bbox 878 844 917 873; x_wconf 78' lang='lat'>56</span> <span class='ocrx_word' id='word_1_109' title='bbox 932 858 984 883; x_wconf 87' lang='lat' dir='ltr'>ne</span> <span class='ocrx_word' id='word_1_110' title='bbox 1013 844 1116 898; x_wconf 89' lang='lat' dir='ltr'>quid</span> <span class='ocrx_word' id='word_1_111' title='bbox 1151 845 1192 885; x_wconf 88' lang='lat' dir='ltr'>in</span> <span class='ocrx_word' id='word_1_112' title='bbox 1227 845 1320 900; x_wconf 88' lang='lat' dir='ltr'>ipso</span> <span class='ocrx_word' id='word_1_113' title='bbox 1344 859 1387 884; x_wconf 87' lang='lat' dir='ltr'>se</span> <span class='ocrx_word' id='word_1_114' title='bbox 1410 844 1546 885; x_wconf 82' lang='lat' dir='ltr'>offen-</span> 
     </span>
     <span class='ocr_line' id='line_1_14' title="bbox 104 899 1546 957; baseline -0.002 -13"><span class='ocrx_word' id='word_1_115' title='bbox 104 903 289 953; x_wconf 86' lang='lat' dir='ltr'>deretur,</span> <span class='ocrx_word' id='word_1_116' title='bbox 320 902 538 943; x_wconf 87' lang='lat' dir='ltr'>hominem</span> <span class='ocrx_word' id='word_1_117' title='bbox 562 916 727 942; x_wconf 84' lang='lat' dir='ltr'>summa</span> <span class='ocrx_word' id='word_1_118' title='bbox 749 901 790 941; x_wconf 83' lang='lat' dir='ltr'>vi</span> <span class='ocrx_word' id='word_1_119' title='bbox 814 899 998 941; x_wconf 84' lang='lat' dir='ltr'>retinere</span> <span class='ocrx_word' id='word_1_120' title='bbox 1021 902 1173 957; x_wconf 81' lang='lat' dir='ltr'>coepit.</span> <span class='ocrx_word' id='word_1_121' title='bbox 1227 901 1330 952; x_wconf 86' lang='lat' dir='ltr'>Iste,</span> <span class='ocrx_word' id='word_1_122' title='bbox 1353 902 1425 955; x_wconf 91' lang='lat' dir='ltr'>qui</span> <span class='ocrx_word' id='word_1_123' title='bbox 1447 901 1546 947; x_wconf 83' lang='lat' dir='ltr'>hos-</span> 
     </span>
     <span class='ocr_line' id='line_1_15' title="bbox 104 957 1546 1015; baseline -0.001 -15"><span class='ocrx_word' id='word_1_124' title='bbox 104 960 206 1015; x_wconf 87' lang='lat' dir='ltr'>pitis</span> <span class='ocrx_word' id='word_1_125' title='bbox 228 959 491 1015; x_wconf 83' lang='lat' dir='ltr'>relinquendi</span> <span class='ocrx_word' id='word_1_126' title='bbox 515 973 686 1000; x_wconf 86' lang='lat' dir='ltr'>causam</span> <span class='ocrx_word' id='word_1_127' title='bbox 708 957 893 1013; x_wconf 86' lang='lat' dir='ltr'>reperire</span> <span class='ocrx_word' id='word_1_128' title='bbox 927 972 1012 998; x_wconf 90' lang='lat' dir='ltr'>non</span> <span class='ocrx_word' id='word_1_129' title='bbox 1044 967 1203 1013; x_wconf 84' lang='lat' dir='ltr'>posset,</span> <span class='ocrx_word' id='word_1_130' title='bbox 1234 958 1316 998; x_wconf 85' lang='lat' dir='ltr'>alia</span> <span class='ocrx_word' id='word_1_131' title='bbox 1338 958 1419 998; x_wconf 84' lang='lat' dir='ltr'>sibi</span> <span class='ocrx_word' id='word_1_132' title='bbox 1444 958 1546 998; x_wconf 88' lang='lat' dir='ltr'>rati-</span> 
     </span>
     <span class='ocr_line' id='line_1_16' title="bbox 104 1013 1545 1071; baseline -0.002 -14"><span class='ocrx_word' id='word_1_133' title='bbox 104 1031 186 1058; x_wconf 86' lang='lat' dir='ltr'>one</span> <span class='ocrx_word' id='word_1_134' title='bbox 203 1018 312 1058; x_wconf 83' lang='lat' dir='ltr'>viam</span> <span class='ocrx_word' id='word_1_135' title='bbox 332 1016 498 1057; x_wconf 87' lang='lat' dir='ltr'>munire</span> <span class='ocrx_word' id='word_1_136' title='bbox 516 1016 568 1057; x_wconf 90' lang='lat' dir='ltr'>ad</span> <span class='ocrx_word' id='word_1_137' title='bbox 589 1027 783 1071; x_wconf 78' lang='lat' dir='ltr'>stuprum</span> <span class='ocrx_word' id='word_1_138' title='bbox 804 1013 966 1069; x_wconf 81' lang='lat' dir='ltr'>coepit:</span> <span class='ocrx_word' id='word_1_139' title='bbox 993 1014 1222 1066; x_wconf 80' lang='lat' dir='ltr'>Rubrium,</span> <span class='ocrx_word' id='word_1_140' title='bbox 1242 1016 1415 1056; x_wconf 81' lang='lat' dir='ltr'>delicias</span> <span class='ocrx_word' id='word_1_141' title='bbox 1434 1030 1545 1066; x_wconf 80' lang='lat' dir='ltr'>suas,</span> 
     </span>
    </p>

    <p class='ocr_par' dir='ltr' id='par_1_3' title="bbox 102 1071 1600 1352">
     <span class='ocr_line' id='line_1_17' title="bbox 103 1071 1543 1127; baseline -0.001 -13"><span class='ocrx_word' id='word_1_142' title='bbox 103 1074 146 1114; x_wconf 89' lang='lat' dir='ltr'>in</span> <span class='ocrx_word' id='word_1_143' title='bbox 181 1075 379 1114; x_wconf 83' lang='lat' dir='ltr'>omnibus</span> <span class='ocrx_word' id='word_1_144' title='bbox 409 1073 622 1127; x_wconf 79' lang='lat' dir='ltr'>ejusmodi</span> <span class='ocrx_word' id='word_1_145' title='bbox 653 1072 777 1112; x_wconf 89' lang='lat' dir='ltr'>rebus</span> <span class='ocrx_word' id='word_1_146' title='bbox 809 1071 1048 1125; x_wconf 81' lang='lat' dir='ltr'>adjutorem</span> <span class='ocrx_word' id='word_1_147' title='bbox 1085 1087 1206 1113; x_wconf 88' lang='lat' dir='ltr'>suum</span> <span class='ocrx_word' id='word_1_148' title='bbox 1235 1082 1278 1113; x_wconf 88' lang='lat' dir='ltr'>et</span> <span class='ocrx_word' id='word_1_149' title='bbox 1305 1073 1543 1124; x_wconf 85' lang='lat' dir='ltr'>conscium,</span> 
     </span>
     <span class='ocr_line' id='line_1_18' title="bbox 103 1127 1539 1186; baseline -0.001 -15"><span class='ocrx_word' id='word_1_150' title='bbox 103 1145 254 1186; x_wconf 89' lang='lat' dir='ltr'>parum</span> <span class='ocrx_word' id='word_1_151' title='bbox 277 1131 390 1171; x_wconf 87' lang='lat' dir='ltr'>laute</span> <span class='ocrx_word' id='word_1_152' title='bbox 422 1130 625 1170; x_wconf 89' lang='lat' dir='ltr'>diversari</span> <span class='ocrx_word' id='word_1_153' title='bbox 652 1129 783 1170; x_wconf 87' lang='lat' dir='ltr'>dicit:</span> <span class='ocrx_word' id='word_1_154' title='bbox 817 1128 869 1168; x_wconf 85' lang='lat' dir='ltr'>ad</span> <span class='ocrx_word' id='word_1_155' title='bbox 894 1127 1196 1170; x_wconf 80' lang='lat' dir='ltr'>Philodamum</span> <span class='ocrx_word' id='word_1_156' title='bbox 1226 1130 1377 1170; x_wconf 86' lang='lat' dir='ltr'>deduci</span> <span class='ocrx_word' id='word_1_157' title='bbox 1395 1129 1539 1184; x_wconf 82' lang='lat' dir='ltr'>jubet.</span> 
     </span>
     <span class='ocr_line' id='line_1_19' title="bbox 105 1186 1600 1242; baseline -0.001 -14"><span class='ocrx_word' id='word_1_158' title='bbox 105 1188 235 1234; x_wconf 81' lang='lat' dir='ltr'>Quod</span> <span class='ocrx_word' id='word_1_159' title='bbox 258 1188 333 1229; x_wconf 85' lang='lat' dir='ltr'>ubi</span> <span class='ocrx_word' id='word_1_160' title='bbox 365 1197 430 1228; x_wconf 86' lang='lat' dir='ltr'>est</span> <span class='ocrx_word' id='word_1_161' title='bbox 462 1187 717 1228; x_wconf 87' lang='lat' dir='ltr'>Philodamo</span> <span class='ocrx_word' id='word_1_162' title='bbox 747 1186 1012 1236; x_wconf 85' lang='lat' dir='ltr'>nunciatum,</span> <span class='ocrx_word' id='word_1_163' title='bbox 1046 1187 1214 1227; x_wconf 78' lang='lat' dir='ltr'>tametsi</span> <span class='ocrx_word' id='word_1_164' title='bbox 1238 1196 1328 1227; x_wconf 83' lang='lat' dir='ltr'>erat</span> <span class='ocrx_word' id='word_1_165' title='bbox 1349 1187 1538 1242; x_wconf 80' lang='lat' dir='ltr'>ignarus,</span> <span class='ocrx_word' id='word_1_166' title='bbox 1551 1206 1600 1241; x_wconf 77' lang='lat'>65</span> 
     </span>
     <span class='ocr_line' id='line_1_20' title="bbox 102 1242 1540 1301; baseline -0.001 -16"><span class='ocrx_word' id='word_1_167' title='bbox 102 1253 312 1301; x_wconf 90' lang='lat' dir='ltr'>quantum</span> <span class='ocrx_word' id='word_1_168' title='bbox 335 1245 416 1284; x_wconf 89' lang='lat' dir='ltr'>sibi</span> <span class='ocrx_word' id='word_1_169' title='bbox 439 1260 488 1285; x_wconf 85' lang='lat' dir='ltr'>ac</span> <span class='ocrx_word' id='word_1_170' title='bbox 510 1245 653 1300; x_wconf 77' lang='lat' dir='ltr'>liberis</span> <span class='ocrx_word' id='word_1_171' title='bbox 677 1243 762 1283; x_wconf 88' lang='lat' dir='ltr'>suis</span> <span class='ocrx_word' id='word_1_172' title='bbox 785 1242 922 1296; x_wconf 75' lang='lat' dir='ltr'>57jam</span> <span class='ocrx_word' id='word_1_173' title='bbox 949 1253 1039 1283; x_wconf 89' lang='lat' dir='ltr'>tum</span> <span class='ocrx_word' id='word_1_174' title='bbox 1070 1244 1170 1284; x_wconf 85' lang='lat' dir='ltr'>mali</span> <span class='ocrx_word' id='word_1_175' title='bbox 1193 1244 1540 1294; x_wconf 84' lang='lat' dir='ltr'>constitueretur,</span> 
     </span>
     <span class='ocr_line' id='line_1_21' title="bbox 103 1298 1539 1352; baseline -0.001 -10"><span class='ocrx_word' id='word_1_176' title='bbox 103 1312 247 1343; x_wconf 87' lang='lat' dir='ltr'>tamen</span> <span class='ocrx_word' id='word_1_177' title='bbox 266 1302 319 1342; x_wconf 87' lang='lat' dir='ltr'>ad</span> <span class='ocrx_word' id='word_1_178' title='bbox 339 1302 468 1341; x_wconf 90' lang='lat' dir='ltr'>istum</span> <span class='ocrx_word' id='word_1_179' title='bbox 489 1301 629 1352; x_wconf 79' lang='lat' dir='ltr'>venit3</span> <span class='ocrx_word' id='word_1_180' title='bbox 661 1298 862 1348; x_wconf 85' lang='lat' dir='ltr'>ostendit,</span> <span class='ocrx_word' id='word_1_181' title='bbox 882 1313 1036 1342; x_wconf 89' lang='lat' dir='ltr'>munus</span> <span class='ocrx_word' id='word_1_182' title='bbox 1057 1301 1157 1341; x_wconf 88' lang='lat' dir='ltr'>illud</span> <span class='ocrx_word' id='word_1_183' title='bbox 1179 1315 1302 1341; x_wconf 85' lang='lat' dir='ltr'>suurn</span> <span class='ocrx_word' id='word_1_184' title='bbox 1321 1315 1408 1341; x_wconf 88' lang='lat' dir='ltr'>non</span> <span class='ocrx_word' id='word_1_185' title='bbox 1426 1315 1539 1342; x_wconf 86' lang='lat' dir='ltr'>esse:</span> 
     </span>
    </p>

    <p class='ocr_par' dir='ltr' id='par_1_4' title="bbox 99 1355 1623 1928">
     <span class='ocr_line' id='line_1_22' title="bbox 102 1355 1542 1413; baseline -0.001 -14"><span class='ocrx_word' id='word_1_186' title='bbox 102 1373 160 1410; x_wconf 87' lang='lat' dir='ltr'>se,</span> <span class='ocrx_word' id='word_1_187' title='bbox 198 1373 297 1399; x_wconf 90' lang='lat' dir='ltr'>cum</span> <span class='ocrx_word' id='word_1_188' title='bbox 331 1373 417 1399; x_wconf 84' lang='lat' dir='ltr'>suae</span> <span class='ocrx_word' id='word_1_189' title='bbox 452 1367 592 1413; x_wconf 83' lang='lat' dir='ltr'>partes</span> <span class='ocrx_word' id='word_1_190' title='bbox 631 1367 772 1397; x_wconf 89' lang='lat' dir='ltr'>essent</span> <span class='ocrx_word' id='word_1_191' title='bbox 804 1355 1024 1411; x_wconf 85' lang='lat' dir='ltr'>hospitum</span> <span class='ocrx_word' id='word_1_192' title='bbox 1058 1357 1417 1413; x_wconf 87' lang='lat' dir='ltr'>recipiendorum,</span> <span class='ocrx_word' id='word_1_193' title='bbox 1449 1367 1542 1398; x_wconf 89' lang='lat' dir='ltr'>tum</span> 
     </span>
     <span class='ocr_line' id='line_1_23' title="bbox 101 1413 1542 1471; baseline -0.001 -15"><span class='ocrx_word' id='word_1_194' title='bbox 101 1416 216 1471; x_wconf 91' lang='lat' dir='ltr'>ipsos</span> <span class='ocrx_word' id='word_1_195' title='bbox 240 1424 382 1456; x_wconf 89' lang='lat' dir='ltr'>tamen</span> <span class='ocrx_word' id='word_1_196' title='bbox 405 1424 608 1470; x_wconf 85' lang='lat' dir='ltr'>praetores</span> <span class='ocrx_word' id='word_1_197' title='bbox 638 1424 681 1455; x_wconf 87' lang='lat' dir='ltr'>et</span> <span class='ocrx_word' id='word_1_198' title='bbox 714 1413 923 1464; x_wconf 59' lang='lat' dir='ltr'>consules„</span> <span class='ocrx_word' id='word_1_199' title='bbox 954 1428 1041 1454; x_wconf 88' lang='lat' dir='ltr'>non</span> <span class='ocrx_word' id='word_1_200' title='bbox 1074 1415 1313 1470; x_wconf 82' lang='lat' dir='ltr'>legatorum</span> <span class='ocrx_word' id='word_1_201' title='bbox 1347 1415 1542 1465; x_wconf 85' lang='lat' dir='ltr'>asseclas,</span> 
     </span>
     <span class='ocr_line' id='line_1_24' title="bbox 103 1471 1540 1528; baseline -0.001 -15"><span class='ocrx_word' id='word_1_202' title='bbox 103 1473 292 1528; x_wconf 88' lang='lat' dir='ltr'>recipere</span> <span class='ocrx_word' id='word_1_203' title='bbox 314 1472 462 1512; x_wconf 88' lang='lat' dir='ltr'>solere.</span> <span class='ocrx_word' id='word_1_204' title='bbox 524 1471 625 1523; x_wconf 87' lang='lat' dir='ltr'>Iste,</span> <span class='ocrx_word' id='word_1_205' title='bbox 657 1471 730 1526; x_wconf 90' lang='lat' dir='ltr'>qui</span> <span class='ocrx_word' id='word_1_206' title='bbox 761 1485 847 1511; x_wconf 86' lang='lat' dir='ltr'>una</span> <span class='ocrx_word' id='word_1_207' title='bbox 876 1471 1114 1526; x_wconf 88' lang='lat' dir='ltr'>cupiditate</span> <span class='ocrx_word' id='word_1_208' title='bbox 1136 1482 1367 1527; x_wconf 84' lang='lat' dir='ltr'>raperetur,</span> <span class='ocrx_word' id='word_1_209' title='bbox 1400 1481 1540 1513; x_wconf 89' lang='lat' dir='ltr'>totum</span> 
     </span>
     <span class='ocr_line' id='line_1_25' title="bbox 100 1527 1537 1585; baseline -0.001 -15"><span class='ocrx_word' id='word_1_210' title='bbox 100 1529 212 1570; x_wconf 87' lang='lat' dir='ltr'>illius</span> <span class='ocrx_word' id='word_1_211' title='bbox 236 1529 498 1585; x_wconf 89' lang='lat' dir='ltr'>postulatum</span> <span class='ocrx_word' id='word_1_212' title='bbox 522 1542 779 1583; x_wconf 84' lang='lat' dir='ltr'>causamque</span> <span class='ocrx_word' id='word_1_213' title='bbox 800 1527 1018 1582; x_wconf 76' lang='lat' dir='ltr'>neglexit:</span> <span class='ocrx_word' id='word_1_214' title='bbox 1051 1543 1126 1584; x_wconf 78' lang='lat' dir='ltr'>per</span> <span class='ocrx_word' id='word_1_215' title='bbox 1149 1529 1234 1569; x_wconf 83' lang='lat' dir='ltr'>vim</span> <span class='ocrx_word' id='word_1_216' title='bbox 1258 1529 1310 1569; x_wconf 88' lang='lat' dir='ltr'>ad</span> <span class='ocrx_word' id='word_1_217' title='bbox 1333 1543 1448 1579; x_wconf 87' lang='lat' dir='ltr'>eum,</span> <span class='ocrx_word' id='word_1_218' title='bbox 1465 1529 1537 1583; x_wconf 91' lang='lat' dir='ltr'>qui</span> 
     </span>
     <span class='ocr_line' id='line_1_26' title="bbox 101 1581 1623 1642; baseline -0.001 -15"><span class='ocrx_word' id='word_1_219' title='bbox 101 1587 291 1642; x_wconf 86' lang='lat' dir='ltr'>recipere</span> <span class='ocrx_word' id='word_1_220' title='bbox 332 1601 419 1627; x_wconf 91' lang='lat' dir='ltr'>non</span> <span class='ocrx_word' id='word_1_221' title='bbox 458 1586 657 1637; x_wconf 89' lang='lat' dir='ltr'>debebat,</span> <span class='ocrx_word' id='word_1_222' title='bbox 690 1584 905 1626; x_wconf 81' lang='lat' dir='ltr'>Rubrium</span> <span class='ocrx_word' id='word_1_223' title='bbox 948 1585 1102 1626; x_wconf 86' lang='lat' dir='ltr'>deduci</span> <span class='ocrx_word' id='word_1_224' title='bbox 1144 1586 1388 1642; x_wconf 88' lang='lat' dir='ltr'>imperavit.</span> <span class='ocrx_word' id='word_1_225' title='bbox 1449 1586 1538 1627; x_wconf 89' lang='lat' dir='ltr'>Hic</span> <span class='ocrx_word' id='word_1_226' title='bbox 1552 1581 1623 1635; x_wconf 66' lang='lat'>(26</span> 
     </span>
     <span class='ocr_line' id='line_1_27' title="bbox 102 1642 1540 1699; baseline -0.001 -15"><span class='ocrx_word' id='word_1_227' title='bbox 102 1642 397 1695; x_wconf 85' lang='lat' dir='ltr'>Philodamus,</span> <span class='ocrx_word' id='word_1_228' title='bbox 428 1653 709 1699; x_wconf 83' lang='lat' dir='ltr'>posteaquam</span> <span class='ocrx_word' id='word_1_229' title='bbox 725 1642 798 1698; x_wconf 86' lang='lat' dir='ltr'>jus</span> <span class='ocrx_word' id='word_1_230' title='bbox 823 1656 944 1682; x_wconf 89' lang='lat' dir='ltr'>suum</span> <span class='ocrx_word' id='word_1_231' title='bbox 968 1643 1163 1684; x_wconf 83' lang='lat' dir='ltr'>obtinere</span> <span class='ocrx_word' id='word_1_232' title='bbox 1190 1658 1278 1684; x_wconf 90' lang='lat' dir='ltr'>non</span> <span class='ocrx_word' id='word_1_233' title='bbox 1301 1643 1458 1698; x_wconf 87' lang='lat' dir='ltr'>potuit,</span> <span class='ocrx_word' id='word_1_234' title='bbox 1491 1653 1540 1684; x_wconf 93' lang='lat' dir='ltr'>ut</span> 
     </span>
     <span class='ocr_line' id='line_1_28' title="bbox 100 1699 1538 1754; baseline 0 -13"><span class='ocrx_word' id='word_1_235' title='bbox 100 1699 414 1741; x_wconf 84' lang='lat' dir='ltr'>humanitatem</span> <span class='ocrx_word' id='word_1_236' title='bbox 436 1701 877 1754; x_wconf 79' lang='lat' dir='ltr'>consuetudinemque</span> <span class='ocrx_word' id='word_1_237' title='bbox 901 1714 1020 1740; x_wconf 84' lang='lat' dir='ltr'>suam</span> <span class='ocrx_word' id='word_1_238' title='bbox 1051 1701 1268 1751; x_wconf 86' lang='lat' dir='ltr'>retineret,</span> <span class='ocrx_word' id='word_1_239' title='bbox 1299 1701 1538 1741; x_wconf 82' lang='lat' dir='ltr'>laborabat.</span> 
     </span>
     <span class='ocr_line' id='line_1_29' title="bbox 102 1756 1541 1813; baseline -0.001 -15"><span class='ocrx_word' id='word_1_240' title='bbox 102 1756 266 1808; x_wconf 89' lang='lat' dir='ltr'>Homo,</span> <span class='ocrx_word' id='word_1_241' title='bbox 299 1758 372 1812; x_wconf 92' lang='lat' dir='ltr'>qui</span> <span class='ocrx_word' id='word_1_242' title='bbox 396 1772 561 1813; x_wconf 86' lang='lat' dir='ltr'>semper</span> <span class='ocrx_word' id='word_1_243' title='bbox 586 1756 947 1813; x_wconf 70' lang='lat' dir='ltr'>hospitalissimus</span> <span class='ocrx_word' id='word_1_244' title='bbox 981 1757 1350 1813; x_wconf 87' lang='lat' dir='ltr'>amicissimusque</span> <span class='ocrx_word' id='word_1_245' title='bbox 1372 1768 1541 1798; x_wconf 85' lang='lat' dir='ltr'>nostro-</span> 
     </span>
     <span class='ocr_line' id='line_1_30' title="bbox 99 1814 1544 1870; baseline 0.001 -16"><span class='ocrx_word' id='word_1_246' title='bbox 99 1829 194 1855; x_wconf 88' lang='lat' dir='ltr'>rum</span> <span class='ocrx_word' id='word_1_247' title='bbox 217 1814 442 1855; x_wconf 88' lang='lat' dir='ltr'>hominum</span> <span class='ocrx_word' id='word_1_248' title='bbox 465 1816 737 1856; x_wconf 79' lang='lat' dir='ltr'>existimatus</span> <span class='ocrx_word' id='word_1_249' title='bbox 760 1823 886 1863; x_wconf 88' lang='lat' dir='ltr'>esset,</span> <span class='ocrx_word' id='word_1_250' title='bbox 917 1814 1056 1854; x_wconf 88' lang='lat' dir='ltr'>noluit</span> <span class='ocrx_word' id='word_1_251' title='bbox 1089 1815 1222 1855; x_wconf 80' lang='lat' dir='ltr'>videri</span> <span class='ocrx_word' id='word_1_252' title='bbox 1254 1815 1395 1870; x_wconf 88' lang='lat' dir='ltr'>ipsum</span> <span class='ocrx_word' id='word_1_253' title='bbox 1423 1815 1544 1855; x_wconf 83' lang='lat' dir='ltr'>illum</span> 
     </span>
     <span class='ocr_line' id='line_1_31' title="bbox 102 1870 1543 1928; baseline -0.001 -16"><span class='ocrx_word' id='word_1_254' title='bbox 102 1870 317 1913; x_wconf 82' lang='lat' dir='ltr'>Rubrium</span> <span class='ocrx_word' id='word_1_255' title='bbox 341 1872 500 1913; x_wconf 85' lang='lat' dir='ltr'>invitus</span> <span class='ocrx_word' id='word_1_256' title='bbox 525 1872 567 1912; x_wconf 91' lang='lat' dir='ltr'>in</span> <span class='ocrx_word' id='word_1_257' title='bbox 598 1872 774 1913; x_wconf 89' lang='lat' dir='ltr'>domum</span> <span class='ocrx_word' id='word_1_258' title='bbox 803 1885 922 1911; x_wconf 87' lang='lat' dir='ltr'>suam</span> <span class='ocrx_word' id='word_1_259' title='bbox 956 1872 1191 1928; x_wconf 86' lang='lat' dir='ltr'>recepisse:</span> <span class='ocrx_word' id='word_1_260' title='bbox 1222 1872 1468 1928; x_wconf 79' lang='lat' dir='ltr'>magnifice,</span> <span class='ocrx_word' id='word_1_261' title='bbox 1499 1881 1543 1912; x_wconf 87' lang='lat' dir='ltr'>et</span> 
     </span>
    </p>
   </div>
   <div class='ocr_carea' id='block_1_3' title="bbox 840 1984 1543 2025">
    <p class='ocr_par' dir='ltr' id='par_1_5' title="bbox 840 1984 1543 2025">
     <span class='ocr_line' id='line_1_32' title="bbox 840 1984 1543 2025; baseline 0.001 -11"><span class='ocrx_word' id='word_1_262' title='bbox 840 1994 917 2024; x_wconf 79' lang='lat' dir='ltr'>ergo</span> <span class='ocrx_word' id='word_1_263' title='bbox 938 1989 1000 2022; x_wconf 86' lang='lat' dir='ltr'>est,</span> <span class='ocrx_word' id='word_1_264' title='bbox 1024 1995 1065 2016; x_wconf 85' lang='lat' dir='ltr'>ne</span> <span class='ocrx_word' id='word_1_265' title='bbox 1086 1985 1163 2025; x_wconf 87' lang='lat' dir='ltr'>quid</span> <span class='ocrx_word' id='word_1_266' title='bbox 1185 1990 1269 2016; x_wconf 78' lang='lat' dir='ltr'>esset</span> <span class='ocrx_word' id='word_1_267' title='bbox 1290 1986 1323 2015; x_wconf 85' lang='lat' dir='ltr'>in</span> <span class='ocrx_word' id='word_1_268' title='bbox 1339 1984 1543 2025; x_wconf 69' lang='lat' dir='ltr'>semetipso,</span> 
     </span>
    </p>
   </div>
   <div class='ocr_carea' id='block_1_4' title="bbox 97 1985 1542 2068">
    <p class='ocr_par' dir='ltr' id='par_1_6' title="bbox 97 1985 1542 2068">
     <span class='ocr_line' id='line_1_33' title="bbox 97 1985 797 2025; baseline -0.001 -9"><span class='ocrx_word' id='word_1_269' title='bbox 97 1986 184 2016; x_wconf 78' lang='lat' dir='ltr'>nitas</span> <span class='ocrx_word' id='word_1_270' title='bbox 192 1986 289 2025; x_wconf 85' lang='lat' dir='ltr'>jubet</span> <span class='ocrx_word' id='word_1_271' title='bbox 302 1985 441 2017; x_wconf 85' lang='lat' dir='ltr'>scrihere</span> <span class='ocrx_word' id='word_1_272' title='bbox 461 1990 688 2023; x_wconf 78' lang='lat' dir='ltr'>commoretur,</span> <span class='ocrx_word' id='word_1_273' title='bbox 704 1990 737 2016; x_wconf 85' lang='lat' dir='ltr'>et</span> <span class='ocrx_word' id='word_1_274' title='bbox 752 1985 797 2015; x_wconf 88' lang='lat' dir='ltr'>sic</span> 
     </span>
     <span class='ocr_line' id='line_1_34' title="bbox 841 2027 1542 2068; baseline 0.001 -12"><span class='ocrx_word' id='word_1_275' title='bbox 841 2027 927 2065; x_wconf 79' lang='lat' dir='ltr'>quod</span> <span class='ocrx_word' id='word_1_276' title='bbox 953 2028 1139 2068; x_wconf 81' lang='lat' dir='ltr'>displiceret</span> <span class='ocrx_word' id='word_1_277' title='bbox 1165 2028 1278 2065; x_wconf 84' lang='lat' dir='ltr'>Verri;</span> <span class='ocrx_word' id='word_1_278' title='bbox 1304 2037 1380 2058; x_wconf 85' lang='lat' dir='ltr'>nam</span> <span class='ocrx_word' id='word_1_279' title='bbox 1409 2028 1443 2057; x_wconf 89' lang='lat' dir='ltr'>in</span> <span class='ocrx_word' id='word_1_280' title='bbox 1471 2029 1542 2067; x_wconf 81' lang='lat' dir='ltr'>ipsa</span> 
     </span>
    </p>
   </div>
   <div class='ocr_carea' id='block_1_5' title="bbox 95 2028 798 2069">
    <p class='ocr_par' dir='ltr' id='par_1_7' title="bbox 95 2028 798 2069">
     <span class='ocr_line' id='line_1_35' title="bbox 95 2028 798 2069; baseline -0.003 -11"><span class='ocrx_word' id='word_1_281' title='bbox 95 2028 191 2059; x_wconf 84' lang='lat' dir='ltr'>edidi.</span> <span class='ocrx_word' id='word_1_282' title='bbox 237 2028 365 2059; x_wconf 89' lang='lat' dir='ltr'>Credidi</span> <span class='ocrx_word' id='word_1_283' title='bbox 386 2028 508 2059; x_wconf 86' lang='lat' dir='ltr'>dudum</span> <span class='ocrx_word' id='word_1_284' title='bbox 530 2038 589 2069; x_wconf 85' lang='lat' dir='ltr'>pro</span> <span class='ocrx_word' id='word_1_285' title='bbox 607 2030 666 2058; x_wconf 79' lang='lat' dir='ltr'>iste</span> <span class='ocrx_word' id='word_1_286' title='bbox 688 2028 798 2067; x_wconf 80' lang='lat' dir='ltr'>legen-</span> 
     </span>
    </p>
   </div>
   <div class='ocr_carea' id='block_1_6' title="bbox 91 2069 800 2912">
    <p class='ocr_par' dir='ltr' id='par_1_8' title="bbox 95 2069 800 2228">
     <span class='ocr_line' id='line_1_36' title="bbox 97 2069 799 2110; baseline 0 -10"><span class='ocrx_word' id='word_1_287' title='bbox 97 2069 176 2100; x_wconf 87' lang='lat' dir='ltr'>dum</span> <span class='ocrx_word' id='word_1_288' title='bbox 192 2072 273 2110; x_wconf 79' lang='lat' dir='ltr'>ipse:</span> <span class='ocrx_word' id='word_1_289' title='bbox 296 2080 373 2101; x_wconf 85' lang='lat' dir='ltr'>nam</span> <span class='ocrx_word' id='word_1_290' title='bbox 395 2071 535 2101; x_wconf 79' lang='lat' dir='ltr'>refertur</span> <span class='ocrx_word' id='word_1_291' title='bbox 551 2070 591 2100; x_wconf 88' lang='lat' dir='ltr'>ad</span> <span class='ocrx_word' id='word_1_292' title='bbox 605 2072 684 2107; x_wconf 71' lang='lat' dir='ltr'>illis,</span> <span class='ocrx_word' id='word_1_293' title='bbox 710 2074 744 2100; x_wconf 83' lang='lat' dir='ltr'>et</span> <span class='ocrx_word' id='word_1_294' title='bbox 758 2069 799 2100; x_wconf 85' lang='lat' dir='ltr'>ad</span> 
     </span>
     <span class='ocr_line' id='line_1_37' title="bbox 95 2112 800 2152; baseline -0.001 -10"><span class='ocrx_word' id='word_1_295' title='bbox 95 2112 244 2143; x_wconf 83' lang='lat' dir='ltr'>Verrem.</span> <span class='ocrx_word' id='word_1_296' title='bbox 288 2113 413 2148; x_wconf 75' lang='lat' dir='ltr'>Cicero,</span> <span class='ocrx_word' id='word_1_297' title='bbox 439 2123 514 2143; x_wconf 88' lang='lat' dir='ltr'>cum</span> <span class='ocrx_word' id='word_1_298' title='bbox 536 2123 575 2142; x_wconf 81' lang='lat' dir='ltr'>ex</span> <span class='ocrx_word' id='word_1_299' title='bbox 590 2123 648 2143; x_wconf 83' lang='lat' dir='ltr'>sua</span> <span class='ocrx_word' id='word_1_300' title='bbox 661 2121 800 2152; x_wconf 86' lang='lat' dir='ltr'>persona</span> 
     </span>
     <span class='ocr_line' id='line_1_38' title="bbox 96 2153 798 2196; baseline -0.001 -11"><span class='ocrx_word' id='word_1_301' title='bbox 96 2153 257 2194; x_wconf 83' lang='lat' dir='ltr'>loquitur,</span> <span class='ocrx_word' id='word_1_302' title='bbox 273 2155 353 2185; x_wconf 86' lang='lat' dir='ltr'>dicit</span> <span class='ocrx_word' id='word_1_303' title='bbox 367 2156 438 2190; x_wconf 75' lang='lat' dir='ltr'>iste,</span> <span class='ocrx_word' id='word_1_304' title='bbox 455 2165 522 2185; x_wconf 85' lang='lat' dir='ltr'>non</span> <span class='ocrx_word' id='word_1_305' title='bbox 537 2165 613 2185; x_wconf 86' lang='lat' dir='ltr'>cnm</span> <span class='ocrx_word' id='word_1_306' title='bbox 628 2166 644 2184; x_wconf 89' lang='lat' dir='ltr'>e</span> <span class='ocrx_word' id='word_1_307' title='bbox 660 2164 798 2196; x_wconf 82' lang='lat' dir='ltr'>persona</span> 
     </span>
     <span class='ocr_line' id='line_1_39' title="bbox 95 2197 567 2228; baseline 0 -1"><span class='ocrx_word' id='word_1_308' title='bbox 95 2197 216 2228; x_wconf 87' lang='lat' dir='ltr'>Verris.</span> <span class='ocrx_word' id='word_1_309' title='bbox 261 2198 346 2228; x_wconf 88' lang='lat' dir='ltr'>Ecce</span> <span class='ocrx_word' id='word_1_310' title='bbox 361 2199 407 2227; x_wconf 81' lang='lat' dir='ltr'>sic</span> <span class='ocrx_word' id='word_1_311' title='bbox 424 2197 487 2227; x_wconf 85' lang='lat' dir='ltr'>Ms.</span> <span class='ocrx_word' id='word_1_312' title='bbox 504 2197 567 2227; x_wconf 88' lang='lat' dir='ltr'>Gu.</span> 
     </span>
    </p>

    <p class='ocr_par' dir='ltr' id='par_1_9' title="bbox 91 2238 800 2912">
     <span class='ocr_line' id='line_1_40' title="bbox 138 2238 794 2279; baseline -0.003 -9"><span class='ocrx_word' id='word_1_313' title='bbox 138 2240 178 2270; x_wconf 87' lang='lat'>56</span> <span class='ocrx_word' id='word_1_314' title='bbox 200 2250 240 2270; x_wconf 79' lang='lat' dir='ltr'>ne</span> <span class='ocrx_word' id='word_1_315' title='bbox 262 2240 342 2279; x_wconf 84' lang='lat' dir='ltr'>quid</span> <span class='ocrx_word' id='word_1_316' title='bbox 360 2240 394 2269; x_wconf 81' lang='lat' dir='ltr'>in</span> <span class='ocrx_word' id='word_1_317' title='bbox 416 2241 483 2279; x_wconf 72' lang='lat' dir='ltr'>ipso</span> <span class='ocrx_word' id='word_1_318' title='bbox 503 2250 535 2269; x_wconf 77' lang='lat' dir='ltr'>se</span> <span class='ocrx_word' id='word_1_319' title='bbox 559 2238 794 2279; x_wconf 75' lang='lat' dir='ltr'>qffenderetur]</span> 
     </span>
     <span class='ocr_line' id='line_1_41' title="bbox 94 2280 800 2321; baseline -0.003 -9"><span class='ocrx_word' id='word_1_320' title='bbox 94 2281 148 2312; x_wconf 81' lang='lat' dir='ltr'>Sic</span> <span class='ocrx_word' id='word_1_321' title='bbox 173 2282 253 2312; x_wconf 90' lang='lat' dir='ltr'>Mss.</span> <span class='ocrx_word' id='word_1_322' title='bbox 275 2282 376 2312; x_wconf 85' lang='lat' dir='ltr'>etiam</span> <span class='ocrx_word' id='word_1_323' title='bbox 401 2282 464 2312; x_wconf 91' lang='lat' dir='ltr'>Gu.</span> <span class='ocrx_word' id='word_1_324' title='bbox 486 2287 519 2312; x_wconf 86' lang='lat' dir='ltr'>et</span> <span class='ocrx_word' id='word_1_325' title='bbox 542 2281 614 2311; x_wconf 86' lang='lat' dir='ltr'>edd.</span> <span class='ocrx_word' id='word_1_326' title='bbox 637 2291 686 2321; x_wconf 86' lang='lat' dir='ltr'>pr.</span> <span class='ocrx_word' id='word_1_327' title='bbox 711 2280 800 2319; x_wconf 89' lang='lat' dir='ltr'>quod</span> 
     </span>
     <span class='ocr_line' id='line_1_42' title="bbox 95 2323 798 2363; baseline -0.003 -9"><span class='ocrx_word' id='word_1_328' title='bbox 95 2324 196 2354; x_wconf 89' lang='lat' dir='ltr'>malui</span> <span class='ocrx_word' id='word_1_329' title='bbox 210 2325 314 2363; x_wconf 85' lang='lat' dir='ltr'>sequi,</span> <span class='ocrx_word' id='word_1_330' title='bbox 327 2334 427 2363; x_wconf 86' lang='lat' dir='ltr'>quam</span> <span class='ocrx_word' id='word_1_331' title='bbox 441 2324 618 2354; x_wconf 83' lang='lat' dir='ltr'>lectionem</span> <span class='ocrx_word' id='word_1_332' title='bbox 631 2323 798 2359; x_wconf 87' lang='lat' dir='ltr'>Aldinam‚</span> 
     </span>
     <span class='ocr_line' id='line_1_43' title="bbox 95 2364 799 2407; baseline -0.001 -11"><span class='ocrx_word' id='word_1_333' title='bbox 95 2375 136 2396; x_wconf 75' lang='lat' dir='ltr'>ne</span> <span class='ocrx_word' id='word_1_334' title='bbox 150 2367 228 2406; x_wconf 82' lang='lat' dir='ltr'>quid</span> <span class='ocrx_word' id='word_1_335' title='bbox 241 2367 277 2396; x_wconf 77' lang='lat' dir='ltr'>in</span> <span class='ocrx_word' id='word_1_336' title='bbox 290 2367 356 2407; x_wconf 79' lang='lat' dir='ltr'>ipso</span> <span class='ocrx_word' id='word_1_337' title='bbox 367 2377 400 2396; x_wconf 84' lang='lat' dir='ltr'>se</span> <span class='ocrx_word' id='word_1_338' title='bbox 414 2364 599 2407; x_wconf 75' lang='lat' dir='ltr'>qffenderz‘t,</span> <span class='ocrx_word' id='word_1_339' title='bbox 616 2375 689 2405; x_wconf 86' lang='lat' dir='ltr'>quae</span> <span class='ocrx_word' id='word_1_340' title='bbox 703 2369 737 2395; x_wconf 85' lang='lat' dir='ltr'>et</span> <span class='ocrx_word' id='word_1_341' title='bbox 750 2365 799 2395; x_wconf 88' lang='lat' dir='ltr'>in-</span> 
     </span>
     <span class='ocr_line' id='line_1_44' title="bbox 94 2408 795 2448; baseline -0.003 -10"><span class='ocrx_word' id='word_1_342' title='bbox 94 2414 222 2439; x_wconf 85' lang='lat' dir='ltr'>certum</span> <span class='ocrx_word' id='word_1_343' title='bbox 245 2413 308 2445; x_wconf 84' lang='lat' dir='ltr'>est,</span> <span class='ocrx_word' id='word_1_344' title='bbox 334 2408 421 2439; x_wconf 83' lang='lat' dir='ltr'>unde</span> <span class='ocrx_word' id='word_1_345' title='bbox 441 2409 496 2444; x_wconf 89' lang='lat' dir='ltr'>sit,</span> <span class='ocrx_word' id='word_1_346' title='bbox 519 2412 555 2438; x_wconf 88' lang='lat' dir='ltr'>et</span> <span class='ocrx_word' id='word_1_347' title='bbox 578 2409 648 2448; x_wconf 82' lang='lat' dir='ltr'>ipsa</span> <span class='ocrx_word' id='word_1_348' title='bbox 668 2417 795 2447; x_wconf 87' lang='lat' dir='ltr'>quoque</span> 
     </span>
     <span class='ocr_line' id='line_1_45' title="bbox 96 2449 796 2490; baseline -0.001 -10"><span class='ocrx_word' id='word_1_349' title='bbox 96 2449 195 2481; x_wconf 85' lang='lat' dir='ltr'>habet</span> <span class='ocrx_word' id='word_1_350' title='bbox 215 2449 337 2490; x_wconf 87' lang='lat' dir='ltr'>aliquid</span> <span class='ocrx_word' id='word_1_351' title='bbox 363 2451 564 2487; x_wconf 84' lang='lat' dir='ltr'>offensionis,</span> <span class='ocrx_word' id='word_1_352' title='bbox 588 2455 628 2480; x_wconf 83' lang='lat' dir='ltr'>ut</span> <span class='ocrx_word' id='word_1_353' title='bbox 649 2450 796 2481; x_wconf 88' lang='lat' dir='ltr'>Graevius</span> 
     </span>
     <span class='ocr_line' id='line_1_46' title="bbox 94 2492 796 2532; baseline -0.003 -9"><span class='ocrx_word' id='word_1_354' title='bbox 94 2502 128 2524; x_wconf 70' lang='lat' dir='ltr'>se</span> <span class='ocrx_word' id='word_1_355' title='bbox 143 2494 221 2523; x_wconf 84' lang='lat' dir='ltr'>velit</span> <span class='ocrx_word' id='word_1_356' title='bbox 236 2492 356 2530; x_wconf 83' lang='lat' dir='ltr'>deleri3</span> <span class='ocrx_word' id='word_1_357' title='bbox 381 2494 502 2526; x_wconf 87' lang='lat' dir='ltr'>nescio,</span> <span class='ocrx_word' id='word_1_358' title='bbox 526 2503 626 2531; x_wconf 88' lang='lat' dir='ltr'>quare</span> <span class='ocrx_word' id='word_1_359' title='bbox 649 2502 718 2524; x_wconf 85' lang='lat' dir='ltr'>non</span> <span class='ocrx_word' id='word_1_360' title='bbox 739 2502 796 2532; x_wconf 90' lang='lat' dir='ltr'>po-</span> 
     </span>
     <span class='ocr_line' id='line_1_47' title="bbox 91 2533 796 2576; baseline -0.003 -11"><span class='ocrx_word' id='word_1_361' title='bbox 91 2534 161 2565; x_wconf 82' lang='lat' dir='ltr'>tius</span> <span class='ocrx_word' id='word_1_362' title='bbox 174 2537 251 2575; x_wconf 61' lang='lat' dir='ltr'>ipso.</span> <span class='ocrx_word' id='word_1_363' title='bbox 296 2535 424 2565; x_wconf 84' lang='lat' dir='ltr'>Phrasis</span> <span class='ocrx_word' id='word_1_364' title='bbox 437 2533 599 2576; x_wconf 68' lang='lat' dir='ltr'>qffendere</span> <span class='ocrx_word' id='word_1_365' title='bbox 618 2536 653 2565; x_wconf 78' lang='lat' dir='ltr'>in</span> <span class='ocrx_word' id='word_1_366' title='bbox 675 2536 796 2574; x_wconf 71' lang='lat' dir='ltr'>aliqua,</span> 
     </span>
     <span class='ocr_line' id='line_1_48' title="bbox 94 2576 791 2616; baseline 0 -10"><span class='ocrx_word' id='word_1_367' title='bbox 94 2582 228 2616; x_wconf 79' lang='lat' dir='ltr'>quaeest</span> <span class='ocrx_word' id='word_1_368' title='bbox 244 2577 471 2613; x_wconf 85' lang='lat' dir='ltr'>Ciceroniana,</span> <span class='ocrx_word' id='word_1_369' title='bbox 486 2577 663 2616; x_wconf 81' lang='lat' dir='ltr'>significat,</span> <span class='ocrx_word' id='word_1_370' title='bbox 679 2577 720 2606; x_wconf 87' lang='lat' dir='ltr'>ab</span> <span class='ocrx_word' id='word_1_371' title='bbox 733 2576 791 2606; x_wconf 87' lang='lat' dir='ltr'>ali-</span> 
     </span>
     <span class='ocr_line' id='line_1_49' title="bbox 95 2619 792 2659; baseline 0.001 -11"><span class='ocrx_word' id='word_1_372' title='bbox 95 2628 172 2657; x_wconf 90' lang='lat' dir='ltr'>quo,</span> <span class='ocrx_word' id='word_1_373' title='bbox 187 2619 237 2650; x_wconf 90' lang='lat' dir='ltr'>vel</span> <span class='ocrx_word' id='word_1_374' title='bbox 253 2619 390 2659; x_wconf 80' lang='lat' dir='ltr'>alicujus</span> <span class='ocrx_word' id='word_1_375' title='bbox 405 2629 514 2655; x_wconf 84' lang='lat' dir='ltr'>causa,</span> <span class='ocrx_word' id='word_1_376' title='bbox 531 2619 652 2658; x_wconf 83' lang='lat' dir='ltr'>aliquid</span> <span class='ocrx_word' id='word_1_377' title='bbox 667 2619 792 2649; x_wconf 87' lang='lat' dir='ltr'>incom-</span> 
     </span>
     <span class='ocr_line' id='line_1_50' title="bbox 96 2660 792 2700; baseline 0.001 -9"><span class='ocrx_word' id='word_1_378' title='bbox 96 2660 185 2691; x_wconf 90' lang='lat' dir='ltr'>modi</span> <span class='ocrx_word' id='word_1_379' title='bbox 199 2661 370 2700; x_wconf 82' lang='lat' dir='ltr'>aceepisse,</span> <span class='ocrx_word' id='word_1_380' title='bbox 390 2671 469 2697; x_wconf 89' lang='lat' dir='ltr'>non,</span> <span class='ocrx_word' id='word_1_381' title='bbox 484 2661 570 2700; x_wconf 85' lang='lat' dir='ltr'>quod</span> <span class='ocrx_word' id='word_1_382' title='bbox 585 2661 616 2691; x_wconf 87' lang='lat' dir='ltr'>h.</span> <span class='ocrx_word' id='word_1_383' title='bbox 632 2660 655 2691; x_wconf 93' lang='lat' dir='ltr'>l.</span> <span class='ocrx_word' id='word_1_384' title='bbox 670 2661 792 2692; x_wconf 85' lang='lat' dir='ltr'>deside-</span> 
     </span>
     <span class='ocr_line' id='line_1_51' title="bbox 98 2703 793 2743; baseline 0.001 -11"><span class='ocrx_word' id='word_1_385' title='bbox 98 2707 202 2740; x_wconf 83' lang='lat' dir='ltr'>ratur,</span> <span class='ocrx_word' id='word_1_386' title='bbox 219 2713 252 2733; x_wconf 92' lang='lat' dir='ltr'>se</span> <span class='ocrx_word' id='word_1_387' title='bbox 265 2704 359 2733; x_wconf 86' lang='lat' dir='ltr'>Verri</span> <span class='ocrx_word' id='word_1_388' title='bbox 374 2703 554 2743; x_wconf 79' lang='lat' dir='ltr'>displicere.</span> <span class='ocrx_word' id='word_1_389' title='bbox 600 2703 672 2734; x_wconf 91' lang='lat' dir='ltr'>Hoc</span> <span class='ocrx_word' id='word_1_390' title='bbox 687 2704 793 2743; x_wconf 83' lang='lat' dir='ltr'>expri-</span> 
     </span>
     <span class='ocr_line' id='line_1_52' title="bbox 95 2744 792 2786; baseline 0.004 -13"><span class='ocrx_word' id='word_1_391' title='bbox 95 2744 199 2775; x_wconf 89' lang='lat' dir='ltr'>mitur</span> <span class='ocrx_word' id='word_1_392' title='bbox 211 2755 230 2775; x_wconf 91' lang='lat' dir='ltr'>a</span> <span class='ocrx_word' id='word_1_393' title='bbox 243 2745 398 2776; x_wconf 83' lang='lat' dir='ltr'>Cicerone</span> <span class='ocrx_word' id='word_1_394' title='bbox 413 2755 470 2785; x_wconf 84' lang='lat' dir='ltr'>per</span> <span class='ocrx_word' id='word_1_395' title='bbox 485 2745 659 2786; x_wconf 72' lang='lat' dir='ltr'>passivum.</span> <span class='ocrx_word' id='word_1_396' title='bbox 673 2756 702 2775; x_wconf 84' lang='lat' dir='ltr'>v.</span> <span class='ocrx_word' id='word_1_397' title='bbox 717 2746 792 2776; x_wconf 80' lang='lat' dir='ltr'>Cla-</span> 
     </span>
     <span class='ocr_line' id='line_1_53' title="bbox 96 2786 792 2827; baseline 0.003 -12"><span class='ocrx_word' id='word_1_398' title='bbox 96 2795 168 2816; x_wconf 86' lang='lat' dir='ltr'>vem</span> <span class='ocrx_word' id='word_1_399' title='bbox 193 2787 227 2816; x_wconf 89' lang='lat' dir='ltr'>in</span> <span class='ocrx_word' id='word_1_400' title='bbox 252 2787 284 2817; x_wconf 91' lang='lat' dir='ltr'>h.</span> <span class='ocrx_word' id='word_1_401' title='bbox 305 2797 334 2817; x_wconf 81' lang='lat' dir='ltr'>v,</span> <span class='ocrx_word' id='word_1_402' title='bbox 368 2787 463 2818; x_wconf 85' lang='lat' dir='ltr'>Unde</span> <span class='ocrx_word' id='word_1_403' title='bbox 489 2786 632 2827; x_wconf 72' lang='lat' dir='ltr'>qffensus</span> <span class='ocrx_word' id='word_1_404' title='bbox 652 2793 715 2824; x_wconf 86' lang='lat' dir='ltr'>est,</span> <span class='ocrx_word' id='word_1_405' title='bbox 738 2788 792 2827; x_wconf 87' lang='lat' dir='ltr'>qui</span> 
     </span>
     <span class='ocr_line' id='line_1_54' title="bbox 92 2827 792 2870; baseline 0.003 -12"><span class='ocrx_word' id='word_1_406' title='bbox 92 2827 254 2867; x_wconf 85' lang='lat' dir='ltr'>displicet,</span> <span class='ocrx_word' id='word_1_407' title='bbox 303 2829 552 2869; x_wconf 85' lang='lat' dir='ltr'>reprehenditur</span> <span class='ocrx_word' id='word_1_408' title='bbox 566 2841 577 2867; x_wconf 87' lang='lat'>;</span> <span class='ocrx_word' id='word_1_409' title='bbox 618 2828 792 2870; x_wconf 74' lang='lat' dir='ltr'>qff&#39;ensum,</span> 
     </span>
     <span class='ocr_line' id='line_1_55' title="bbox 92 2870 792 2912; baseline 0.003 -12"><span class='ocrx_word' id='word_1_410' title='bbox 92 2870 178 2910; x_wconf 86' lang='lat' dir='ltr'>quod</span> <span class='ocrx_word' id='word_1_411' title='bbox 193 2871 353 2912; x_wconf 80' lang='lat' dir='ltr'>displicet,</span> <span class='ocrx_word' id='word_1_412' title='bbox 374 2871 552 2902; x_wconf 85' lang='lat' dir='ltr'>molestum</span> <span class='ocrx_word' id='word_1_413' title='bbox 565 2876 626 2902; x_wconf 86' lang='lat' dir='ltr'>est.</span> <span class='ocrx_word' id='word_1_414' title='bbox 671 2872 792 2903; x_wconf 86' lang='lat' dir='ltr'>Sensus</span> 
     </span>
    </p>
   </div>
   <div class='ocr_carea' id='block_1_7' title="bbox 834 2069 1547 2902">
    <p class='ocr_par' dir='ltr' id='par_1_10' title="bbox 841 2069 1541 2152">
     <span class='ocr_line' id='line_1_56' title="bbox 841 2069 1541 2109; baseline 0.001 -11"><span class='ocrx_word' id='word_1_415' title='bbox 841 2069 939 2099; x_wconf 88' lang='lat' dir='ltr'>domo</span> <span class='ocrx_word' id='word_1_416' title='bbox 956 2076 990 2100; x_wconf 87' lang='lat' dir='ltr'>et</span> <span class='ocrx_word' id='word_1_417' title='bbox 1005 2071 1121 2101; x_wconf 84' lang='lat' dir='ltr'>ceteris</span> <span class='ocrx_word' id='word_1_418' title='bbox 1136 2070 1231 2100; x_wconf 82' lang='lat' dir='ltr'>rebus</span> <span class='ocrx_word' id='word_1_419' title='bbox 1247 2069 1328 2100; x_wconf 89' lang='lat' dir='ltr'>nihil</span> <span class='ocrx_word' id='word_1_420' title='bbox 1343 2080 1425 2106; x_wconf 89' lang='lat' dir='ltr'>esse,</span> <span class='ocrx_word' id='word_1_421' title='bbox 1455 2070 1541 2109; x_wconf 80' lang='lat' dir='ltr'>quod</span> 
     </span>
     <span class='ocr_line' id='line_1_57' title="bbox 843 2111 1148 2152; baseline 0.003 -11"><span class='ocrx_word' id='word_1_422' title='bbox 843 2111 1012 2151; x_wconf 86' lang='lat' dir='ltr'>displicere</span> <span class='ocrx_word' id='word_1_423' title='bbox 1029 2118 1148 2152; x_wconf 77' lang='lat' dir='ltr'>posset.</span> 
     </span>
    </p>

    <p class='ocr_par' dir='ltr' id='par_1_11' title="bbox 834 2153 1547 2902">
     <span class='ocr_line' id='line_1_58' title="bbox 884 2153 1542 2195; baseline -0.002 -11"><span class='ocrx_word' id='word_1_424' title='bbox 884 2157 922 2187; x_wconf 75' lang='lat'>57</span> <span class='ocrx_word' id='word_1_425' title='bbox 937 2155 1115 2195; x_wconf 81' lang='lat' dir='ltr'>jamtum]</span> <span class='ocrx_word' id='word_1_426' title='bbox 1144 2154 1225 2184; x_wconf 86' lang='lat' dir='ltr'>Haec</span> <span class='ocrx_word' id='word_1_427' title='bbox 1246 2155 1345 2184; x_wconf 80' lang='lat' dir='ltr'>verba</span> <span class='ocrx_word' id='word_1_428' title='bbox 1368 2153 1449 2184; x_wconf 82' lang='lat' dir='ltr'>mihi</span> <span class='ocrx_word' id='word_1_429' title='bbox 1472 2162 1542 2183; x_wconf 84' lang='lat' dir='ltr'>sus-</span> 
     </span>
     <span class='ocr_line' id='line_1_59' title="bbox 841 2196 1542 2236; baseline 0 -10"><span class='ocrx_word' id='word_1_430' title='bbox 841 2202 937 2236; x_wconf 86' lang='lat' dir='ltr'>pecta</span> <span class='ocrx_word' id='word_1_431' title='bbox 963 2201 1064 2227; x_wconf 88' lang='lat' dir='ltr'>sunt:</span> <span class='ocrx_word' id='word_1_432' title='bbox 1103 2207 1176 2233; x_wconf 85' lang='lat' dir='ltr'>nec,</span> <span class='ocrx_word' id='word_1_433' title='bbox 1210 2196 1236 2226; x_wconf 94' lang='lat' dir='ltr'>si</span> <span class='ocrx_word' id='word_1_434' title='bbox 1265 2197 1427 2232; x_wconf 86' lang='lat' dir='ltr'>abessent,</span> <span class='ocrx_word' id='word_1_435' title='bbox 1455 2197 1542 2234; x_wconf 79' lang='lat' dir='ltr'>quis-</span> 
     </span>
     <span class='ocr_line' id='line_1_60' title="bbox 842 2238 1543 2279; baseline 0 -11"><span class='ocrx_word' id='word_1_436' title='bbox 842 2248 941 2277; x_wconf 81' lang='lat' dir='ltr'>quam</span> <span class='ocrx_word' id='word_1_437' title='bbox 950 2238 1073 2278; x_wconf 78' lang='lat' dir='ltr'>aliquid</span> <span class='ocrx_word' id='word_1_438' title='bbox 1083 2240 1191 2270; x_wconf 86' lang='lat' dir='ltr'>deesse</span> <span class='ocrx_word' id='word_1_439' title='bbox 1200 2239 1432 2279; x_wconf 84' lang='lat' dir='ltr'>suspicaretur.</span> <span class='ocrx_word' id='word_1_440' title='bbox 1455 2239 1543 2268; x_wconf 86' lang='lat' dir='ltr'>Con-</span> 
     </span>
     <span class='ocr_line' id='line_1_61' title="bbox 840 2280 1547 2322; baseline 0 -12"><span class='ocrx_word' id='word_1_441' title='bbox 840 2280 988 2322; x_wconf 76' lang='lat' dir='ltr'>trajam</span> <span class='ocrx_word' id='word_1_442' title='bbox 1011 2282 1047 2312; x_wconf 87' lang='lat' dir='ltr'>in</span> <span class='ocrx_word' id='word_1_443' title='bbox 1067 2281 1172 2312; x_wconf 83' lang='lat' dir='ltr'>verbis</span> <span class='ocrx_word' id='word_1_444' title='bbox 1198 2291 1318 2311; x_wconf 74' lang='lat' dir='ltr'>munus</span> <span class='ocrx_word' id='word_1_445' title='bbox 1338 2281 1425 2311; x_wconf 70' lang='lat' dir='ltr'>illud</span> <span class='ocrx_word' id='word_1_446' title='bbox 1445 2290 1547 2311; x_wconf 74' lang='lat' dir='ltr'>suum.</span> 
     </span>
     <span class='ocr_line' id='line_1_62' title="bbox 841 2323 1547 2363; baseline 0.001 -11"><span class='ocrx_word' id='word_1_447' title='bbox 841 2332 903 2352; x_wconf 73' lang='lat' dir='ltr'>uon</span> <span class='ocrx_word' id='word_1_448' title='bbox 918 2333 982 2353; x_wconf 74' lang='lat' dir='ltr'>esse</span> <span class='ocrx_word' id='word_1_449' title='bbox 995 2323 1150 2354; x_wconf 86' lang='lat' dir='ltr'>excidisse</span> <span class='ocrx_word' id='word_1_450' title='bbox 1165 2327 1258 2363; x_wconf 72' lang='lat' dir='ltr'>puto.</span> <span class='ocrx_word' id='word_1_451' title='bbox 1289 2323 1389 2359; x_wconf 87' lang='lat' dir='ltr'>Nam,</span> <span class='ocrx_word' id='word_1_452' title='bbox 1406 2328 1445 2353; x_wconf 85' lang='lat' dir='ltr'>ut</span> <span class='ocrx_word' id='word_1_453' title='bbox 1460 2323 1547 2356; x_wconf 71' lang='lat' dir='ltr'>bene,</span> 
     </span>
     <span class='ocr_line' id='line_1_63' title="bbox 842 2364 1541 2403; baseline 0 -8"><span class='ocrx_word' id='word_1_454' title='bbox 842 2365 1012 2403; x_wconf 82' lang='lat' dir='ltr'>Asconius,</span> <span class='ocrx_word' id='word_1_455' title='bbox 1027 2366 1091 2396; x_wconf 92' lang='lat' dir='ltr'>duo</span> <span class='ocrx_word' id='word_1_456' title='bbox 1104 2365 1309 2398; x_wconf 79' lang='lat' dir='ltr'>demonstrat</span> <span class='ocrx_word' id='word_1_457' title='bbox 1316 2364 1541 2402; x_wconf 82' lang='lat' dir='ltr'>Philodamus,</span> 
     </span>
     <span class='ocr_line' id='line_1_64' title="bbox 842 2407 1541 2448; baseline 0.001 -11"><span class='ocrx_word' id='word_1_458' title='bbox 842 2407 987 2447; x_wconf 83' lang='lat' dir='ltr'>primum</span> <span class='ocrx_word' id='word_1_459' title='bbox 998 2408 1061 2439; x_wconf 89' lang='lat' dir='ltr'>hoc</span> <span class='ocrx_word' id='word_1_460' title='bbox 1080 2413 1230 2448; x_wconf 85' lang='lat' dir='ltr'>tempore</span> <span class='ocrx_word' id='word_1_461' title='bbox 1247 2417 1321 2437; x_wconf 86' lang='lat' dir='ltr'>suas</span> <span class='ocrx_word' id='word_1_462' title='bbox 1345 2412 1453 2447; x_wconf 83' lang='lat' dir='ltr'>partes</span> <span class='ocrx_word' id='word_1_463' title='bbox 1473 2416 1541 2438; x_wconf 86' lang='lat' dir='ltr'>non</span> 
     </span>
     <span class='ocr_line' id='line_1_65' title="bbox 839 2449 1540 2491; baseline 0.001 -12"><span class='ocrx_word' id='word_1_464' title='bbox 839 2459 920 2486; x_wconf 86' lang='lat' dir='ltr'>esse,</span> <span class='ocrx_word' id='word_1_465' title='bbox 944 2451 1086 2490; x_wconf 86' lang='lat' dir='ltr'>recipere</span> <span class='ocrx_word' id='word_1_466' title='bbox 1101 2450 1258 2491; x_wconf 84' lang='lat' dir='ltr'>hospites,</span> <span class='ocrx_word' id='word_1_467' title='bbox 1274 2450 1401 2486; x_wconf 87' lang='lat' dir='ltr'>deinde,</span> <span class='ocrx_word' id='word_1_468' title='bbox 1417 2449 1443 2479; x_wconf 92' lang='lat' dir='ltr'>si</span> <span class='ocrx_word' id='word_1_469' title='bbox 1458 2450 1540 2488; x_wconf 87' lang='lat' dir='ltr'>sint,</span> 
     </span>
     <span class='ocr_line' id='line_1_66' title="bbox 841 2491 1539 2532; baseline 0.001 -11"><span class='ocrx_word' id='word_1_470' title='bbox 841 2500 908 2522; x_wconf 87' lang='lat' dir='ltr'>non</span> <span class='ocrx_word' id='word_1_471' title='bbox 930 2492 1086 2523; x_wconf 84' lang='lat' dir='ltr'>asseclam</span> <span class='ocrx_word' id='word_1_472' title='bbox 1104 2493 1253 2531; x_wconf 81' lang='lat' dir='ltr'>praetoris</span> <span class='ocrx_word' id='word_1_473' title='bbox 1272 2493 1412 2532; x_wconf 84' lang='lat' dir='ltr'>recipere</span> <span class='ocrx_word' id='word_1_474' title='bbox 1431 2502 1464 2522; x_wconf 87' lang='lat' dir='ltr'>se</span> <span class='ocrx_word' id='word_1_475' title='bbox 1483 2491 1539 2523; x_wconf 88' lang='lat' dir='ltr'>de-</span> 
     </span>
     <span class='ocr_line' id='line_1_67' title="bbox 839 2533 1537 2574; baseline 0.001 -11"><span class='ocrx_word' id='word_1_476' title='bbox 839 2533 926 2564; x_wconf 86' lang='lat' dir='ltr'>bere.</span> <span class='ocrx_word' id='word_1_477' title='bbox 971 2534 1160 2574; x_wconf 81' lang='lat' dir='ltr'>Suspicatus</span> <span class='ocrx_word' id='word_1_478' title='bbox 1174 2543 1247 2563; x_wconf 81' lang='lat' dir='ltr'>sum</span> <span class='ocrx_word' id='word_1_479' title='bbox 1266 2533 1458 2564; x_wconf 84' lang='lat' dir='ltr'>Ciceronem</span> <span class='ocrx_word' id='word_1_480' title='bbox 1481 2533 1537 2564; x_wconf 87' lang='lat' dir='ltr'>de-</span> 
     </span>
     <span class='ocr_line' id='line_1_68' title="bbox 841 2575 1537 2615; baseline 0 -9"><span class='ocrx_word' id='word_1_481' title='bbox 841 2575 937 2612; x_wconf 86' lang='lat' dir='ltr'>disse,</span> <span class='ocrx_word' id='word_1_482' title='bbox 975 2577 1128 2615; x_wconf 75' lang='lat' dir='ltr'>ignarus,</span> <span class='ocrx_word' id='word_1_483' title='bbox 1164 2577 1223 2606; x_wconf 74' lang='lat' dir='ltr'>sibi</span> <span class='ocrx_word' id='word_1_484' title='bbox 1258 2586 1299 2606; x_wconf 80' lang='grc' dir='ltr'>αι·</span> <span class='ocrx_word' id='word_1_485' title='bbox 1334 2577 1442 2607; x_wconf 79' lang='lat' dir='ltr'>liberis</span> <span class='ocrx_word' id='word_1_486' title='bbox 1468 2577 1537 2606; x_wconf 69' lang='lat' dir='ltr'>suis</span> 
     </span>
     <span class='ocr_line' id='line_1_69' title="bbox 834 2619 1535 2656; baseline 0.001 -9"><span class='ocrx_word' id='word_1_487' title='bbox 834 2623 996 2656; x_wconf 77' lang='lat' dir='ltr'>quantum</span> <span class='ocrx_word' id='word_1_488' title='bbox 1023 2620 1104 2649; x_wconf 74' lang='lat' dir='ltr'>mali</span> <span class='ocrx_word' id='word_1_489' title='bbox 1123 2619 1535 2649; x_wconf 69' lang='lat' dir='ltr'>constitueretzer—munus</span> 
     </span>
     <span class='ocr_line' id='line_1_70' title="bbox 834 2660 1535 2701; baseline 0.001 -12"><span class='ocrx_word' id='word_1_490' title='bbox 834 2661 921 2690; x_wconf 78' lang='lat' dir='ltr'>illud</span> <span class='ocrx_word' id='word_1_491' title='bbox 928 2660 1009 2701; x_wconf 81' lang='lat' dir='ltr'>jam</span> <span class='ocrx_word' id='word_1_492' title='bbox 1029 2671 1126 2691; x_wconf 58' lang='lat' dir='ltr'>suum</span> <span class='ocrx_word' id='word_1_493' title='bbox 1151 2671 1215 2691; x_wconf 81' lang='lat' dir='ltr'>non</span> <span class='ocrx_word' id='word_1_494' title='bbox 1238 2671 1311 2691; x_wconf 82' lang='lat' dir='ltr'>esse.</span> <span class='ocrx_word' id='word_1_495' title='bbox 1357 2662 1435 2691; x_wconf 81' lang='lat' dir='ltr'>Post</span> <span class='ocrx_word' id='word_1_496' title='bbox 1462 2665 1535 2693; x_wconf 81' lang='lat' dir='ltr'>tum</span> 
     </span>
     <span class='ocr_line' id='line_1_71' title="bbox 834 2703 1533 2743; baseline 0 -11"><span class='ocrx_word' id='word_1_497' title='bbox 834 2704 917 2742; x_wconf 78' lang='lat' dir='ltr'>ipsos</span> <span class='ocrx_word' id='word_1_498' title='bbox 935 2708 1045 2733; x_wconf 74' lang='lat' dir='ltr'>tamen</span> <span class='ocrx_word' id='word_1_499' title='bbox 1067 2708 1117 2735; x_wconf 81' lang='lat' dir='ltr'>est</span> <span class='ocrx_word' id='word_1_500' title='bbox 1140 2703 1173 2733; x_wconf 89' lang='lat' dir='ltr'>in</span> <span class='ocrx_word' id='word_1_501' title='bbox 1190 2703 1253 2734; x_wconf 88' lang='lat' dir='ltr'>Ms.</span> <span class='ocrx_word' id='word_1_502' title='bbox 1270 2703 1332 2733; x_wconf 89' lang='lat' dir='ltr'>Gu.</span> <span class='ocrx_word' id='word_1_503' title='bbox 1347 2708 1380 2734; x_wconf 85' lang='lat' dir='ltr'>et</span> <span class='ocrx_word' id='word_1_504' title='bbox 1395 2703 1466 2734; x_wconf 88' lang='lat' dir='ltr'>edd.</span> <span class='ocrx_word' id='word_1_505' title='bbox 1484 2712 1533 2743; x_wconf 81' lang='lat' dir='ltr'>pr.</span> 
     </span>
     <span class='ocr_line' id='line_1_72' title="bbox 834 2745 1536 2785; baseline 0.004 -11"><span class='ocrx_word' id='word_1_506' title='bbox 834 2749 904 2775; x_wconf 72' lang='lat' dir='ltr'>tum</span> <span class='ocrx_word' id='word_1_507' title='bbox 933 2746 1014 2785; x_wconf 79' lang='lat' dir='ltr'>ipsos</span> <span class='ocrx_word' id='word_1_508' title='bbox 1039 2749 1171 2776; x_wconf 80' lang='lat' dir='ltr'>tantum</span> <span class='ocrx_word' id='word_1_509' title='bbox 1197 2750 1245 2775; x_wconf 83' lang='lat' dir='ltr'>est</span> <span class='ocrx_word' id='word_1_510' title='bbox 1272 2756 1292 2776; x_wconf 87' lang='lat' dir='ltr'>a</span> <span class='ocrx_word' id='word_1_511' title='bbox 1318 2745 1353 2775; x_wconf 89' lang='lat' dir='ltr'>P.</span> <span class='ocrx_word' id='word_1_512' title='bbox 1368 2745 1536 2781; x_wconf 72' lang='lat' dir='ltr'>Manutio,</span> 
     </span>
     <span class='ocr_line' id='line_1_73' title="bbox 834 2787 1536 2827; baseline 0 -11"><span class='ocrx_word' id='word_1_513' title='bbox 834 2787 921 2826; x_wconf 89' lang='lat' dir='ltr'>quod</span> <span class='ocrx_word' id='word_1_514' title='bbox 934 2797 993 2826; x_wconf 83' lang='lat' dir='ltr'>per</span> <span class='ocrx_word' id='word_1_515' title='bbox 1007 2789 1233 2827; x_wconf 81' lang='lat' dir='ltr'>conjecturam</span> <span class='ocrx_word' id='word_1_516' title='bbox 1257 2788 1440 2826; x_wconf 79' lang='lat' dir='ltr'>corrigebat</span> <span class='ocrx_word' id='word_1_517' title='bbox 1467 2787 1536 2817; x_wconf 86' lang='lat' dir='ltr'>Ho-</span> 
     </span>
     <span class='ocr_line' id='line_1_74' title="bbox 834 2829 1539 2870; baseline 0 -11"><span class='ocrx_word' id='word_1_518' title='bbox 834 2835 1013 2860; x_wconf 83' lang='lat' dir='ltr'>tomannus</span> <span class='ocrx_word' id='word_1_519' title='bbox 1033 2834 1155 2868; x_wconf 67' lang='lat' dir='ltr'>tamem,</span> <span class='ocrx_word' id='word_1_520' title='bbox 1177 2830 1272 2870; x_wconf 82' lang='lat' dir='ltr'>idque</span> <span class='ocrx_word' id='word_1_521' title='bbox 1293 2830 1437 2862; x_wconf 74' lang='lat' dir='ltr'>restituit</span> <span class='ocrx_word' id='word_1_522' title='bbox 1453 2829 1539 2860; x_wconf 74' lang='lat' dir='ltr'>Gru-</span> 
     </span>
     <span class='ocr_line' id='line_1_75' title="bbox 837 2878 940 2902; baseline -0.01 0"><span class='ocrx_word' id='word_1_523' title='bbox 837 2878 940 2902; x_wconf 80' lang='lat' dir='ltr'>terus.</span> 
     </span>
    </p>
   </div>
  </div>
 </body>
</html>
