1907 3231
537 119 659 158 ACT.
689 117 740 158 11.
771 117 959 157 LIBER
985 118 1277 158 QUARTUS.
1514 121 1591 156 333

157 223 270 266 Cum
293 223 496 274 sederem,
518 224 674 280 inquit,
691 224 807 266 domi
831 223 980 273 tristis,
999 223 1184 264 accurrit
1204 221 1437 264 Venerius:
1463 223 1594 278 jubet

154 296 225 323 me
255 283 440 339 scyphos
472 281 681 337 sigillatos
713 283 765 323 ad
796 292 1026 338 praetorem
1057 280 1203 321 statim
1226 279 1390 320 afferre.
1423 295 1593 335 permo-

155 346 223 379 tus
247 355 353 390 sum,
377 339 541 395 inquit:
577 340 698 380 binos
722 340 959 380 habebam:
985 337 1121 393 jubeo
1145 337 1283 393 promi
1299 345 1514 391 utrosque,
1538 352 1592 377 ne

158 397 262 450 quid
295 397 388 453 plus
419 396 518 437 mali
549 407 808 448 nasceretur,
838 405 882 437 et
911 410 1080 436 mecum
1102 395 1153 435 ad
1186 394 1382 450 praetoris
1413 394 1591 434 domum

155 453 270 494 ferri.
330 455 370 484 30
386 453 450 494 Eo
481 468 581 494 cum
613 455 723 505 veni,
749 462 906 510 praetor
937 453 1208 508 quiescebat:
1241 450 1392 491 fratres
1424 450 1481 490 illi
1516 450 1591 491 Ci-

157 511 318 565 byratae
343 510 682 553 inambulabant.
706 512 876 567 qui,me
899 511 972 551 ubi
991 510 1204 560 viderunt,
1227 509 1302 550 ubi
1326 518 1439 558 sunt,
1465 507 1591 548 Pam-

152 567 283 623 phile,
315 568 530 623 inquiunt‚
563 570 740 624 scyphi?
782 568 961 610 ostendo
1003 568 1152 608 tristis.
1195 566 1388 607 laudant.
1428 565 1591 621 incipio

151 625 287 679 queri,
324 639 393 665 me
435 626 541 666 nihil
585 627 847 677 habiturum,
878 625 992 681 quod
1029 624 1210 679 alicujus
1240 633 1351 664 esset
1382 622 1524 679 pretii,
1556 621 1591 662 si

152 682 283 722 etiam
306 682 458 738 scyphi
482 693 623 724 essent
639 684 785 725 ablati.
810 694 901 724 tum
924 682 998 733 illi,
1015 683 1089 723 ubi
1112 697 1180 722 me
1199 681 1505 722 conturbatum
1527 679 1591 720 vi-

151 739 280 780 dent:
314 740 416 795 quid
449 741 507 781 vis
537 741 651 782 nobis
682 740 794 792 dare,
827 748 873 781 ut
899 740 967 780 isti
988 740 1059 780 ahs
1081 747 1118 780 te
1152 753 1202 780 ne
1227 735 1506 795 auferantur?
1535 751 1630 786 nep.
1644 747 1718 780 207.

151 796 302 849 multa,
326 798 542 838 sestertios
580 813 635 839 cc
668 813 751 849 me,
783 798 939 852 inquit,
962 805 1277 853 poposcerunt:
1310 796 1401 836 dixi
1424 809 1493 835 me
1515 794 1629 836 da-a‘

151 861 296 895 turum
320 869 358 895 c.
420 855 560 896 Vocat
581 857 743 896 interea
764 864 948 910 praetor:
982 853 1167 910 scyphos
1191 854 1345 909 poscit.
1370 861 1462 893 tum
1494 851 1588 893 illos

150 912 338 968 coepisse
358 913 531 967 praetori
553 912 708 963 dicere,
732 921 905 969 putasse
923 926 980 961 se,
1005 911 1047 952 id
1067 910 1183 966 quod
1205 910 1439 960 audissent,
1456 909 1591 951 alicu-

144 968 220 1024 jus
254 970 379 1025 pretii
415 970 600 1026 scyphos
636 984 727 1011 esse
759 968 997 1025 Pamphili:
1030 968 1194 1009 luteum
1224 968 1450 1024 negotium
1482 981 1588 1009 esse.

150 1041 236 1066 non
260 1027 456 1082 dignum,
478 1028 592 1082 quod
616 1027 659 1067 in
683 1043 760 1068 suo
782 1036 962 1082 argento
986 1025 1138 1066 Verres
1154 1025 1347 1066 haberet.
1399 1024 1476 1064 Ait
1503 1024 1589 1076 ille,

151 1083 266 1124 idem
303 1084 384 1124 sibi
423 1084 571 1125 videri.
609 1084 670 1125 ita
705 1084 958 1140 Pamphilus
989 1084 1175 1140 scyphos
1209 1083 1397 1139 optimos
1433 1081 1588 1123 aufert.

150 1139 208 1181 Et
229 1141 491 1182 mehercules
513 1157 596 1198 ego
627 1151 767 1194 antea,
790 1141 960 1182 tametsi
983 1143 1020 1171 31
1034 1141 1116 1182 hoc
1138 1141 1284 1181 nescio
1311 1140 1430 1196 quid,
1452 1154 1589 1196 nuga·
1599 1143 1649 1177 33

149 1198 308 1238 torium
333 1199 521 1240 sciebam
543 1214 648 1250 esse,
671 1200 754 1240 ista
774 1199 1036 1254 intelligere3
1062 1207 1203 1239 tamen
1220 1197 1365 1238 mirari
1384 1197 1589 1248 solebam,

149 1254 281 1296 istum
305 1256 348 1296 in
370 1256 437 1297 his
457 1256 559 1312 ipsis
581 1258 707 1298 rebus
738 1256 924 1311 aliquem
955 1269 1126 1296 sensum
1148 1255 1327 1307 habere3
1358 1269 1486 1310 quem
1509 1255 1592 1295 sci-

148 1327 240 1354 rem
262 1313 378 1354 nulla
399 1314 441 1354 in
464 1328 508 1356 re
528 1314 764 1370 quidquam
786 1313 924 1354 simile
945 1313 1132 1353 hominis
1154 1313 1327 1353 habere.
1371 1311 1483 1353 Tum
1504 1312 1592 1368 pri·
1609 1302 1675 1354 15

148 1384 270 1411 mum
291 1370 499 1422 intellexi,
516 1372 568 1412 ad
591 1386 685 1412 eam
716 1386 805 1412 rem
828 1371 932 1412 istos
955 1370 1106 1411 fratres
1129 1369 1359 1426 Cibyratas
1380 1369 1525 1421 fuisse,
1544 1378 1595 1412 ut

151 1428 233 1469 iste
255 1428 298 1469 in
317 1427 499 1470 furando
521 1429 720 1469 manibus
743 1429 843 1479 suis,
866 1428 1001 1469 oculis
1024 1428 1192 1469 illorum
1214 1437 1420 1469 uteretur.
1452 1426 1512 1467 At
1533 1427 1596 1468 ita

149 1485 367 1526 studiosus
390 1495 455 1526 est
475 1485 604 1541 hujus
635 1486 853 1542 praeclarae
889 1485 1240 1536 existimationis,
1272 1493 1321 1525 ut
1343 1494 1518 1541 putetur
1549 1484 1593 1526 in

149 1542 269 1584 hisce
290 1543 416 1583 rebus
440 1543 683 1600 intelligens
705 1558 811 1595 esse,
832 1553 881 1585 ut
903 1558 1040 1600 nuper
1055 1543 1218 1596 (videte
1236 1542 1424 1583 hominis
1446 1556 1594 1583 amen-

146 1600 274 1648 tiam)
295 1603 336 1632 32
346 1610 628 1656 posteaquam
641 1610 706 1642 est
722 1601 1143 1658 comperendinatim,
1157 1615 1255 1641 curn
1266 1600 1358 1655 jam
1374 1614 1452 1656 pro
1472 1599 1593 1640 dam-

147 1666 253 1699 nato
285 1666 545 1714 mortuoque
580 1668 705 1711 esset,
727 1659 838 1700 ludis
873 1658 1165 1709 Circensibus,
1188 1671 1315 1698 mane
1347 1660 1387 1688 3³
1402 1657 1516 1713 apud
1542 1657 1591 1699 L.

149 1715 391 1767 Sisennam,
426 1716 566 1757 virum
602 1716 868 1773 primarium,
907 1730 1007 1758 cum
1036 1725 1178 1756 essent
1218 1715 1405 1756 triclinia
1444 1722 1591 1767 strata,

148 1781 463 1828 argentumque
499 1775 748 1830 expositum
783 1774 826 1815 in
850 1775 1042 1825 aedibus;
1073 1787 1172 1814 cum
1204 1788 1282 1829 pro
1303 1773 1518 1829 dignitate
1541 1772 1591 1814 L.

151 1830 363 1882 Sisennae,
398 1830 551 1872 domus
587 1841 700 1873 esset
732 1832 859 1888 plena
908 1831 1133 1872 hominum
1176 1830 1592 1882 honestissimorum,

148 1890 190 1919 34
202 1887 431 1928 accesserit
451 1889 504 1931 ad
521 1899 763 1945 argentum,
786 1889 1069 1946 contemplari
1092 1888 1431 1944 unumquodque
1453 1887 1592 1929 otiose

147 1953 192 1985 et
211 1945 480 1987 considerare
501 1948 700 2002 coeperit.
761 1947 916 1989 Mirari
939 1946 1167 1988 stultitiam
1189 1946 1275 1996 alii,
1297 1945 1413 2002 quod
1430 1945 1473 1986 in
1495 1945 1591 2001 ipso

141 2002 328 2058 judicio,
351 2003 444 2058 ejus
480 2004 613 2059 ipsius
646 2004 911 2061 cupiditatis,
933 2004 1057 2060 cujus
1091 2003 1423 2055 insimularetur,
1453 2003 1592 2059 suspi-

148 2060 318 2101 cionem
340 2071 542 2117 augeret3
573 2061 643 2103 alii
681 2064 928 2113 amentiam,
951 2063 1021 2103 cui
1054 2061 1453 2117 comperendinato,
1490 2075 1593 2101 cum

148 2126 239 2159 tam
274 2118 400 2159 multi
432 2127 562 2159 testes
598 2120 823 2172 dixissent,
857 2120 1093 2176 quidquam
1131 2119 1301 2160 illorum
1343 2119 1508 2159 veniret
1546 2117 1591 2158 in

146 2183 353 2217 mentem.
386 2177 506 2232 pueri
527 2186 672 2218 autem
697 2177 905 2228 Sisennae,
926 2178 1069 2228 eredo,
1096 2177 1171 2232 qui
1192 2176 1472 2226 audivissent,
1492 2190 1591 2230 quae

148 2232 194 2273 in
223 2232 353 2274 istum
386 2235 636 2276 testimonia
666 2244 808 2276 essent
838 2236 970 2286 dicta,
996 2233 1144 2276 oculos
1177 2235 1229 2276 de
1265 2235 1348 2275 isto
1379 2247 1592 2289 nusquam

149 2289 351 2346 dejicere,
373 2306 512 2347 neque
533 2293 587 2333 ab
620 2302 799 2349 argento
822 2293 1008 2350 digitum
1033 2292 1266 2334 discedere.
1299 2291 1377 2333 Est
1398 2291 1500 2332 boni
1517 2292 1591 2347 ju·
1602 2301 1655 2337 34

190 2450 232 2479 30
247 2446 300 2479 Eo
322 2456 397 2478 cum
413 2448 520 2488 venio]
547 2449 599 2479 Sic
620 2448 695 2479 libri
720 2458 846 2486 omnes,

147 2496 266 2522 contra
279 2490 490 2521 latinitatem.
505 2492 631 2522 correxi
647 2493 729 2522 veni.

190 2535 228 2564 31
246 2534 303 2563 hoc
315 2535 418 2564 nescio
431 2534 521 2573 quid,
545 2544 580 2564 n.
600 2544 625 2565 s.
648 2544 674 2564 e.
689 2535 754 2564 ista
768 2533 844 2573 int]

146 2575 267 2607 Scaber
279 2574 332 2606 hic
346 2575 437 2606 loeus
450 2581 510 2607 est.
544 2576 691 2607 Graevius
705 2578 774 2613 hoe,
790 2582 848 2606 aut

148 2619 213 2648 ista
228 2616 340 2655 deleri,
354 2621 412 2648 aut
428 2628 486 2658 pro
500 2619 565 2649 ista
579 2619 676 2649 scribi
697 2620 747 2649 ica
762 2619 848 2649 vole-

147 2661 219 2732 bgtf
233 2669 252 2689 e
266 2659 328 2690 Ms.
346 2660 462 2691 Franc.
476 2671 618 2701 quocum
633 2662 848 2692 consentiunt

149 2713 168 2732 e
216 2725 224 2732 .
238 2711 288 2741 pr.

191 2746 232 2775 32
249 2749 462 2785 posteaquam
487 2750 534 2776 est
559 2746 677 2786 comp]
703 2744 850 2777 offendit

151 2797 204 2817 me
226 2791 286 2824 est,
308 2787 438 2818 videtur
460 2798 529 2819 esse
552 2789 668 2819 debere
687 2793 767 2820 esset
790 2792 849 2819 aut

152 2833 238 2860 erat.

190 2874 230 2903 33
252 2872 344 2913 apud
354 2871 396 2905 L.
413 2871 604 2916 Sisennam]
630 2873 682 2906 An
696 2874 759 2906 fuit
776 2878 851 2906 tum

892 2448 994 2479 aedilis
1011 2453 1046 2479 et
1057 2449 1164 2480 editor
1186 2448 1354 2486 ludorum,
1370 2452 1408 2479 ut
1422 2458 1462 2479 ea
1472 2447 1524 2478 die
1536 2448 1593 2478 do-

891 2501 964 2521 mus
991 2493 1062 2531 ejus
1083 2493 1132 2523 ita
1158 2492 1392 2530 celebraretur,
1419 2496 1453 2522 et
1481 2491 1593 2522 convi-

890 2534 980 2564 vium
996 2535 1065 2574 ipse
1079 2535 1125 2565 sic
1140 2535 1335 2575 appararet?

933 2579 974 2607 34
1007 2575 1363 2617 accesserit—emperit]
1400 2575 1547 2607 Graevius
1573 2585 1592 2606 e

891 2619 974 2650 Mes.
1011 2619 1138 2650 duobus
1171 2619 1260 2650 dedit
1295 2619 1589 2658 accessit,-coepit.

892 2662 944 2691 Sic
958 2666 992 2692 et
1007 2661 1072 2691 Ms.
1087 2663 1151 2692 Gu.
1166 2666 1201 2691 et
1212 2662 1284 2692 edd.
1299 2671 1349 2702 pr.
1364 2661 1461 2692 male.
1507 2661 1589 2692 Haee

892 2705 1055 2744 scriptura
1079 2710 1158 2735 nata
1174 2709 1225 2734 est
1238 2715 1256 2735 e
1277 2705 1396 2735 vitiosa
1417 2704 1590 2744 interpun-

893 2747 1012 2777 ctione.
1058 2747 1146 2777 Nam
1171 2747 1242 2777 edd.
1269 2757 1319 2788 pr.
1342 2747 1480 2777 habent:
1505 2755 1592 2777 mor-

892 2793 1009 2828 tuoque
1022 2793 1112 2820 esset.
1157 2789 1264 2820 Ludis
1284 2790 1360 2820 circ.
1383 2792 1423 2818 ut
1442 2789 1506 2820 Ms.
1529 2789 1593 2819 Gu.

892 2832 928 2862 in
942 2841 1006 2870 qua
1028 2832 1298 2872 interpunctione
1321 2832 1523 2873 conjunctivi
1545 2831 1594 2862 lo—

893 2883 970 2905 cum
985 2883 1053 2906 non
1065 2873 1242 2907 habebant.
