1907 3231
356 152 406 201 ⁵⁵⁹
949 151 1194 190 ORATIO
1228 173 1231 175 >

356 252 515 306 hibito,
547 268 634 296 non
655 255 796 296 dicam
820 255 913 296 viro
935 259 1008 308 (ne
1025 254 1228 296 colonum
1259 252 1371 296 forte
1403 252 1592 295 abfuisse
1616 251 1789 303 dicatis)

359 311 431 351 sed
466 313 598 353 bono·
617 313 734 364 vir03
763 313 810 353 in
838 312 913 353 filii
953 321 1084 366 caput
1115 311 1400 367 quaestionem
1438 311 1596 353 habere
1634 319 1792 352 conata

275 375 346 412 183
360 369 438 410 est.
497 368 566 410 An
589 369 672 412 hoc
692 369 860 410 dicitis?
885 369 989 408 mihi
1010 369 1126 408 enim
1150 369 1267 410 venit
1287 369 1331 410 in
1353 378 1558 420 mentem,
1579 367 1682 424 quid
1703 366 1789 408 dici

358 435 518 481 posset,
549 430 589 462 93
605 427 770 467 tametsi
796 425 936 465 adhuc
965 439 1052 465 non
1083 434 1196 466 esset
1219 426 1410 467 dictum:
1440 429 1589 468 94cum
1613 426 1790 466 habere-

359 492 428 524 tur
448 484 501 525 de
525 483 639 525 furto
661 483 858 539 quaestiO,
876 481 1123 523 Stratonem
1140 482 1301 537 aliquid
1321 483 1373 523 de
1395 497 1559 524 veneno
1581 495 1671 524 esse
1687 495 1790 524 con-

314 538 346 569 b.
359 539 545 582 fessum?
579 540 678 581 Hoc
701 554 785 580 uno
816 539 961 590 modo,
976 538 1161 594 judices,
1185 553 1300 594 saepe
1320 539 1552 582 multorum
1582 538 1792 596 improbi-

358 604 446 638 tate
468 598 666 653 depressa
692 596 845 637 veritas
869 597 1067 651 emergit,
1088 605 1132 637 et
1153 597 1414 637 innocentiae
1435 598 1628 639 defensio
1658 598 1791 638 inter-

356 654 473 696 clusa
493 654 696 708 respirat:
731 652 846 708 quod
868 662 944 693 aut
964 654 1010 704 ii,
1024 653 1097 708 qui
1120 654 1172 695 ad
1195 654 1389 695 fraudem
1408 654 1549 695 callidi
1571 664 1684 706 sunt,
1703 667 1791 695 non

358 721 524 752 tantum
547 710 721 760 audent,
740 719 948 765 quantum
971 712 1249 766 excogitant:
1282 720 1356 751 aut
1377 710 1452 761 illi,
1474 726 1656 766 quorum
1685 710 1793 752 emi-

355 777 430 809 net
452 767 646 817 audacia,
667 777 794 823 atque
813 768 1006 822 projecta
1026 777 1104 818 est,
1127 783 1152 809 a
1172 767 1362 809 consiliis
1383 767 1560 810 malitiae
1590 769 1793 810 deserun-

357 834 440 866 tur.
464 824 617 880 qnodsi
641 834 714 865 aut
747 825 968 865 confidens
990 826 1163 877 astutia,
1192 834 1267 866 aut
1293 825 1578 866 callidaesset
1597 825 1791 876 audacia,

356 882 432 922 vix
454 881 541 922 ullo
575 881 726 922 obsisti
764 882 893 923 modo
928 892 1087 939 posset,
1148 883 1305 924 Utrum
1327 881 1490 923 furtum
1520 882 1681 924 factum
1704 897 1792 924 non

355 941 448 980 cst?
479 947 527 979 ab
545 939 652 980 nihil
667 939 820 980 clarius
846 939 988 980 Larini
1010 939 1108 981 fuit.
1167 939 1238 980 An
1260 940 1312 981 ad
1336 940 1581 980 Stratonem
1604 940 1793 995 suspicio

357 1010 444 1036 non
464 996 698 1053 pertinuit?
729 1006 772 1037 at
791 998 826 1037 is
847 1006 890 1037 et
903 1011 957 1037 ex
973 996 1131 1038 serrula
1144 997 1431 1048 insimulatus,
1445 1006 1488 1037 et
1503 1012 1528 1037 a
1543 1011 1676 1053 puero
1688 1011 1791 1038 con-

358 1055 448 1095 scio
480 1061 544 1094 est
586 1053 815 1094 indicatus.
885 1053 954 1095 An
990 1054 1032 1095 id
1064 1064 1209 1096 actum
1239 1069 1325 1095 non
1356 1064 1420 1095 est
1452 1055 1496 1095 in
1532 1053 1792 1109 quaerendo?

361 1111 475 1156 Quae
496 1110 580 1151 fuit
602 1110 685 1152 alia
705 1111 839 1167 igitur
854 1126 984 1153 causa
1001 1112 1250 1166 quaerendi?
1282 1126 1350 1162 an,
1364 1112 1407 1152 id
1427 1112 1543 1167 quod
1562 1112 1793 1153 dicendum

360 1168 483 1208 vobis
505 1177 583 1218 est,
605 1178 649 1208 et
666 1168 780 1222 quod
804 1178 896 1210 tum
919 1169 1061 1209 Sassia
1082 1169 1326 1219 dictitabat,
1345 1183 1441 1210 cum
1465 1168 1518 1210 de
1538 1168 1655 1210 furto
1673 1181 1793 1225 quae-

362 1234 538 1276 reretur,
563 1235 653 1265 tum
687 1227 832 1266 Strato
871 1227 1021 1267 iisdem
1054 1227 1096 1266 in
1136 1227 1362 1267 tormentis
1393 1226 1506 1266 dixit
1535 1226 1589 1267 de
1609 1240 1790 1267 veneno.

278 1275 349 1308 134
364 1282 429 1323 En
445 1283 528 1324 hoc
551 1283 653 1324 illud
672 1292 750 1333 est,
767 1284 881 1338 quod
905 1293 1004 1324 ante
1026 1284 1140 1325 dixi:
1163 1287 1203 1318 95
1214 1283 1366 1324 mulier
1378 1283 1571 1324 abundat
1592 1283 1794 1325 audacia:

361 1340 541 1381 consilio
568 1349 611 1380 et
633 1341 798 1381 ratione
820 1341 1033 1382 deficitur.
1056 1356 1155 1382 nam
1178 1341 1346 1388 tabellae
1369 1341 1622 1395 quaestionis
1652 1340 1794 1397 plures

360 1397 650 1454 proferuntur,
673 1412 769 1452 quae
792 1399 983 1440 recitatae
1017 1399 1225 1454 vobisque
1255 1399 1383 1439 editae
1419 1407 1532 1449 sunt,
1555 1398 1639 1439 issae
1671 1397 1796 1453 ipsae,

359 1470 464 1509 quas
486 1456 527 1490 96
545 1465 636 1495 tum
658 1470 744 1496 non
769 1456 1020 1512 obsignatas
1043 1471 1134 1497 esse
1156 1457 1246 1496 dixi
1266 1473 1274 1498 :
1308 1456 1352 1496 in
1373 1455 1530 1510 quibus
1553 1454 1720 1496 tabellis
1741 1456 1796 1497 de

360 1512 475 1554 furto
506 1512 649 1553 littera
679 1512 795 1553 nulla
829 1513 1061 1554 invenitur.
1123 1513 1224 1554 Non
1256 1514 1374 1553 venit
1406 1514 1449 1554 in
1481 1521 1686 1563 mentem,
1707 1513 1795 1569 pri-

358 1583 473 1609 mam
504 1571 742 1610 orationem
766 1570 978 1611 Stratonis
1000 1571 1270 1611 conscribere
1288 1571 1340 1611 de
1361 1570 1495 1620 furto,
1514 1580 1614 1625 post
1633 1570 1796 1625 aliquid

359 1626 594 1683 adjungere
614 1627 779 1668 dictum
801 1627 853 1668 de
877 1642 1054 1679 veneno,
1083 1628 1199 1683 quod
1220 1642 1307 1668 non
1331 1627 1656 1683 percontatione
1676 1639 1796 1682 quae-

360 1683 506 1734 situm,
538 1684 608 1725 sed
640 1684 786 1724 dolore
808 1698 1059 1740 expressum
1090 1685 1321 1726 videretur.
1383 1684 1581 1730 Quaestio
1603 1684 1656 1725 de
1677 1684 1795 1725 furto

358 1749 438 1791 cst,
477 1741 629 1781 veneni
655 1741 749 1796 jam
782 1742 1039 1797 suspicione,
1072 1742 1289 1798 superiore
1320 1741 1574 1797 quaestione,
1605 1740 1795 1794 sublata3

360 1798 475 1852 quod
498 1798 638 1854 ipsum
670 1799 765 1840 haec
795 1800 943 1840 eadem
974 1799 1128 1839 muiier
1158 1799 1392 1840 indicarat:
1424 1813 1521 1854 quae
1553 1808 1602 1839 ut
1641 1798 1795 1840 Romae

360 1856 412 1895 de
426 1855 663 1896 amicorum
687 1856 899 1897 sententia
922 1866 1128 1897 statuerat
1150 1857 1251 1897 satis
1273 1870 1364 1897 esse
1382 1855 1628 1911 quaesitum,
1646 1866 1798 1912 postea

360 1927 437 1968 per
466 1912 699 1954 triennium
728 1914 918 1954 maxime
948 1928 1003 1954 ex
1026 1914 1226 1954 omnibus
1249 1914 1379 1954 servis
1411 1913 1657 1954 Stratonem
1677 1912 1798 1954 illum

362 1969 584 2020 dilexerat,
607 1970 651 2010 in
675 1971 837 2011 honore
859 1971 1082 2022 habuerat,
1100 1971 1338 2012 commodis
1360 1970 1561 2011 omnibus
1579 1969 1796 2011 affecerat.

278 2029 349 2063 185
365 2026 478 2068 Cum
500 2027 634 2083 igitur
664 2028 716 2068 de
739 2027 854 2069 furto
876 2038 1153 2084 quaereretur,
1175 2037 1218 2069 et
1239 2043 1290 2069 eo
1313 2027 1446 2079 furto,
1476 2027 1592 2082 quod
1615 2027 1684 2068 ille
1705 2027 1797 2068 sine

363 2086 658 2125 controversia
679 2084 864 2127 fecerat:
900 2096 989 2127 tum
1013 2085 1082 2126 ille
1100 2086 1152 2127 de
1174 2101 1240 2136 eo,
1262 2086 1379 2141 quod
1394 2085 1681 2140 quaerebatur,
1703 2099 1798 2126 ver-

361 2142 467 2182 bum
489 2141 653 2182 nullum
674 2141 806 2183 fecit?
837 2143 889 2183 de
910 2157 1075 2184 veneno
1099 2144 1244 2184 statim
1267 2143 1407 2183 dixit?
1429 2143 1482 2183 de
1503 2142 1634 2192 furto,
1657 2141 1692 2182 si
1710 2156 1797 2183 non

251 2230 282 2260 P·
301 2219 350 2249 57.
364 2213 415 2239 eo
436 2198 548 2249 loco,
577 2214 662 2254 quo
692 2199 856 2250 debuit,
879 2215 932 2241 ne
963 2201 1007 2241 in
1028 2210 1222 2241 extrema
1244 2201 1433 2256 quidem,
1454 2210 1529 2240 aut
1547 2199 1704 2250 media,
1725 2209 1802 2240 aut

324 2256 410 2310 ‹wo-in
440 2256 583 2310 aliqua
617 2256 801 2311 denique
833 2268 954 2313 parte
984 2258 1251 2312 quaestionis,
1284 2258 1463 2298 verbum
1499 2255 1605 2297 fecit
1635 2255 1802 2298 ullum?

282 2303 465 2358 60Jam
488 2314 655 2363 videtis,
673 2313 786 2354 illam
809 2314 1016 2356 nefariam
1038 2315 1469 2369 mulierem,judice5‚
1490 2313 1639 2354 eadem
1650 2328 1797 2363 manu,

365 2385 463 2425 qua,
487 2371 519 2410 si
542 2370 666 2411 detur
688 2381 892 2426 potestas,
915 2372 1154 2413 interficere
1176 2371 1313 2413 filium
1331 2372 1492 2428 cupiat,
1514 2371 1626 2411 hanc
1649 2370 1796 2412 fictam

360 2428 645 2483 quaestionem
669 2429 987 2485 conscripsisse.
1028 2429 1173 2486 Atque
1195 2430 1322 2470 istam
1345 2429 1481 2487 ipsam
1496 2428 1797 2484 quaestionem,

406 2603 445 2633 93
473 2602 604 2631 tametsi
620 2601 728 2631 adhuc
743 2611 805 2632 non
820 2607 898 2633 esset
919 2603 1059 2643 dictum]
1103 2607 1243 2634 memore
1257 2609 1308 2635 est
1323 2604 1356 2634 in
1367 2602 1438 2634 edd.
1452 2612 1504 2647 pr.
1526 2606 1560 2632 et
1573 2600 1652 2633 Mss.
1666 2601 1799 2641 quibus·

363 2641 430 2673 Aut
444 2647 490 2673 est
504 2644 600 2673 scribi
623 2643 738 2675 debere
762 2646 873 2684 putavi
897 2645 976 2675 olim
1000 2656 1059 2686 pro
1102 2646 1188 2676 dam.
1233 2646 1295 2676 Sed
1310 2647 1379 2676 sine
1394 2645 1492 2675 dubio
1505 2655 1523 2675 e
1537 2650 1618 2674 nota
1629 2644 1798 2684 marginis.

365 2689 455 2721 esset,
469 2691 528 2714 ant
549 2690 627 2716 ante
646 2691 763 2725 posset,
786 2693 821 2717 et
835 2688 972 2717 venitin
989 2699 1059 2728 per-
1144 2691 1184 2721 95
1217 2689 1339 2718 mulier
1365 2687 1512 2717 abundat
1535 2686 1693 2725 audacia]
1730 2686 1800 2717 Pri-

362 2727 449 2756 fecto
475 2728 683 2767 capiendum,
712 2728 797 2768 quod
826 2739 925 2769 prope
955 2732 1059 2770 magis
1102 2731 1232 2760 scianus
1248 2730 1347 2761 habet
1361 2730 1535 2760 abundans
1548 2729 1626 2759 aud.
1649 2729 1733 2760 nihil
1749 2739 1799 2759 re-

361 2768 522 2809 placebat.
567 2769 684 2809 Repeti
705 2770 820 2801 deinde
844 2771 878 2801 in
900 2771 950 2802 ed.
968 2774 1057 2807 1471.
1102 2772 1176 2803 fert.

355 2815 472 2852 posset.
517 2811 634 2850 Itaque
649 2813 694 2841 sic
708 2812 804 2842 edidi.
1144 2815 1187 2848 96
1202 2818 1273 2844 tum
1287 2814 1478 2852 obsignatas
1491 2822 1556 2843 esse
1569 2811 1652 2852 dia-z]
1671 2811 1800 2843 Adden-

403 2855 444 2886 94
457 2863 532 2883 cum
548 2854 722 2884 haberetur
736 2854 810 2894 &e.]
830 2855 976 2886 Graevius
992 2855 1059 2886 edi·
1101 2856 1179 2886 dum
1202 2865 1270 2886 esse
1293 2865 1368 2891 non,
1394 2855 1520 2895 Sylvius
1534 2854 1625 2884 vidit.
1649 2864 1698 2884 res
1713 2855 1802 2885 clara

361 2892 426 2925 dit:
460 2899 671 2926 mementote:
703 2906 778 2927 cum
805 2899 836 2927 h.
881 2899 966 2929 Sane
994 2908 1059 2929 me-
1101 2903 1183 2929 este
1204 2898 1367 2938 principio
1383 2908 1454 2938 cap.
1467 2897 1520 2928 66.
1552 2896 1667 2937 ltaque
1683 2895 1802 2927 addidi.
