1907 3231
506 126 632 165 ACT.
659 126 718 166 ΙΙ.
756 125 944 165 LIBER
973 126 1217 167 PRIMUS.
1510 132 1586 172 147

139 229 359 272 hominem
377 239 595 271 constaret
618 232 835 283 occisum;
859 240 1001 273 tamen
1022 240 1142 273 tanta
1163 230 1227 272 vis
1247 231 1369 273 istius
1392 232 1580 288 injuriae,

137 296 258 329 tanta
278 289 321 328 in
351 288 434 328 isto
464 288 719 344 improbitas
754 291 999 344 putabatur,
1031 298 1079 330 ut
1110 290 1164 330 de
1198 288 1455 331 Philodamo
1488 305 1579 331 am-

135 345 247 402 plius
278 345 644 402 pronuntiaretur.
706 346 825 392 Quid
859 362 941 403 ego
971 361 1087 387 nunc
1118 345 1213 386 63111
1247 345 1378 386 altera
1408 357 1577 388 actione
1590 353 1662 402 00

137 401 220 443 Cn.
245 401 480 443 Dolabellae
512 403 703 459 spiritus,
734 404 837 459 quid
869 404 998 459 hujus
1031 403 1148 458 laer)
1152 418 1242 443 mas
1276 413 1319 444 et
1348 418 1576 444 concursa-
1588 427 1641 463 75

135 459 272 500 tiones
294 459 535 524 proferam?
567 461 671 524 quid
695 460 746 502 C.
771 461 974 512 Neronis,
1004 461 1084 502 'viri
1108 460 1262 525 optimi
1293 470 1422 516 atque
1452 461 1620 505 inno-b.

133 516 384 567 centissimi,
409 517 657 558 nonnullis
647 531 690 558 ln
714 519 838 559 iebus
861 519 1054 560 animum
1076 518 1204 559 nlmis
1226 518 1426 559 timidum
1449 528 1578 573 atque

132 572 390 615 demissum?
421 574 495 629 qui
518 575 561 614 in
581 575 653 615 illa
673 590 717 616 re
738 578 779 608 64
791 577 894 631 quid
924 576 1065 617 facere
1099 576 1303 632 potuerit,
1335 590 1422 616 non
1446 575 1577 616 habe-

135 630 223 681 bat,
253 631 335 672 nisi
357 631 483 695 forte,
516 632 558 672 id
581 633 696 688 quod
720 648 867 674 omnes
890 643 984 675 tum
1013 633 1328 683 desiderabant,
1360 643 1407 673 ut
1430 642 1579 689 ageret

130 700 225 728 eam
250 703 339 729 rem
370 689 461 729 sine
486 689 615 730 Verre
648 701 692 730 et
724 690 964 732 Dolabella.
999 691 1209 746 quidquid
1244 700 1354 731 esset
1390 691 1480 730 sine
1512 690 1576 731 his

131 754 293 796 actum,
325 761 473 787 omnes
511 748 771 802 p1··:oba1ent
811 757 904 789 tum
946 762 1047 788 vero
1089 749 1204 802 quod
1247 748 1580 804 pronuntiatum

132 811 212 853 est,
259 818 346 844 non
390 818 464 860 per
508 804 723 845 Neronem
761 805 1024 860 judicatum,
1073 805 1145 845 sed
1188 819 1263 861 per
1311 804 1579 846 Dolabellam

125 870 327 916 ereptum
346 862 690 903 existimabatur.
712 860 1038 903 Condemnatur
1055 862 1170 903 enim
1184 865 1223 893 65
1237 877 1358 918 peip
1348 863 1465 903 aucis
1485 876 1580 903 sen-

133 917 279 958 tentiis
304 918 583 960 Philodamus
607 928 649 959 et
671 918 708 974 ej
719 934 763 959 us
784 919 910 960 filius.
971 918 1123 970 Adest,
1156 919 1303 970 instat,
1335 928 1460 976 uiget
1485 919 1579 960 Do-

131 971 298 1027 labella,
330 986 377 1017 ut
409 976 729 1041 quampiimum
763 977 900 1017 securi
943 976 1021 1017 feri
1026 990 1165 1027 antur,
1196 992 1282 1032 quo
1326 992 1456 1032 quam
1494 977 1578 1017 mi-

131 1032 248 1072 nime
269 1033 392 1074 multi
415 1048 470 1074 ex
498 1033 579 1074 illis
611 1034 663 1075 de
686 1034 808 1075 istius
831 1034 997 1075 nefario
1027 1009 1184 1075 sceler'e
1217 1035 1364 1075 audire
1382 1043 1573 1098 possent.

131 1088 456 1131 Constituitur
446 1106 491 1131 111
513 1091 608 1131 foro
630 1091 855 1133 Laodiceae
872 1091 1164 1156 spectaculum
1187 1093 1406 1143 acerbum,
1428 1102 1471 1132 et
1492 1091 1634 1137 1111-76

131 1157 287 1199 serum,
310 1157 353 1189 et
374 1163 506 1205 grave
529 1151 608 1189 toti
642 1148 759 1192 Asiae
791 1165 1051 1205 prov1n01ae3
1083 1150 1260 1206 grandis
1293 1160 1397 1190 natu
1421 1163 1575 1205 parens

129 1204 340 1247 adductus
363 1207 415 1247 ad
450 1206 736 1263 suppliciuin3
768 1221 822 1247 ex
856 1206 988 1247 altera
1021 1218 1142 1269 palte
1177 1207 1311 1249 filiu³2
1347 1207 1430 1257 ille,
1460 1206 1578 1261 quod

127 1262 387 1327 pudicitiam
413 1263 668 1315 liberorum;
710 1240 796 1314 liic,
832 1264 948 1320 quod
989 1266 1123 1304 vitam
1165 1265 1298 1320 patris
1329 1263 1578 1319 famamque

130 1320 286 1360 soloris
309 1320 572 1362 defenderat.
635 1320 787 1362 Flebat
820 1331 1013 1376 uterque,
1045 1336 1133 1362 non
1166 1322 1219 1362 de
1242 1337 1318 1362 suo
1347 1321 1577 1377 supplicio,

130 1377 202 1417 sed
226 1386 348 1434 pater
368 1379 421 1420 de
444 1378 520 1418 filii
539 1387 692 1430 morte,
710 1379 762 1419 de
783 1379 932 1435 patris,
955 1378 1082 1420 filius.
1146 1379 1264 1426 Quid
1287 1379 1404 1434 lacry
1414 1393 1578 1419 marum

127 1433 272 1490 ipsum
303 1435 522 1477 Neronem
563 1436 725 1492 putatis
767 1435 1035 1492 profudisse?
1085 1451 1214 1493 quem
1250 1437 1401 1477 fletum
1443 1436 1577 1476 totius

131 1491 249 1533 Asiae
284 1492 443 1535 fuisse?
475 1507 603 1549 quem
636 1494 799 1535 luctum
832 1504 876 1534 et
908 1493 1120 1558 gemitum
1156 1491 1577 1557 Lampsacenorum?

129 1549 266 1590 securi
299 1565 390 1592 esse
420 1565 643 1608 percussos
686 1551 883 1592 homines
917 1552 1184 1602 innocentes,
1218 1551 1399 1602 nobiles,
1434 1565 1574 1591 506105

127 1607 278 1671 populi
312 1607 500 1649 Romani
532 1617 662 1673 atque
692 1609 868 1659 amicos,
893 1618 1070 1664 propter
1101 1609 1291 1650 hominis
1324 1607 1576 1664 flagitiosis-

128 1664 224 1705 simi
248 1666 509 1723 singularem
531 1666 769 1721 nequitiam
800 1675 930 1722 atque
961 1666 1328 1722 improbissimam
1358 1665 1574 1721 cupidita-

127 1725 240 1765 tem?
271 1701 406 1766 Jam
386 1738 497 1780 jam,
529 1722 770 1788 Dolabella,
791 1723 980 1779 66neque
1013 1724 1090 1775 tui,
1113 1738 1251 1788 neque
1275 1733 1447 1764 tuorum
1468 1722 1638 1766 libe-77

127 1794 240 1845 rum,
271 1796 378 1837 quos
411 1791 459 1823 tu
488 1781 665 1822 miseros
701 1783 745 1823 in
776 1791 968 1837 egestate
989 1790 1119 1836 atque
1146 1797 1191 1822 m
1225 1780 1456 1822 solitudine
1478 1780 1577 1821 reli-

127 1838 275 1892 quisti,
308 1839 498 1880 misereri
538 1848 696 1904 potest.
766 1839 976 1880 Verresne
1017 1838 1095 1879 tibi
1126 1840 1236 1880 tanti
1270 1838 1368 1889 fuit,
1404 1847 1452 1878 ut
1482 1837 1577 1893 ejus

126 1894 354 1938 libidinem
375 1897 601 1938 hominum
624 1896 920 1938 innocentium
940 1897 1150 1952 sanguine
1172 1897 1231 1937 lui
1252 1895 1400 1936 velles.
1395 1897 1407 1916 ³
1440 1893 1577 1935 Idcir-

127 1967 237 1995 cone
259 1954 501 1996 exercitum
524 1962 654 2010 atque
675 1954 845 1996 hostem
867 1953 1156 2009 relinquebas,
1188 1962 1236 1995 ut
1258 1962 1333 1994 tua
1355 1952 1397 1993 xi
1420 1962 1463 1992 et
1481 1966 1578 1993 crn-

872 2068 1083 2108 sequentibus
1108 2068 1210 2098 etiam
1238 2066 1360 2098 rectius
1387 2066 1580 2138 prohassGent

874 2111 1048 2151 respondet
1073 2111 1119 2140 rei
1141 2115 1175 2141 et
1196 2109 1382 2140 sententiae.
1427 2108 1492 2138 Ms.

875 2153 907 2184 h.
924 2153 946 2183 l.
960 2160 1011 2184 est
1025 2153 1117 2183 valde
1132 2153 1279 2183 vitiatus.

12 2061 33 2119 ᾖ
165 2068 208 2099 63
223 2069 258 2099 in
272 2070 416 2099 alteram
429 2068 603 2108 actionem]
632 2067 708 2098 Sine
730 2066 830 2099 dubio

13 2108 33 2162 ᾗ
126 2110 241 2142 Cicero
255 2112 386 2152 scripsit
395 2113 432 2142 in
443 2113 529 2142 alter
530 2121 551 2141 α
563 2113 700 2147 actione,
714 2121 831 2151 nempe

13 2167 33 2194 (ι,
125 2151 165 2184 de
190 2153 398 2192 Philodamo,
432 2160 609 2195 postquam
636 2153 832 2198 ampliatum

123 2199 209 2232 erat,
224 2200 258 2226 et
278 2196 581 2237 comperendinatio
603 2196 700 2227 faeta.
730 2190 834 2226 Nam

124 2237 167 2269 ad
185 2238 358 2280 proferam
378 2249 445 2269 non
465 2239 624 2280 pertinet,
646 2244 681 2269 et
701 2239 836 2278 spiritus

125 2284 162 2310 et
176 2282 323 2312 lam-imae
342 2282 379 2311 in
400 2283 559 2313 actionem
583 2291 652 2311 non
666 2281 833 2311 dicuntur.

125 2323 214 2372 guia
225 2324 272 2355 sic
285 2329 336 2354 est
349 2333 400 2364 ap.
416 2324 608 2361 Asconium,
621 2324 740 2364 recepi,
754 2324 795 2353 it(
792 2333 835 2354 m

124 2365 164 2398 iix
181 2366 261 2397 Mss.
277 2365 392 2397 Frane.
414 2367 478 2397 Gu.
495 2366 674 2406 voluitque
693 2371 726 2396 et
744 2366 835 2396 Grae-

123 2408 196 2439 vius
211 2408 318 2446 edere,
342 2409 400 2440 sed
421 2419 528 2449 operae
550 2419 617 2439 non
641 2415 834 2449 paruerunt.

128 2449 191 2482 Pro
206 2452 426 2482 concursiones
439 2452 673 2482 Hotomannus
688 2451 834 2482 malebat

126 2494 396 2531 concursationes,
404 2494 491 2534 quod
505 2499 554 2525 est
567 2504 644 2524 53116
658 2494 830 2524 usitatius.

127 2539 163 2568 et
173 2537 394 2567 concursiones
404 2543 542 2585 possunt
554 2547 574 2568 e
589 2535 833 2577 compendiaria

127 2578 291 2619 scripuli-a
324 2580 425 2610 nasei.
449 2584 564 2610 tamen
590 2579 667 2609 ferri
703 2583 826 2619 posset:

130 2628 207 2652 nam
220 2624 254 2652 et
269 2630 461 2652 concurrere
475 2621 514 2652 de
535 2631 617 2659 uno,
630 2626 670 2651 ut
696 2631 829 2651 conc-ur-

127 2671 204 2695 eare
217 2661 348 2694 dicitur.
391 2664 454 2695 Sed
475 2664 552 2703 quia
573 2665 831 2694 concursationes

127 2704 225 2745 plane
237 2704 337 2736 habet
350 2706 415 2737 Ms.
430 2706 493 2737 Gn.
508 2707 626 2747 recepi.

131 2746 140 2750 “
170 2747 212 2778 64
222 2746 420 2787 quidfacere
429 2750 585 2788 potuerit,
599 2758 664 2779 non
679 2746 830 2786 habebat]

131 2789 206 2821 Hoc
232 2789 325 2820 nullo
353 2791 450 2821 modo
476 2801 590 2822 verum
619 2800 688 2821 esse
709 2796 832 2831 potest.

130 2832 246 2862 Cicero
269 2832 398 2873 scripsit
412 2838 490 2870 aut,
516 2834 597 2874 quid
605 2832 709 2874 facer
709 2837 752 2869 et,
775 2837 834 2863 aut

129 2884 158 2914 q.
159 2873 417 2918 faeerepossec:
438 2876 496 2909 ned
516 2875 599 2908 illud
620 2874 834 2908 meiius.1u

919 2196 959 2226 65
977 2196 1151 2236 perpaucis
1177 2193 1358 2233 sententiis]
1390 2193 1451 2223 int.
1480 2201 1582 2233 supra.

877 2247 1052 2268 numerum
1067 2247 1193 2274 earum,
1209 2247 1278 2276 qua?
1294 2235 1513 2266 absolverant.

919 2281 961 2311 66
986 2291 1086 2320 neque
1108 2279 1172 2318 tui]
1200 2279 1348 2309 Graevius
1376 2277 1503 2308 addidit
1528 2286 1580 2307 me

877 2328 952 2363 post
979 2324 1123 2363 primum
1158 2331 1271 2362 neque,
1299 2319 1387 2359 (uod
1416 2320 1579 2349 Gruterus

877 2367 1053 2403 omiserat;
1076 2374 1194 2404 nempe
1209 2365 1284 2402 quia
1297 2363 1332 2392 in
1347 2361 1418 2392 edd.
1434 2362 1579 2400 antiquis

878 2417 946 2438 non
968 2412 1031 2443 est,
1053 2417 1114 2437 nec
1136 2407 1206 2446 ipse
1228 2407 1264 2435 in
1286 2405 1366 2435 Mss.
1394 2410 1577 2444 repererat:

878 2450 1024 2480 Graevius
1059 2450 1093 2479 in
1122 2449 1186 2479 Ms.
1210 2457 1278 2477 uno
1302 2446 1435 2487 reperit,
1457 2455 1518 2485 ego
1545 2446 1581 2476 in

876 2492 983 2523 Guelf.
1009 2492 1108 2522 Addit
1133 2491 1235 2521 etiam
1259 2489 1429 2520 Asconius.
1473 2489 1508 2518 Si
1530 2494 1581 2519 est

875 2534 1073 2571 addendum,
1108 2533 1255 2568 mallem,
1289 2541 1342 2561 me
1377 2539 1478 2570 neque
1515 2532 1580 2568 tui,

872 2582 910 2608 ut
932 2576 1115 2608 Lambinus
1127 2575 1207 2606 fecit
1222 2578 1255 2604 et
1271 2583 1323 2615 ap.
1345 2571 1489 2613 Quintil.
1502 2572 1576 2602 edd.

872 2619 1035 2659 ‹mnaedam
1070 2623 1129 2648 aut
1164 2626 1266 2656 neque
1300 2616 1350 2646 tui
1379 2625 1443 2652 me,
1468 2624 1581 2654 neque.

871 2661 968 2702 Ouod
993 2664 1027 2691 et
1052 2659 1298 2690 Quintilianum
1320 2657 1440 2688 habere
1465 2656 1583 2686 dicunt

872 2705 935 2740 lx,
962 2707 989 2734 1.
1013 2702 1047 2733 id
1068 2707 1117 2732 est
1137 2703 1315 2736 incertum,
1341 2698 1582 2730 fluctuantibus

877 2747 911 2777 in
924 2727 982 2777 i'uo
996 2745 1069 2775 loco
1090 2744 1192 2774 libris.
1236 2743 1392 2773 Ceterum
1418 2751 1467 2772 me
1488 2741 1584 2771 mise-

876 2793 971 2819 retur
986 2788 1088 2818 etiam
1102 2797 1119 2816 e
1132 2786 1170 2816 L.
1178 2785 1282 2822 Crass
1276 2795 1286 2815 1
1296 2784 1447 2814 oratione
1456 2783 1586 2824 profert

877 2831 1063 2862 Priscianus
1081 2829 1120 2860 L.
1135 2828 1266 2867 V111.p

876 2873 1032 2905 Misereri
1043 2872 1150 2914 passis
1152 2881 1170 2904 e
1183 2875 1234 2905 at
1245 2870 1379 2903 Inveut.
1393 2868 1420 2900 1.
1432 2870 1484 2899 30.

813 2922 894 2958 *50

1269 2828 1365 2858 ‚BQ-4.
1382 2826 1433 2857 ed.
1450 2824 1587 2858 Putseh.
