1907 3231
302 97 378 133 9:38
829 97 892 135 IN
923 97 1198 135 VERREM

306 198 470 239 minum
493 214 541 240 ae
567 200 1012 256 locupletissimorum,
1034 211 1075 242 et
1107 200 1362 251 Siculorum,
1384 209 1427 242 et
1448 200 1607 242 civium
1638 196 1731 242 Ro-

306 268 528 296 manorum
561 258 846 299 ”maximum
881 273 1102 299 munerum
1134 259 1208 298 abs
1242 267 1283 298 te
1312 257 1586 298 abalienasti:
1618 270 1732 298 nunc

306 311 358 351 de
390 312 543 354 Siculis
573 316 820 355 civitatibus
854 315 955 369 quid
988 317 1114 370 ages?
1150 314 1294 365 Dices,
1325 315 1404 355 tibi
1437 313 1602 356 Siculos
1639 327 1732 355 esse

306 369 493 411 amicos?
524 371 595 425 qui
629 371 812 427 poteris?
845 372 933 425 qui,
955 372 1068 426 quod
1101 371 1214 412 nullo
1246 371 1288 411 in
1318 371 1492 412 homine
1522 381 1648 412 antea
1669 368 1731 412 fe-

306 437 469 476 ceruut,
495 439 538 467 ut
573 428 612 467 in
637 443 733 468 cum
767 428 936 483 publice
968 427 1257 468 testimouium
1280 427 1483 479 dicerent,
1502 443 1601 470 cum
1623 442 1733 492 prae-

307 484 450 523 sertim
474 498 525 524 ex
559 500 606 524 ca
640 485 858 539 provincia
881 484 1152 525 condemnati
1185 485 1270 526 siut
1291 484 1544 541 complures,
1565 500 1637 540 qu¹
1669 483 1731 526 ibi

306 551 509 636 pra-tores
543 542 726 587 fuerunt,
757 541 841 581 duo
874 540 948 581 soli
982 541 1190 592 absoluti3
1223 540 1306 582 huc
1338 542 1603 583 conveniunt
1632 556 1732 583 cum

323 596 470 642 itteris,
512 599 685 638 veniunt
724 612 820 637 cuin
862 597 1086 648 mandatis,
1125 597 1303 637 veniunt
1339 612 1438 638 cum
1477 597 1733 641 testimoniis

308 654 513 708 publicis:
563 655 650 708 qui,
688 655 771 693 72'si
817 665 856 694 tc
899 654 1132 704 laudarent,
1172 664 1312 694 tamen
1352 654 1394 694 id
1437 667 1553 696 more
1621 655 1734 698 otius

307 725 399 759 sun,
423 725 549 765 quam
575 712 724 751 merito
758 721 846 761 tuo,
870 711 1008 752 facere
1042 711 1298 752 viderentur.
1361 710 1420 751 Hi
1453 725 1550 752 cum
1602 726 1625 752 e
1648 712 1732 754 tuis

309 766 433 808 factis
458 767 626 822 publice
645 778 977 823 conqueruntur,
1001 784 1140 809 nonuc
1158 769 1239 808 hoc
1259 767 1462 819 indicant,
1486 778 1625 810 tantas
1643 783 1733 810 csse

251 874 265 882 .
311 823 501 877 injurias,
532 836 577 864 ut
608 824 742 866 multo
774 824 998 866 maluerint
1028 825 1080 866 de
1103 840 1178 865 suo
1210 839 1327 866 more
1357 825 1574 876 decedere,
1603 840 1733 881 quam

226 873 296 907 1⁰5
311 880 361 920 dc
385 882 466 921 tuis
488 882 675 922 moribus
697 897 779 923 uon
799 883 966 923 dicere?
998 881 1302 923 Confitendum
1322 893 1386 923 est
1410 881 1541 938 igitur
1560 882 1637 924 tibi
1660 897 1735 925 ne·

308 939 505 988 cessario,
529 939 693 980 Siculos
717 939 912 980 inimicos
933 953 1037 989 esse,
1060 939 1132 994 qui
1164 939 1336 994 quidem
1367 948 1410 979 et
1432 940 1475 980 iu
1498 948 1539 980 te
1569 939 1731 995 gravis-

309 995 415 1035 sima
434 995 647 1051 postulata
669 996 914 1037 consulibus
937 996 1161 1048 ediderint,
1182 1006 1225 1036 et
1245 1011 1327 1048 mc,
1350 1006 1395 1036 ut
1419 995 1528 1037 hanc
1548 1011 1735 1047 causam,

308 1051 539 1107 salutisque
572 1067 658 1093 suae
698 1052 988 1094 defensionem
1023 1054 1296 1110 susciperem,
1329 1053 1616 1105 obsecrarint;
1658 1053 1733 1108 qui

308 1122 405 1148 cum
437 1124 460 1149 a
492 1119 673 1164 praetore
706 1109 1047 1166 prohiberentur,
1079 1126 1103 1151 a
1129 1119 1311 1166 quatuor
1339 1109 1624 1164 quaestoribus
1655 1109 1736 1156 im-

264 1165 569 1220 b.pedirentur‚
602 1169 794 1208 omnium
821 1167 970 1218 minas,
1004 1178 1132 1222 atque
1162 1167 1307 1208 onmia
1337 1167 1537 1223 pericula,
1569 1181 1647 1223 pro
1668 1164 1758 1208 sa?

308 1221 396 1262 lure
427 1238 515 1273 sua,
547 1221 658 1264 levia
692 1224 919 1275 duxerint3
958 1225 1031 1280 qui
1066 1225 1204 1280 priore
1241 1224 1410 1265 actione
1448 1224 1509 1264 ita
1540 1223 1734 1264 testimo-

307 1279 379 1319 nia
403 1280 589 1335 graviter
619 1281 975 1337 vehementerque
1005 1282 1207 1331 dixerint,
1238 1291 1285 1322 ut
1314 1280 1591 1321 Artemonem
1624 1279 1738 1322 Cen·

309 1337 546 1392 turipiuum
581 1337 786 1394 legatum,
811 1349 852 1379 et
884 1339 1055 1394 publice
1088 1349 1254 1389 testem,
1287 1338 1344 1384 Q.
1377 1337 1635 1379 Hortensius
1665 1352 1736 1379 ac-

305 1404 560 1445 cusatorem,
593 1409 679 1436 non
713 1406 865 1436 testem
907 1410 996 1436 esse
1030 1396 1203 1437 diceret.
1263 1394 1486 1436 73Eteni1n
1527 1393 1596 1436 ille
1635 1409 1737 1436 cum

304 1462 480 1506 propter
511 1452 712 1493 virtutem
735 1462 777 1493 et
809 1452 933 1493 fidem
957 1468 1053 1494 cum
1086 1453 1304 1502 Androne,
1327 1452 1500 1493 homine
1521 1451 1736 1493 honestis-

307 1508 416 1548 simo
439 1519 481 1549 et
503 1509 756 1559 certissinm,
777 1517 867 1550 tum
889 1511 1018 1551 etiam
1052 1520 1224 1566 propter
1246 1508 1549 1564 eloquentiam,
1567 1509 1737 1565 legatus

308 1579 333 1604 a
364 1565 448 1606 suis
480 1565 646 1607 civibus
675 1566 833 1607 electus
855 1576 932 1617 est,
955 1577 1003 1608 ut
1033 1576 1176 1623 posset
1206 1566 1360 1606 multas
1391 1566 1513 1607 istius
1535 1575 1579 1608 et
1600 1565 1737 1606 varias

313 1621 488 1676 injurias
529 1638 656 1677 quam
689 1624 954 1680 apertissime
987 1625 1109 1665 vobis
1145 1623 1474 1680 planissimeque
1505 1622 1737 1680 explicare.

227 1668 299 1723 65
316 1678 531 1720 Dixerunt
553 1679 762 1732 Halesini,
782 1680 1358 1736 Catineuses‚Tyndaritani,
1380 1679 1612 1731 Ennenses,
1626 1678 1739 1740 Her-

314 1736 512 1787 bitenses,
532 1736 837 1793 Agyrinenses,
856 1738 1125 1788 Netineuses,
1143 1737 1382 1778 Senes-tani.
1405 1751 1625 1778 numerare
1647 1751 1740 1778 om·

312 1807 385 1834 nes
409 1809 493 1834 non
516 1804 579 1834 cst
611 1809 794 1835 neccsse.
826 1795 958 1847 scitis,
980 1810 1108 1851 quam
1141 1772 1262 1835 miiiti
1285 1804 1327 1834 et
1348 1809 1477 1849 quam
1498 1793 1634 1835 multa
1653 1793 1741 1851 pri-

226 1852 300 1890 157
313 1865 385 1891 ore
407 1851 575 1892 actione
598 1852 801 1893 dixerint.
834 1867 946 1893 nunc
968 1863 1011 1893 et
1039 1852 1097 1892 illi
1119 1862 1162 1892 et
1185 1851 1334 1907 reliqui
1356 1852 1515 1892 dicent.
1576 1851 1739 1892 Omnes

311 1908 494 1963 denique
525 1909 608 1950 hoc
631 1909 673 1949 in
699 1909 776 1950 hac
799 1924 926 1950 causa
948 1908 1202 1966 intelligent,
1225 1908 1307 1949 hoc
1338 1908 1481 1949 animo
1503 1922 1594 1950 esse
1616 1908 1739 1949 Sicu-

309 1964 386 2016 los,
410 1974 471 2017 ut,
495 1965 527 2005 si
552 1967 594 2006 in
618 1966 746 2006 istum
769 1967 1110 2007 animadversum
1133 1981 1218 2006 non
1243 1966 1311 2016 sit,
1335 1966 1417 2007 sibi
1442 1964 1739 2021 relinquendas

309 2022 459 2063 domos
481 2038 530 2064 ac
556 2023 673 2063 sedes
704 2038 813 2073 suaS‚
837 2034 878 2064 et
901 2038 953 2064 ex
979 2023 1125 2065 Sicilia
1145 2022 1451 2074 decedendum,
1473 2032 1601 2078 atque
1631 2021 1738 2063 adeo

310 2079 561 2135 fugiendum
593 2095 683 2121 esse
714 2081 986 2121 arbitrentur.
1049 2080 1144 2121 Hos
1173 2080 1368 2121 homines
1396 2089 1442 2120 tu
1465 2077 1739 2136 persuadebis

309 2137 362 2177 ad
386 2137 567 2178 honores
587 2147 714 2192 atque
733 2138 1059 2194 amplitudinem
1079 2148 1196 2178 tuam
1216 2137 1416 2193 pecunias
1434 2136 1645 2178 maximas
1665 2150 1740 2176 vo-

309 2192 473 2234 luntate
497 2209 571 2235 sua
601 2194 856 2236 contulisse?
887 2196 1029 2246 credo,
1049 2195 1122 2250 qui
1146 2204 1187 2235 te
1210 2195 1252 2234 in
1284 2205 1357 2235 tua
1377 2194 1553 2235 civitate
1575 2192 1740 2234 incolu-

309 2264 422 2291 mem
446 2265 535 2292 esse
556 2251 731 2302 nollent,
754 2251 797 2292 hi
828 2262 1107 2293 monumenta
1127 2260 1213 2292 tuae
1236 2250 1386 2292 formae
1408 2254 1458 2293 ac’
1487 2249 1673 2292 nominis
1695 2249 1740 2292 in

311 2308 396 2348 suis
427 2308 675 2349 civitatibus
707 2323 796 2349 esse
827 2309 1074 2365 cupiebant.
1137 2307 1221 2349 Res
1251 2307 1498 2359 declaravit,
1520 2317 1567 2349 ut
1591 2306 1739 2363 cupie-

311 2364 410 2405 rint.
427 2364 683 2419 jamdudum
707 2366 820 2406 euim
841 2366 945 2407 mihi
970 2367 1148 2407 nimium
1168 2365 1351 2406 tenuiter
1374 2365 1615 2406 Siculorum
1635 2377 1741 2420 erga.

315 2430 355 2461 te
378 2422 610 2463 voluntatis
631 2434 883 2478 argumenta
911 2423 1112 2480 colligere
1134 2423 1294 2473 videor,
1318 2431 1458 2463 utrum
1481 2431 1642 2462 statuas
1664 2435 1741 2461 vo-

229 2477 470 2526 15gluerint
501 2480 579 2520 tibi
611 2489 810 2531 statuere,
832 2495 885 2521 an
907 2481 1046 2522 coacti
1078 2481 1177 2522 sint.
1238 2477 1305 2521 De
1335 2494 1420 2534 quo
1451 2478 1626 2520 homine
1654 2477 1740 2519 hoc

315 2536 507 2577 auditum
525 2547 588 2578 est
608 2551 825 2593 umquam,
844 2538 958 2593 quod
980 2538 1058 2580 tibi
1080 2537 1252 2590 accidit,
1274 2545 1322 2577 ut
1342 2536 1434 2591 ejus
1457 2535 1501 2576 in
1517 2535 1742 2592 provincia

353 2662 387 2692 7!
417 2664 598 2690 natta-imum
621 2671 793 2691 numerum
809 2662 910 2691 abste
927 2662 1005 2691 aba·
1089 2663 1130 2694 79
1151 2662 1179 2691 si
1202 2665 1232 2690 te
1251 2659 1440 2699 laudarent]
1466 2659 1603 2690 Publice
1625 2657 1742 2696 delevi,

312 2701 454 2740 limasti]
482 2704 663 2732 maa-imum
685 2702 769 2733 edidi
791 2714 808 2733 e
829 2703 907 2733 Mss.
929 2714 1003 2733 cum
1047 2714 1064 2733 e
1092 2703 1155 2733 Ms.
1183 2703 1296 2733 Franc.
1325 2712 1400 2732 nam
1429 2701 1543 2741 Frigide
1569 2700 1741 2738 redundat,

312 2743 450 2773 ssraeviu.
494 2745 545 2774 Sic
559 2751 591 2774 et
605 2745 675 2774 edd.
692 2750 770 2775 vett.
804 2746 1006 2776 Abalienascz·
1047 2755 1146 2785 quum
1161 2755 1198 2775 ex
1213 2744 1479 2775 antecedentibus
1493 2743 1721 2782 intelligatur)

311 2790 373 2819 ⁶⁵¹,
402 2795 421 2815 a
446 2792 480 2817 te
508 2786 644 2824 alienos,
671 2787 732 2818 tibi
762 2787 910 2819 'mimicos
937 2796 1005 2820 esse
1089 2789 1129 2820 73
1152 2787 1289 2818 Etenim
1325 2785 1392 2825 ille]
1423 2785 1540 2817 Addidi
1575 2786 1632 2816 ine
1665 2794 1741 2816 cum

312 2826 430 2857 dixisti.
1048 2829 1176 2860 Graevio
1190 2839 1208 2860 e
1223 2829 1285 2861 Ms.
1299 2829 1436 2870 optimo.
