<?xml version="1.0" encoding="UTF-8"?>
<!DOCTYPE html PUBLIC "-//W3C//DTD XHTML 1.0 Transitional//EN"
    "http://www.w3.org/TR/xhtml1/DTD/xhtml1-transitional.dtd">
<html xmlns="http://www.w3.org/1999/xhtml" xml:lang="en" lang="en">
 <head>
  <title>
</title>
<meta http-equiv="Content-Type" content="text/html;charset=utf-8" />
  <meta name='ocr-system' content='tesseract 3.04.00' />
  <meta name='ocr-capabilities' content='ocr_page ocr_carea ocr_par ocr_line ocrx_word'/>
</head>
<body>
  <div class='ocr_page' id='page_1' title='image "./p1operaomnia02ciceuoft_0678.png"; bbox 0 0 1907 3231; ppageno 0'>
   <div class='ocr_carea' id='block_1_1' title="bbox 166 150 1747 2271">
    <p class='ocr_par' dir='ltr' id='par_1_1' title="bbox 303 150 1740 422">
     <span class='ocr_line' id='line_1_1' title="bbox 303 150 1228 188; baseline 0.001 -1"><span class='ocrx_word' id='word_1_1' title='bbox 303 152 380 187; x_wconf 75' lang='lat'>654</span> <span class='ocrx_word' id='word_1_2' title='bbox 864 150 1113 188; x_wconf 74' lang='lat' dir='ltr'><strong>ORATIO</strong></span> <span class='ocrx_word' id='word_1_3' title='bbox 1146 150 1180 188; x_wconf 82' lang='lat'>1.</span> <span class='ocrx_word' id='word_1_4' title='bbox 1223 153 1228 155; x_wconf 77' lang='grc'><em>“</em></span> 
     </span>
     <span class='ocr_line' id='line_1_2' title="bbox 304 252 1739 310; baseline 0.001 -15"><span class='ocrx_word' id='word_1_5' title='bbox 304 254 450 295; x_wconf 84' lang='lat' dir='ltr'>animo</span> <span class='ocrx_word' id='word_1_6' title='bbox 483 267 569 294; x_wconf 90' lang='lat' dir='ltr'>non</span> <span class='ocrx_word' id='word_1_7' title='bbox 602 257 739 310; x_wconf 83' lang='lat' dir='ltr'>potes,</span> <span class='ocrx_word' id='word_1_8' title='bbox 768 255 887 296; x_wconf 77' lang='lat' dir='ltr'>abire</span> <span class='ocrx_word' id='word_1_9' title='bbox 921 256 963 295; x_wconf 88' lang='lat' dir='ltr'>in</span> <span class='ocrx_word' id='word_1_10' title='bbox 994 254 1156 308; x_wconf 87' lang='lat' dir='ltr'>aliquas</span> <span class='ocrx_word' id='word_1_11' title='bbox 1184 261 1330 305; x_wconf 82' lang='lat' dir='ltr'>terras,</span> <span class='ocrx_word' id='word_1_12' title='bbox 1361 261 1405 296; x_wconf 85' lang='lat' dir='ltr'>et</span> <span class='ocrx_word' id='word_1_13' title='bbox 1434 254 1567 296; x_wconf 87' lang='lat' dir='ltr'>vitam</span> <span class='ocrx_word' id='word_1_14' title='bbox 1598 252 1739 306; x_wconf 65' lang='lat' dir='ltr'>istam,</span> 
     </span>
     <span class='ocr_line' id='line_1_3' title="bbox 304 311 1740 368; baseline 0.001 -17"><span class='ocrx_word' id='word_1_15' title='bbox 304 311 451 352; x_wconf 86' lang='lat' dir='ltr'>multis</span> <span class='ocrx_word' id='word_1_16' title='bbox 473 311 695 367; x_wconf 77' lang='lat' dir='ltr'>suppliciis</span> <span class='ocrx_word' id='word_1_17' title='bbox 710 312 840 367; x_wconf 85' lang='lat' dir='ltr'>justis</span> <span class='ocrx_word' id='word_1_18' title='bbox 863 311 1105 366; x_wconf 83' lang='lat' dir='ltr'>debitisque</span> <span class='ocrx_word' id='word_1_19' title='bbox 1122 320 1327 368; x_wconf 84' lang='lat' dir='ltr'>ereptam,</span> <span class='ocrx_word' id='word_1_20' title='bbox 1350 311 1466 368; x_wconf 82' lang='lat' dir='ltr'>fugae</span> <span class='ocrx_word' id='word_1_21' title='bbox 1498 312 1740 353; x_wconf 71' lang='lat' dir='ltr'>solitudini·</span> 
     </span>
     <span class='ocr_line' id='line_1_4' title="bbox 304 370 641 422; baseline 0.006 -14"><span class='ocrx_word' id='word_1_22' title='bbox 304 382 389 422; x_wconf 90' lang='lat' dir='ltr'>que</span> <span class='ocrx_word' id='word_1_23' title='bbox 412 370 641 411; x_wconf 77' lang='lat' dir='ltr'>mandare?</span> 
     </span>
    </p>

    <p class='ocr_par' dir='ltr' id='par_1_2' title="bbox 304 423 1742 939">
     <span class='ocr_line' id='line_1_5' title="bbox 363 423 1740 481; baseline 0 -15"><span class='ocrx_word' id='word_1_24' title='bbox 363 425 508 476; x_wconf 82' lang='lat' dir='ltr'>Refer,</span> <span class='ocrx_word' id='word_1_25' title='bbox 531 426 686 480; x_wconf 82' lang='lat' dir='ltr'>inquis,</span> <span class='ocrx_word' id='word_1_26' title='bbox 720 425 772 465; x_wconf 87' lang='lat' dir='ltr'>ad</span> <span class='ocrx_word' id='word_1_27' title='bbox 802 432 1022 465; x_wconf 88' lang='lat' dir='ltr'>senatum.</span> <span class='ocrx_word' id='word_1_28' title='bbox 1053 423 1098 464; x_wconf 90' lang='lat' dir='ltr'>id</span> <span class='ocrx_word' id='word_1_29' title='bbox 1127 424 1242 465; x_wconf 89' lang='lat' dir='ltr'>enim</span> <span class='ocrx_word' id='word_1_30' title='bbox 1272 424 1477 481; x_wconf 83' lang='lat' dir='ltr'>postulas,</span> <span class='ocrx_word' id='word_1_31' title='bbox 1509 434 1567 475; x_wconf 87' lang='lat' dir='ltr'>et,</span> <span class='ocrx_word' id='word_1_32' title='bbox 1596 424 1634 465; x_wconf 87' lang='lat' dir='ltr'>si</span> <span class='ocrx_word' id='word_1_33' title='bbox 1660 423 1740 466; x_wconf 81' lang='lat' dir='ltr'>hic</span> 
     </span>
     <span class='ocr_line' id='line_1_6' title="bbox 304 481 1741 538; baseline 0 -16"><span class='ocrx_word' id='word_1_34' title='bbox 304 482 411 523; x_wconf 87' lang='lat' dir='ltr'>01do</span> <span class='ocrx_word' id='word_1_35' title='bbox 434 483 600 538; x_wconf 84' lang='lat' dir='ltr'>placere</span> <span class='ocrx_word' id='word_1_36' title='bbox 621 482 700 522; x_wconf 85' lang='lat' dir='ltr'>sibi</span> <span class='ocrx_word' id='word_1_37' title='bbox 724 481 974 531; x_wconf 86' lang='lat' dir='ltr'>decreverit,</span> <span class='ocrx_word' id='word_1_38' title='bbox 998 490 1039 521; x_wconf 91' lang='lat' dir='ltr'>te</span> <span class='ocrx_word' id='word_1_39' title='bbox 1071 481 1132 521; x_wconf 83' lang='lat' dir='ltr'>ire</span> <span class='ocrx_word' id='word_1_40' title='bbox 1161 481 1206 522; x_wconf 86' lang='lat' dir='ltr'>in</span> <span class='ocrx_word' id='word_1_41' title='bbox 1228 482 1442 532; x_wconf 79' lang='lat' dir='ltr'>exsilium,</span> <span class='ocrx_word' id='word_1_42' title='bbox 1464 485 1500 513; x_wconf 79' lang='lat'>5¹</span> <span class='ocrx_word' id='word_1_43' title='bbox 1517 482 1741 538; x_wconf 86' lang='lat' dir='ltr'>obtempe-</span> 
     </span>
     <span class='ocr_line' id='line_1_7' title="bbox 305 537 1742 593; baseline -0.001 -13"><span class='ocrx_word' id='word_1_44' title='bbox 305 550 497 580; x_wconf 81' lang='lat' dir='ltr'>raturum</span> <span class='ocrx_word' id='word_1_45' title='bbox 529 551 570 580; x_wconf 83' lang='lat' dir='ltr'>te</span> <span class='ocrx_word' id='word_1_46' title='bbox 599 553 690 578; x_wconf 80' lang='lat' dir='ltr'>esse</span> <span class='ocrx_word' id='word_1_47' title='bbox 719 537 841 578; x_wconf 80' lang='lat' dir='ltr'>dieis.</span> <span class='ocrx_word' id='word_1_48' title='bbox 903 538 1004 578; x_wconf 85' lang='lat' dir='ltr'>Non</span> <span class='ocrx_word' id='word_1_49' title='bbox 1038 537 1232 588; x_wconf 81' lang='lat' dir='ltr'>referam,</span> <span class='ocrx_word' id='word_1_50' title='bbox 1263 538 1307 578; x_wconf 92' lang='lat' dir='ltr'>id</span> <span class='ocrx_word' id='word_1_51' title='bbox 1340 539 1454 593; x_wconf 92' lang='lat' dir='ltr'>quod</span> <span class='ocrx_word' id='word_1_52' title='bbox 1482 539 1685 579; x_wconf 81' lang='lat' dir='ltr'>abhorret</span> <span class='ocrx_word' id='word_1_53' title='bbox 1715 550 1742 578; x_wconf 85' lang='lat' dir='ltr'>a</span> 
     </span>
     <span class='ocr_line' id='line_1_8' title="bbox 306 594 1740 650; baseline -0.001 -13"><span class='ocrx_word' id='word_1_54' title='bbox 306 597 411 637; x_wconf 86' lang='lat' dir='ltr'>meis</span> <span class='ocrx_word' id='word_1_55' title='bbox 434 597 650 637; x_wconf 86' lang='lat' dir='ltr'>moribus:</span> <span class='ocrx_word' id='word_1_56' title='bbox 682 604 724 635; x_wconf 92' lang='lat' dir='ltr'>et</span> <span class='ocrx_word' id='word_1_57' title='bbox 747 603 889 635; x_wconf 85' lang='lat' dir='ltr'>tamen</span> <span class='ocrx_word' id='word_1_58' title='bbox 913 595 1084 645; x_wconf 87' lang='lat' dir='ltr'>faciam,</span> <span class='ocrx_word' id='word_1_59' title='bbox 1106 605 1155 635; x_wconf 84' lang='lat' dir='ltr'>ut</span> <span class='ocrx_word' id='word_1_60' title='bbox 1185 594 1412 650; x_wconf 80' lang='lat' dir='ltr'>intelligas,</span> <span class='ocrx_word' id='word_1_61' title='bbox 1431 594 1534 650; x_wconf 91' lang='lat' dir='ltr'>quid</span> <span class='ocrx_word' id='word_1_62' title='bbox 1557 596 1598 636; x_wconf 88' lang='lat' dir='ltr'>hi</span> <span class='ocrx_word' id='word_1_63' title='bbox 1623 595 1675 636; x_wconf 91' lang='lat' dir='ltr'>de</span> <span class='ocrx_word' id='word_1_64' title='bbox 1697 603 1740 636; x_wconf 85' lang='lat' dir='ltr'>te</span> 
     </span>
     <span class='ocr_line' id='line_1_9' title="bbox 306 651 1741 710; baseline -0.001 -16"><span class='ocrx_word' id='word_1_65' title='bbox 306 654 507 694; x_wconf 81' lang='lat' dir='ltr'>sentiant.</span> <span class='ocrx_word' id='word_1_66' title='bbox 570 652 783 707; x_wconf 80' lang='lat' dir='ltr'>Egiedere</span> <span class='ocrx_word' id='word_1_67' title='bbox 803 666 857 692; x_wconf 78' lang='lat' dir='ltr'>ex</span> <span class='ocrx_word' id='word_1_68' title='bbox 889 653 1007 702; x_wconf 88' lang='lat' dir='ltr'>urbe,</span> <span class='ocrx_word' id='word_1_69' title='bbox 1032 651 1243 693; x_wconf 81' lang='lat' dir='ltr'>Catilina:</span> <span class='ocrx_word' id='word_1_70' title='bbox 1276 651 1411 693; x_wconf 85' lang='lat' dir='ltr'>libera</span> <span class='ocrx_word' id='word_1_71' title='bbox 1430 651 1741 710; x_wconf 82' lang='lat' dir='ltr'>rempublicam</span> 
     </span>
     <span class='ocr_line' id='line_1_10' title="bbox 306 708 1740 764; baseline -0.001 -14"><span class='ocrx_word' id='word_1_72' title='bbox 306 721 447 751; x_wconf 85' lang='lat' dir='ltr'>metu:</span> <span class='ocrx_word' id='word_1_73' title='bbox 482 710 526 750; x_wconf 89' lang='lat' dir='ltr'>in</span> <span class='ocrx_word' id='word_1_74' title='bbox 549 708 764 759; x_wconf 80' lang='lat' dir='ltr'>exsilium,</span> <span class='ocrx_word' id='word_1_75' title='bbox 795 709 828 749; x_wconf 92' lang='lat' dir='ltr'>si</span> <span class='ocrx_word' id='word_1_76' title='bbox 858 709 969 750; x_wconf 87' lang='lat' dir='ltr'>hanc</span> <span class='ocrx_word' id='word_1_77' title='bbox 1003 723 1173 750; x_wconf 84' lang='lat' dir='ltr'>vocem</span> <span class='ocrx_word' id='word_1_78' title='bbox 1185 718 1425 764; x_wconf 81' lang='lat' dir='ltr'>exspectas,</span> <span class='ocrx_word' id='word_1_79' title='bbox 1455 710 1740 764; x_wconf 83' lang='lat' dir='ltr'>proficiscere.</span> 
     </span>
     <span class='ocr_line' id='line_1_11' title="bbox 309 766 1740 821; baseline 0 -14"><span class='ocrx_word' id='word_1_80' title='bbox 309 767 426 813; x_wconf 80' lang='lat' dir='ltr'>Quid</span> <span class='ocrx_word' id='word_1_81' title='bbox 465 776 543 816; x_wconf 89' lang='lat' dir='ltr'>est,</span> <span class='ocrx_word' id='word_1_82' title='bbox 575 766 791 806; x_wconf 83' lang='lat' dir='ltr'>Catilina?</span> <span class='ocrx_word' id='word_1_83' title='bbox 821 766 974 820; x_wconf 82' lang='lat' dir='ltr'>ecquid</span> <span class='ocrx_word' id='word_1_84' title='bbox 1011 766 1213 816; x_wconf 82' lang='lat' dir='ltr'>attendis,</span> <span class='ocrx_word' id='word_1_85' title='bbox 1245 766 1399 821; x_wconf 89' lang='lat' dir='ltr'>ecquid</span> <span class='ocrx_word' id='word_1_86' title='bbox 1437 766 1740 807; x_wconf 82' lang='lat' dir='ltr'>animadvertis</span> 
     </span>
     <span class='ocr_line' id='line_1_12' title="bbox 306 823 1741 878; baseline 0 -14"><span class='ocrx_word' id='word_1_87' title='bbox 306 823 461 864; x_wconf 88' lang='lat' dir='ltr'>horum</span> <span class='ocrx_word' id='word_1_88' title='bbox 487 823 731 864; x_wconf 88' lang='lat' dir='ltr'>silentium?</span> <span class='ocrx_word' id='word_1_89' title='bbox 764 823 999 878; x_wconf 85' lang='lat' dir='ltr'>patiuntur,</span> <span class='ocrx_word' id='word_1_90' title='bbox 1023 832 1181 864; x_wconf 77' lang='lat' dir='ltr'>tacent.</span> <span class='ocrx_word' id='word_1_91' title='bbox 1213 823 1315 878; x_wconf 86' lang='lat' dir='ltr'>quid</span> <span class='ocrx_word' id='word_1_92' title='bbox 1338 831 1564 878; x_wconf 75' lang='lat' dir='ltr'>exspectas</span> <span class='ocrx_word' id='word_1_93' title='bbox 1593 831 1741 864; x_wconf 82' lang='lat' dir='ltr'>aucto-</span> 
     </span>
     <span class='ocr_line' id='line_1_13' title="bbox 306 880 1742 944; baseline 0 -24"><span class='ocrx_word' id='word_1_94' title='bbox 306 880 475 921; x_wconf 85' lang='lat' dir='ltr'>ritatem</span> <span class='ocrx_word' id='word_1_95' title='bbox 507 880 789 944; x_wconf 82' lang='lat' dir='ltr'>loquentium,</span> <span class='ocrx_word' id='word_1_96' title='bbox 812 895 993 935; x_wconf 87' lang='lat' dir='ltr'>quorum</span> <span class='ocrx_word' id='word_1_97' title='bbox 1027 880 1290 921; x_wconf 83' lang='lat' dir='ltr'>voluntatem</span> <span class='ocrx_word' id='word_1_98' title='bbox 1318 880 1549 921; x_wconf 86' lang='lat' dir='ltr'>tacitorum</span> <span class='ocrx_word' id='word_1_99' title='bbox 1577 880 1742 944; x_wconf 83' lang='lat' dir='ltr'>perspi-</span> 
     </span>
    </p>

    <p class='ocr_par' dir='ltr' id='par_1_3' title="bbox 243 936 1747 1679">
     <span class='ocr_line' id='line_1_14' title="bbox 243 936 1741 1000; baseline -0.001 -22"><span class='ocrx_word' id='word_1_100' title='bbox 243 948 289 982; x_wconf 54' lang='grc'>51</span> <span class='ocrx_word' id='word_1_101' title='bbox 307 937 394 979; x_wconf 83' lang='lat' dir='ltr'>cis?</span> <span class='ocrx_word' id='word_1_102' title='bbox 425 936 485 978; x_wconf 89' lang='lat' dir='ltr'>At</span> <span class='ocrx_word' id='word_1_103' title='bbox 517 953 551 978; x_wconf 89' lang='lat' dir='ltr'>Sl</span> <span class='ocrx_word' id='word_1_104' title='bbox 583 937 664 978; x_wconf 90' lang='lat' dir='ltr'>hoc</span> <span class='ocrx_word' id='word_1_105' title='bbox 688 937 799 978; x_wconf 87' lang='lat' dir='ltr'>idem</span> <span class='ocrx_word' id='word_1_106' title='bbox 824 937 924 978; x_wconf 87' lang='lat' dir='ltr'>huic</span> <span class='ocrx_word' id='word_1_107' title='bbox 954 937 1213 978; x_wconf 84' lang='lat' dir='ltr'>adolescenti</span> <span class='ocrx_word' id='word_1_108' title='bbox 1236 937 1418 1000; x_wconf 86' lang='lat' dir='ltr'>optimo,</span> <span class='ocrx_word' id='word_1_109' title='bbox 1443 937 1493 977; x_wconf 90' lang='lat' dir='ltr'>P.</span> <span class='ocrx_word' id='word_1_110' title='bbox 1517 937 1683 988; x_wconf 84' lang='lat' dir='ltr'>Sextio,</span> <span class='ocrx_word' id='word_1_111' title='bbox 1707 951 1741 977; x_wconf 86' lang='grc'>51</span> 
     </span>
     <span class='ocr_line' id='line_1_15' title="bbox 305 993 1742 1058; baseline -0.001 -23"><span class='ocrx_word' id='word_1_112' title='bbox 305 994 541 1035; x_wconf 78' lang='lat' dir='ltr'>fortissimo</span> <span class='ocrx_word' id='word_1_113' title='bbox 574 995 679 1045; x_wconf 80' lang='lat' dir='ltr'>viro,</span> <span class='ocrx_word' id='word_1_114' title='bbox 713 994 780 1034; x_wconf 83' lang='grc' dir='ltr'>Μ.</span> <span class='ocrx_word' id='word_1_115' title='bbox 807 993 870 1034; x_wconf 89' lang='grc' dir='ltr'><em>Μ</em></span> <span class='ocrx_word' id='word_1_116' title='bbox 863 994 1016 1034; x_wconf 70' lang='lat' dir='ltr'>ircello</span> <span class='ocrx_word' id='word_1_117' title='bbox 1047 995 1277 1035; x_wconf 72' lang='lat' dir='ltr'>dixissem·</span> <span class='ocrx_word' id='word_1_118' title='bbox 1268 1009 1398 1058; x_wconf 77' lang='lat' dir='ltr'>‚Jain</span> <span class='ocrx_word' id='word_1_119' title='bbox 1423 993 1531 1035; x_wconf 88' lang='lat' dir='ltr'>mihi</span> <span class='ocrx_word' id='word_1_120' title='bbox 1561 993 1742 1044; x_wconf 86' lang='lat' dir='ltr'>consuli,</span> 
     </span>
     <span class='ocr_line' id='line_1_16' title="bbox 303 1051 1747 1107; baseline -0.001 -15"><span class='ocrx_word' id='word_1_121' title='bbox 303 1051 387 1092; x_wconf 89' lang='lat' dir='ltr'>hoc</span> <span class='ocrx_word' id='word_1_122' title='bbox 419 1052 511 1107; x_wconf 91' lang='lat' dir='ltr'>ipso</span> <span class='ocrx_word' id='word_1_123' title='bbox 534 1052 578 1092; x_wconf 91' lang='lat' dir='ltr'>in</span> <span class='ocrx_word' id='word_1_124' title='bbox 601 1051 810 1106; x_wconf 83' lang='lat' dir='ltr'>templo,</span> <span class='ocrx_word' id='word_1_125' title='bbox 794 1065 893 1106; x_wconf 79' lang='lat' dir='ltr'>Juie</span> <span class='ocrx_word' id='word_1_126' title='bbox 915 1051 1082 1106; x_wconf 85' lang='lat' dir='ltr'>optimo</span> <span class='ocrx_word' id='word_1_127' title='bbox 1106 1059 1276 1091; x_wconf 69' lang='lat' dir='ltr'>senitus</span> <span class='ocrx_word' id='word_1_128' title='bbox 1307 1066 1394 1091; x_wconf 65' lang='lat' dir='ltr'>xlm</span> <span class='ocrx_word' id='word_1_129' title='bbox 1422 1060 1466 1092; x_wconf 87' lang='lat' dir='ltr'>et</span> <span class='ocrx_word' id='word_1_130' title='bbox 1495 1065 1646 1091; x_wconf 85' lang='lat' dir='ltr'>manus</span> <span class='ocrx_word' id='word_1_131' title='bbox 1678 1051 1747 1091; x_wconf 76' lang='lat' dir='ltr'>in·-</span> 
     </span>
     <span class='ocr_line' id='line_1_17' title="bbox 305 1108 1740 1164; baseline 0 -15"><span class='ocrx_word' id='word_1_132' title='bbox 305 1110 484 1149; x_wconf 89' lang='lat' dir='ltr'>tulisset.</span> <span class='ocrx_word' id='word_1_133' title='bbox 519 1109 570 1150; x_wconf 90' lang='lat' dir='ltr'>de</span> <span class='ocrx_word' id='word_1_134' title='bbox 605 1119 646 1149; x_wconf 87' lang='lat' dir='ltr'>te</span> <span class='ocrx_word' id='word_1_135' title='bbox 684 1117 842 1158; x_wconf 84' lang='lat' dir='ltr'>autem,</span> <span class='ocrx_word' id='word_1_136' title='bbox 881 1108 1084 1158; x_wconf 85' lang='lat' dir='ltr'>Catilina,</span> <span class='ocrx_word' id='word_1_137' title='bbox 1120 1123 1219 1149; x_wconf 88' lang='lat' dir='ltr'>cum</span> <span class='ocrx_word' id='word_1_138' title='bbox 1255 1109 1496 1163; x_wconf 83' lang='lat' dir='ltr'>quiescunt,</span> <span class='ocrx_word' id='word_1_139' title='bbox 1532 1109 1740 1164; x_wconf 81' lang='lat' dir='ltr'>probant:</span> 
     </span>
     <span class='ocr_line' id='line_1_18' title="bbox 300 1165 1743 1221; baseline 0 -15"><span class='ocrx_word' id='word_1_140' title='bbox 300 1181 400 1206; x_wconf 85' lang='lat' dir='ltr'>cum</span> <span class='ocrx_word' id='word_1_141' title='bbox 437 1167 674 1221; x_wconf 89' lang='lat' dir='ltr'>patiuntur,</span> <span class='ocrx_word' id='word_1_142' title='bbox 708 1166 969 1207; x_wconf 84' lang='lat' dir='ltr'>decernunt:</span> <span class='ocrx_word' id='word_1_143' title='bbox 1003 1180 1100 1206; x_wconf 82' lang='lat' dir='ltr'>euni</span> <span class='ocrx_word' id='word_1_144' title='bbox 1136 1175 1294 1216; x_wconf 86' lang='lat' dir='ltr'>tacent,</span> <span class='ocrx_word' id='word_1_145' title='bbox 1327 1165 1528 1206; x_wconf 86' lang='lat' dir='ltr'>clamant.</span> <span class='ocrx_word' id='word_1_146' title='bbox 1589 1165 1743 1220; x_wconf 85' lang='lat' dir='ltr'>Neque</span> 
     </span>
     <span class='ocr_line' id='line_1_19' title="bbox 301 1222 1744 1287; baseline 0 -24"><span class='ocrx_word' id='word_1_147' title='bbox 301 1222 345 1263; x_wconf 89' lang='grc'>111</span> <span class='ocrx_word' id='word_1_148' title='bbox 386 1223 538 1274; x_wconf 85' lang='lat' dir='ltr'>solum,</span> <span class='ocrx_word' id='word_1_149' title='bbox 570 1238 753 1287; x_wconf 81' lang='lat' dir='ltr'>quorum</span> <span class='ocrx_word' id='word_1_150' title='bbox 791 1223 869 1263; x_wconf 86' lang='lat' dir='ltr'>tibi</span> <span class='ocrx_word' id='word_1_151' title='bbox 909 1223 1144 1263; x_wconf 78' lang='lat' dir='ltr'>auctolitas</span> <span class='ocrx_word' id='word_1_152' title='bbox 1177 1232 1243 1263; x_wconf 86' lang='lat' dir='ltr'>est</span> <span class='ocrx_word' id='word_1_153' title='bbox 1274 1223 1476 1263; x_wconf 83' lang='lat' dir='ltr'>videlicet</span> <span class='ocrx_word' id='word_1_154' title='bbox 1507 1237 1619 1273; x_wconf 88' lang='lat' dir='ltr'>cara,</span> <span class='ocrx_word' id='word_1_155' title='bbox 1651 1223 1744 1263; x_wconf 79' lang='lat' dir='ltr'>vita</span> 
     </span>
     <span class='ocr_line' id='line_1_20' title="bbox 301 1280 1742 1335; baseline 0 -15"><span class='ocrx_word' id='word_1_156' title='bbox 301 1280 532 1332; x_wconf 81' lang='lat' dir='ltr'>vilissima3</span> <span class='ocrx_word' id='word_1_157' title='bbox 564 1281 636 1321; x_wconf 91' lang='lat' dir='ltr'>sed</span> <span class='ocrx_word' id='word_1_158' title='bbox 668 1281 798 1321; x_wconf 87' lang='lat' dir='ltr'>etiam</span> <span class='ocrx_word' id='word_1_159' title='bbox 830 1280 889 1320; x_wconf 91' lang='lat' dir='ltr'>illi</span> <span class='ocrx_word' id='word_1_160' title='bbox 920 1280 1086 1335; x_wconf 84' lang='lat' dir='ltr'>equites</span> <span class='ocrx_word' id='word_1_161' title='bbox 1120 1280 1322 1331; x_wconf 87' lang='lat' dir='ltr'>Romani,</span> <span class='ocrx_word' id='word_1_162' title='bbox 1354 1280 1645 1321; x_wconf 87' lang='lat' dir='ltr'>honestissimi</span> <span class='ocrx_word' id='word_1_163' title='bbox 1671 1289 1742 1320; x_wconf 85' lang='lat' dir='ltr'>at-</span> 
     </span>
     <span class='ocr_line' id='line_1_21' title="bbox 299 1337 1744 1394; baseline -0.001 -16"><span class='ocrx_word' id='word_1_164' title='bbox 299 1352 384 1393; x_wconf 90' lang='lat' dir='ltr'>que</span> <span class='ocrx_word' id='word_1_165' title='bbox 416 1338 571 1394; x_wconf 88' lang='lat' dir='ltr'>optimi</span> <span class='ocrx_word' id='word_1_166' title='bbox 603 1338 698 1388; x_wconf 83' lang='lat' dir='ltr'>vi1i,</span> <span class='ocrx_word' id='word_1_167' title='bbox 721 1338 936 1392; x_wconf 88' lang='lat' dir='ltr'>ceterique</span> <span class='ocrx_word' id='word_1_168' title='bbox 967 1337 1191 1378; x_wconf 82' lang='lat' dir='ltr'>f·01tissi1ni</span> <span class='ocrx_word' id='word_1_169' title='bbox 1214 1337 1344 1388; x_wconf 82' lang='lat' dir='ltr'>cives,</span> <span class='ocrx_word' id='word_1_170' title='bbox 1366 1338 1437 1393; x_wconf 91' lang='lat' dir='ltr'>qui</span> <span class='ocrx_word' id='word_1_171' title='bbox 1462 1337 1744 1378; x_wconf 72' lang='lat' dir='ltr'>circumstant</span> 
     </span>
     <span class='ocr_line' id='line_1_22' title="bbox 300 1394 1742 1450; baseline -0.001 -15"><span class='ocrx_word' id='word_1_172' title='bbox 300 1404 511 1446; x_wconf 82' lang='lat' dir='ltr'>senatum,</span> <span class='ocrx_word' id='word_1_173' title='bbox 542 1410 724 1450; x_wconf 87' lang='lat' dir='ltr'>quorum</span> <span class='ocrx_word' id='word_1_174' title='bbox 756 1405 802 1435; x_wconf 86' lang='lat' dir='ltr'>tu</span> <span class='ocrx_word' id='word_1_175' title='bbox 830 1409 873 1435; x_wconf 85' lang='lat' dir='ltr'>et</span> <span class='ocrx_word' id='word_1_176' title='bbox 906 1394 1191 1449; x_wconf 85' lang='lat' dir='ltr'>frequentiam</span> <span class='ocrx_word' id='word_1_177' title='bbox 1222 1394 1379 1445; x_wconf 62' lang='lat' dir='ltr'>xidere,</span> <span class='ocrx_word' id='word_1_178' title='bbox 1401 1403 1445 1435; x_wconf 84' lang='lat' dir='ltr'>et</span> <span class='ocrx_word' id='word_1_179' title='bbox 1473 1394 1616 1435; x_wconf 86' lang='lat' dir='ltr'>studia</span> <span class='ocrx_word' id='word_1_180' title='bbox 1647 1407 1742 1449; x_wconf 85' lang='lat' dir='ltr'>per·-</span> 
     </span>
     <span class='ocr_line' id='line_1_23' title="bbox 300 1451 1741 1516; baseline -0.001 -24"><span class='ocrx_word' id='word_1_181' title='bbox 300 1452 479 1516; x_wconf 78' lang='lat' dir='ltr'>spicere,</span> <span class='ocrx_word' id='word_1_182' title='bbox 502 1463 545 1493; x_wconf 89' lang='lat' dir='ltr'>et</span> <span class='ocrx_word' id='word_1_183' title='bbox 568 1467 693 1494; x_wconf 66' lang='lat' dir='ltr'>xoces</span> <span class='ocrx_word' id='word_1_184' title='bbox 717 1451 859 1509; x_wconf 88' lang='lat' dir='ltr'>paullo</span> <span class='ocrx_word' id='word_1_185' title='bbox 881 1461 980 1493; x_wconf 91' lang='lat' dir='ltr'>ante</span> <span class='ocrx_word' id='word_1_186' title='bbox 1002 1452 1206 1492; x_wconf 84' lang='lat' dir='ltr'>exaudire</span> <span class='ocrx_word' id='word_1_187' title='bbox 1233 1451 1428 1507; x_wconf 87' lang='lat' dir='ltr'>potuisti.</span> <span class='ocrx_word' id='word_1_188' title='bbox 1452 1465 1636 1507; x_wconf 87' lang='lat' dir='ltr'>quorum</span> <span class='ocrx_word' id='word_1_189' title='bbox 1657 1456 1741 1506; x_wconf 81' lang='lat' dir='ltr'>ego</span> 
     </span>
     <span class='ocr_line' id='line_1_24' title="bbox 299 1507 1742 1564; baseline -0.001 -14"><span class='ocrx_word' id='word_1_190' title='bbox 299 1525 375 1550; x_wconf 83' lang='lat' dir='ltr'>vix</span> <span class='ocrx_word' id='word_1_191' title='bbox 408 1511 483 1550; x_wconf 86' lang='lat' dir='ltr'>abs</span> <span class='ocrx_word' id='word_1_192' title='bbox 516 1520 557 1550; x_wconf 91' lang='lat' dir='ltr'>te</span> <span class='ocrx_word' id='word_1_193' title='bbox 580 1510 751 1564; x_wconf 82' lang='lat' dir='ltr'>jamdiu</span> <span class='ocrx_word' id='word_1_194' title='bbox 780 1524 929 1550; x_wconf 87' lang='lat' dir='ltr'>manus</span> <span class='ocrx_word' id='word_1_195' title='bbox 960 1524 1009 1550; x_wconf 86' lang='lat' dir='ltr'>ac</span> <span class='ocrx_word' id='word_1_196' title='bbox 1043 1509 1127 1549; x_wconf 87' lang='lat' dir='ltr'>tela</span> <span class='ocrx_word' id='word_1_197' title='bbox 1151 1509 1381 1561; x_wconf 86' lang='lat' dir='ltr'>contineo;</span> <span class='ocrx_word' id='word_1_198' title='bbox 1413 1509 1586 1550; x_wconf 89' lang='lat' dir='ltr'>eosdem</span> <span class='ocrx_word' id='word_1_199' title='bbox 1615 1507 1742 1549; x_wconf 89' lang='lat' dir='ltr'>facile</span> 
     </span>
     <span class='ocr_line' id='line_1_25' title="bbox 302 1543 1740 1621; baseline -0.001 -13.999"><span class='ocrx_word' id='word_1_200' title='bbox 302 1567 527 1618; x_wconf 86' lang='lat' dir='ltr'>adducam,</span> <span class='ocrx_word' id='word_1_201' title='bbox 551 1578 598 1608; x_wconf 89' lang='lat' dir='ltr'>ut</span> <span class='ocrx_word' id='word_1_202' title='bbox 627 1577 669 1607; x_wconf 91' lang='lat' dir='ltr'>te</span> <span class='ocrx_word' id='word_1_203' title='bbox 700 1567 808 1616; x_wconf 83' lang='lat' dir='ltr'>haec,</span> <span class='ocrx_word' id='word_1_204' title='bbox 830 1581 926 1621; x_wconf 75' lang='lat' dir='ltr'>quae</span> <span class='ocrx_word' id='word_1_205' title='bbox 951 1566 1211 1621; x_wconf 80' lang='lat' dir='ltr'>jampridem</span> <span class='ocrx_word' id='word_1_206' title='bbox 1237 1543 1401 1607; x_wconf 57' lang='lat' dir='ltr'>vastar’e</span> <span class='ocrx_word' id='word_1_207' title='bbox 1433 1566 1592 1617; x_wconf 88' lang='lat' dir='ltr'>studes,</span> <span class='ocrx_word' id='word_1_208' title='bbox 1613 1563 1740 1606; x_wconf 87' lang='lat' dir='ltr'>relin-</span> 
     </span>
     <span class='ocr_line' id='line_1_26' title="bbox 302 1624 1271 1679; baseline -0.001 -15"><span class='ocrx_word' id='word_1_209' title='bbox 302 1634 522 1679; x_wconf 88' lang='lat' dir='ltr'>quentem,</span> <span class='ocrx_word' id='word_1_210' title='bbox 547 1638 713 1679; x_wconf 82' lang='lat' dir='ltr'>usque</span> <span class='ocrx_word' id='word_1_211' title='bbox 701 1624 752 1665; x_wconf 85' lang='lat' dir='ltr'>ad</span> <span class='ocrx_word' id='word_1_212' title='bbox 777 1634 920 1679; x_wconf 69' lang='lat' dir='ltr'>portis</span> <span class='ocrx_word' id='word_1_213' title='bbox 945 1632 1271 1678; x_wconf 79' lang='lat' dir='ltr'>piosequantur.</span> 
     </span>
    </p>

    <p class='ocr_par' dir='ltr' id='par_1_4' title="bbox 254 1679 1742 1736">
     <span class='ocr_line' id='line_1_27' title="bbox 254 1679 1742 1736; baseline -0.001 -14"><span class='ocrx_word' id='word_1_214' title='bbox 254 1679 290 1733; x_wconf 77' lang='grc'><em>9</em></span> <span class='ocrx_word' id='word_1_215' title='bbox 359 1684 399 1712; x_wconf 63' lang='lat'>0²</span> <span class='ocrx_word' id='word_1_216' title='bbox 413 1682 689 1736; x_wconf 82' lang='lat' dir='ltr'>Quamquam</span> <span class='ocrx_word' id='word_1_217' title='bbox 710 1681 810 1736; x_wconf 90' lang='lat' dir='ltr'>quid</span> <span class='ocrx_word' id='word_1_218' title='bbox 837 1680 1013 1736; x_wconf 82' lang='lat' dir='ltr'>loquor?</span> <span class='ocrx_word' id='word_1_219' title='bbox 1045 1691 1087 1721; x_wconf 85' lang='lat' dir='ltr'>te</span> <span class='ocrx_word' id='word_1_220' title='bbox 1121 1689 1166 1721; x_wconf 88' lang='lat' dir='ltr'>ut</span> <span class='ocrx_word' id='word_1_221' title='bbox 1197 1680 1280 1721; x_wconf 80' lang='lat' dir='ltr'>ulla</span> <span class='ocrx_word' id='word_1_222' title='bbox 1301 1694 1366 1721; x_wconf 88' lang='lat' dir='ltr'>res</span> <span class='ocrx_word' id='word_1_223' title='bbox 1389 1680 1591 1736; x_wconf 82' lang='lat' dir='ltr'>frangat?</span> <span class='ocrx_word' id='word_1_224' title='bbox 1623 1687 1670 1719; x_wconf 85' lang='lat' dir='ltr'>tu</span> <span class='ocrx_word' id='word_1_225' title='bbox 1691 1688 1742 1720; x_wconf 90' lang='lat' dir='ltr'>ut</span> 
     </span>
    </p>

    <p class='ocr_par' dir='ltr' id='par_1_5' title="bbox 237 1736 1742 1836">
     <span class='ocr_line' id='line_1_28' title="bbox 237 1736 1742 1794; baseline -0.001 -16"><span class='ocrx_word' id='word_1_226' title='bbox 237 1750 505 1794; x_wconf 51' lang='lat' dir='ltr'>“nimquam</span> <span class='ocrx_word' id='word_1_227' title='bbox 537 1749 578 1779; x_wconf 89' lang='lat' dir='ltr'>te</span> <span class='ocrx_word' id='word_1_228' title='bbox 610 1739 823 1794; x_wconf 79' lang='lat' dir='ltr'>corrigas?</span> <span class='ocrx_word' id='word_1_229' title='bbox 857 1747 902 1778; x_wconf 87' lang='lat' dir='ltr'>tu</span> <span class='ocrx_word' id='word_1_230' title='bbox 933 1747 981 1778; x_wconf 90' lang='lat' dir='ltr'>ut</span> <span class='ocrx_word' id='word_1_231' title='bbox 1010 1737 1140 1778; x_wconf 90' lang='lat' dir='ltr'>ullam</span> <span class='ocrx_word' id='word_1_232' title='bbox 1172 1736 1321 1793; x_wconf 82' lang='lat' dir='ltr'>fugam</span> <span class='ocrx_word' id='word_1_233' title='bbox 1349 1737 1584 1778; x_wconf 82' lang='lat' dir='ltr'>meditere?</span> <span class='ocrx_word' id='word_1_234' title='bbox 1615 1744 1661 1776; x_wconf 89' lang='lat' dir='ltr'>tu</span> <span class='ocrx_word' id='word_1_235' title='bbox 1691 1745 1742 1776; x_wconf 87' lang='lat' dir='ltr'>ut</span> 
     </span>
     <span class='ocr_line' id='line_1_29' title="bbox 302 1771 1742 1851; baseline -0.002 -15"><span class='ocrx_word' id='word_1_236' title='bbox 302 1795 436 1836; x_wconf 89' lang='lat' dir='ltr'>ullum</span> <span class='ocrx_word' id='word_1_237' title='bbox 467 1797 666 1836; x_wconf 82' lang='lat' dir='ltr'>exsilium</span> <span class='ocrx_word' id='word_1_238' title='bbox 700 1795 893 1851; x_wconf 73' lang='lat' dir='ltr'>coo-ites?</span> <span class='ocrx_word' id='word_1_239' title='bbox 926 1794 1106 1836; x_wconf 87' lang='lat' dir='ltr'>Utinam</span> <span class='ocrx_word' id='word_1_240' title='bbox 1135 1771 1247 1835; x_wconf 67' lang='lat' dir='ltr'>tibiO</span> <span class='ocrx_word' id='word_1_241' title='bbox 1251 1796 1378 1835; x_wconf 84' lang='lat' dir='ltr'>istam</span> <span class='ocrx_word' id='word_1_242' title='bbox 1409 1804 1598 1836; x_wconf 90' lang='lat' dir='ltr'>mentem</span> <span class='ocrx_word' id='word_1_243' title='bbox 1631 1793 1742 1834; x_wconf 78' lang='lat' dir='ltr'>53dii</span> 
     </span>
    </p>

    <p class='ocr_par' dir='ltr' id='par_1_6' title="bbox 166 1830 1741 1915">
     <span class='ocr_line' id='line_1_30' title="bbox 166 1830 1741 1915; baseline -0.001 -24"><span class='ocrx_word' id='word_1_244' title='bbox 166 1870 197 1900; x_wconf 75' lang='lat' dir='ltr'>p.</span> <span class='ocrx_word' id='word_1_245' title='bbox 219 1862 287 1890; x_wconf 66' lang='lat'>102.</span> <span class='ocrx_word' id='word_1_246' title='bbox 303 1852 563 1893; x_wconf 84' lang='lat' dir='ltr'>immortales</span> <span class='ocrx_word' id='word_1_247' title='bbox 596 1853 744 1894; x_wconf 78' lang='lat' dir='ltr'>duint¹</span> <span class='ocrx_word' id='word_1_248' title='bbox 755 1830 946 1893; x_wconf 72' lang='lat' dir='ltr'>Otametsi</span> <span class='ocrx_word' id='word_1_249' title='bbox 979 1852 1120 1903; x_wconf 86' lang='lat' dir='ltr'>video,</span> <span class='ocrx_word' id='word_1_250' title='bbox 1154 1852 1188 1893; x_wconf 89' lang='lat' dir='ltr'>si</span> <span class='ocrx_word' id='word_1_251' title='bbox 1224 1866 1320 1892; x_wconf 87' lang='lat' dir='ltr'>mea</span> <span class='ocrx_word' id='word_1_252' title='bbox 1352 1866 1457 1893; x_wconf 84' lang='lat' dir='ltr'>voce</span> <span class='ocrx_word' id='word_1_253' title='bbox 1492 1850 1741 1915; x_wconf 68' lang='grc' dir='ltr'>Ρ61·1;61·111ῑι15</span> 
     </span>
    </p>

    <p class='ocr_par' dir='ltr' id='par_1_7' title="bbox 259 1907 1743 2252">
     <span class='ocr_line' id='line_1_31' title="bbox 259 1907 1741 1974; baseline -0.002 -23"><span class='ocrx_word' id='word_1_254' title='bbox 259 1910 441 1950; x_wconf 75' lang='lat' dir='ltr'>a·54i1·e</span> <span class='ocrx_word' id='word_1_255' title='bbox 433 1926 475 1950; x_wconf 82' lang='lat' dir='ltr'>in</span> <span class='ocrx_word' id='word_1_256' title='bbox 498 1908 697 1951; x_wconf 86' lang='lat' dir='ltr'>exsilium</span> <span class='ocrx_word' id='word_1_257' title='bbox 720 1911 909 1951; x_wconf 85' lang='lat' dir='ltr'>animum</span> <span class='ocrx_word' id='word_1_258' title='bbox 934 1909 1169 1960; x_wconf 88' lang='lat' dir='ltr'>induxeris,</span> <span class='ocrx_word' id='word_1_259' title='bbox 1190 1919 1353 1964; x_wconf 87' lang='lat' dir='ltr'>quanta</span> <span class='ocrx_word' id='word_1_260' title='bbox 1374 1917 1604 1974; x_wconf 86' lang='lat' dir='ltr'>tempestas</span> <span class='ocrx_word' id='word_1_261' title='bbox 1629 1907 1741 1948; x_wconf 88' lang='lat' dir='ltr'>mvi-</span> 
     </span>
     <span class='ocr_line' id='line_1_32' title="bbox 299 1964 1742 2030; baseline -0.001 -23"><span class='ocrx_word' id='word_1_262' title='bbox 299 1966 382 2008; x_wconf 81' lang='lat' dir='ltr'>diae</span> <span class='ocrx_word' id='word_1_263' title='bbox 414 1968 553 2017; x_wconf 83' lang='lat' dir='ltr'>nobis,</span> <span class='ocrx_word' id='word_1_264' title='bbox 587 1967 621 2008; x_wconf 91' lang='lat' dir='ltr'>si</span> <span class='ocrx_word' id='word_1_265' title='bbox 654 1968 795 2008; x_wconf 84' lang='lat' dir='ltr'>minus</span> <span class='ocrx_word' id='word_1_266' title='bbox 827 1968 871 2008; x_wconf 90' lang='lat' dir='ltr'>in</span> <span class='ocrx_word' id='word_1_267' title='bbox 904 1981 1091 2030; x_wconf 72' lang='lat' dir='ltr'>praesens</span> <span class='ocrx_word' id='word_1_268' title='bbox 1123 1967 1501 2022; x_wconf 76' lang='lat' dir='ltr'>tempUS,1ecenti</span> <span class='ocrx_word' id='word_1_269' title='bbox 1534 1964 1742 2006; x_wconf 84' lang='lat' dir='ltr'>memoria</span> 
     </span>
     <span class='ocr_line' id='line_1_33' title="bbox 298 2022 1743 2088; baseline -0.001 -24"><span class='ocrx_word' id='word_1_270' title='bbox 298 2024 505 2065; x_wconf 83' lang='lat' dir='ltr'>scelerum</span> <span class='ocrx_word' id='word_1_271' title='bbox 528 2035 716 2075; x_wconf 87' lang='lat' dir='ltr'>tuorum,</span> <span class='ocrx_word' id='word_1_272' title='bbox 739 2035 782 2065; x_wconf 85' lang='lat' dir='ltr'>at</span> <span class='ocrx_word' id='word_1_273' title='bbox 805 2025 849 2065; x_wconf 91' lang='lat' dir='ltr'>in</span> <span class='ocrx_word' id='word_1_274' title='bbox 871 2024 1165 2088; x_wconf 81' lang='lat' dir='ltr'>posteiitatem</span> <span class='ocrx_word' id='word_1_275' title='bbox 1197 2024 1458 2080; x_wconf 87' lang='lat' dir='ltr'>impendeat.</span> <span class='ocrx_word' id='word_1_276' title='bbox 1517 2025 1556 2054; x_wconf 85' lang='lat'>55</span> <span class='ocrx_word' id='word_1_277' title='bbox 1571 2022 1655 2063; x_wconf 88' lang='lat' dir='ltr'>Sed</span> <span class='ocrx_word' id='word_1_278' title='bbox 1677 2029 1743 2062; x_wconf 85' lang='lat' dir='ltr'>est</span> 
     </span>
     <span class='ocr_line' id='line_1_34' title="bbox 296 2079 1740 2146; baseline -0.002 -24"><span class='ocrx_word' id='word_1_279' title='bbox 296 2081 404 2122; x_wconf 86' lang='lat' dir='ltr'>mihi</span> <span class='ocrx_word' id='word_1_280' title='bbox 439 2083 571 2134; x_wconf 82' lang='lat' dir='ltr'>tanti3</span> <span class='ocrx_word' id='word_1_281' title='bbox 603 2082 839 2123; x_wconf 88' lang='lat' dir='ltr'>dummodo</span> <span class='ocrx_word' id='word_1_282' title='bbox 871 2083 954 2122; x_wconf 85' lang='lat' dir='ltr'>ista</span> <span class='ocrx_word' id='word_1_283' title='bbox 984 2091 1152 2137; x_wconf 81' lang='lat' dir='ltr'>privata</span> <span class='ocrx_word' id='word_1_284' title='bbox 1182 2083 1238 2122; x_wconf 91' lang='lat' dir='ltr'>sit</span> <span class='ocrx_word' id='word_1_285' title='bbox 1267 2080 1504 2146; x_wconf 80' lang='lat' dir='ltr'>calamitas,</span> <span class='ocrx_word' id='word_1_286' title='bbox 1527 2089 1571 2120; x_wconf 87' lang='lat' dir='ltr'>et</span> <span class='ocrx_word' id='word_1_287' title='bbox 1603 2094 1629 2120; x_wconf 82' lang='grc'>·1</span> <span class='ocrx_word' id='word_1_288' title='bbox 1658 2079 1740 2119; x_wconf 87' lang='lat' dir='ltr'>rei-</span> 
     </span>
     <span class='ocr_line' id='line_1_35' title="bbox 296 2137 1741 2195; baseline -0.001 -17"><span class='ocrx_word' id='word_1_289' title='bbox 296 2139 484 2195; x_wconf 65' lang='lat' dir='ltr'>publicae</span> <span class='ocrx_word' id='word_1_290' title='bbox 518 2139 716 2195; x_wconf 83' lang='lat' dir='ltr'>peiiculis</span> <span class='ocrx_word' id='word_1_291' title='bbox 748 2140 1013 2195; x_wconf 29' lang='lat' dir='ltr'>sejunoQatur</span> <span class='ocrx_word' id='word_1_292' title='bbox 1075 2140 1115 2170; x_wconf 80' lang='lat'>56</span> <span class='ocrx_word' id='word_1_293' title='bbox 1129 2139 1212 2179; x_wconf 86' lang='lat' dir='ltr'>Sed</span> <span class='ocrx_word' id='word_1_294' title='bbox 1236 2147 1283 2179; x_wconf 88' lang='lat' dir='ltr'>tu</span> <span class='ocrx_word' id='word_1_295' title='bbox 1307 2148 1354 2179; x_wconf 89' lang='lat' dir='ltr'>ut</span> <span class='ocrx_word' id='word_1_296' title='bbox 1375 2138 1491 2179; x_wconf 82' lang='lat' dir='ltr'>vitiis</span> <span class='ocrx_word' id='word_1_297' title='bbox 1516 2137 1598 2178; x_wconf 89' lang='lat' dir='ltr'>tuis</span> <span class='ocrx_word' id='word_1_298' title='bbox 1621 2150 1741 2177; x_wconf 90' lang='lat' dir='ltr'>com-</span> 
     </span>
     <span class='ocr_line' id='line_1_36' title="bbox 295 2194 1740 2271; baseline -0.002 -35"><span class='ocrx_word' id='word_1_299' title='bbox 295 2211 509 2271; x_wconf 76' lang='lat' dir='ltr'>moveaie,</span> <span class='ocrx_word' id='word_1_300' title='bbox 551 2206 599 2237; x_wconf 88' lang='lat' dir='ltr'>ut</span> <span class='ocrx_word' id='word_1_301' title='bbox 640 2197 785 2253; x_wconf 80' lang='lat' dir='ltr'>legum</span> <span class='ocrx_word' id='word_1_302' title='bbox 822 2211 975 2252; x_wconf 83' lang='lat' dir='ltr'>poenas</span> <span class='ocrx_word' id='word_1_303' title='bbox 1014 2196 1306 2252; x_wconf 87' lang='lat' dir='ltr'>pertimescas,</span> <span class='ocrx_word' id='word_1_304' title='bbox 1335 2208 1384 2236; x_wconf 82' lang='lat' dir='ltr'>ut</span> <span class='ocrx_word' id='word_1_305' title='bbox 1419 2194 1740 2250; x_wconf 72' lang='lat' dir='ltr'>5atemp011bus</span> 
     </span>
    </p>
   </div>
   <div class='ocr_carea' id='block_1_2' title="bbox 1038 2305 1742 2678">
    <p class='ocr_par' dir='ltr' id='par_1_8' title="bbox 1039 2305 1741 2391">
     <span class='ocr_line' id='line_1_37' title="bbox 1041 2305 1741 2349; baseline -0.006 -9"><span class='ocrx_word' id='word_1_306' title='bbox 1041 2310 1165 2349; x_wconf 70' lang='lat' dir='ltr'>Cuiaeii</span> <span class='ocrx_word' id='word_1_307' title='bbox 1186 2310 1291 2340; x_wconf 69' lang='lat' dir='ltr'>duint.</span> <span class='ocrx_word' id='word_1_308' title='bbox 1314 2309 1438 2339; x_wconf 79' lang='lat' dir='ltr'>usitato</span> <span class='ocrx_word' id='word_1_309' title='bbox 1459 2309 1495 2338; x_wconf 89' lang='lat' dir='ltr'>in</span> <span class='ocrx_word' id='word_1_310' title='bbox 1516 2307 1575 2339; x_wconf 81' lang='lat' dir='ltr'>tali</span> <span class='ocrx_word' id='word_1_311' title='bbox 1597 2305 1741 2337; x_wconf 83' lang='lat' dir='ltr'>formula</span> 
     </span>
     <span class='ocr_line' id='line_1_38' title="bbox 1039 2351 1616 2391; baseline -0.004 -9"><span class='ocrx_word' id='word_1_312' title='bbox 1039 2353 1235 2388; x_wconf 66' lang='lat' dir='ltr'>archaiwm,</span> <span class='ocrx_word' id='word_1_313' title='bbox 1251 2352 1352 2382; x_wconf 84' lang='lat' dir='ltr'>etiam</span> <span class='ocrx_word' id='word_1_314' title='bbox 1371 2351 1457 2391; x_wconf 89' lang='lat' dir='ltr'>apud</span> <span class='ocrx_word' id='word_1_315' title='bbox 1472 2351 1616 2381; x_wconf 85' lang='lat' dir='ltr'>Livium.</span> 
     </span>
    </p>

    <p class='ocr_par' dir='ltr' id='par_1_9' title="bbox 1040 2390 1742 2467">
     <span class='ocr_line' id='line_1_39' title="bbox 1082 2390 1742 2432; baseline -0.006 -7"><span class='ocrx_word' id='word_1_316' title='bbox 1082 2397 1123 2425; x_wconf 76' lang='lat'>54</span> <span class='ocrx_word' id='word_1_317' title='bbox 1145 2395 1192 2424; x_wconf 76' lang='lat' dir='ltr'>ire</span> <span class='ocrx_word' id='word_1_318' title='bbox 1207 2395 1241 2424; x_wconf 81' lang='lat' dir='ltr'>in</span> <span class='ocrx_word' id='word_1_319' title='bbox 1254 2394 1389 2424; x_wconf 61' lang='lat' dir='ltr'>exilium</span> <span class='ocrx_word' id='word_1_320' title='bbox 1413 2394 1562 2424; x_wconf 77' lang='lat' dir='ltr'>animum</span> <span class='ocrx_word' id='word_1_321' title='bbox 1576 2392 1613 2432; x_wconf 57' lang='grc' dir='ltr'>ιζ]</span> <span class='ocrx_word' id='word_1_322' title='bbox 1638 2390 1691 2422; x_wconf 89' lang='lat' dir='ltr'>An</span> <span class='ocrx_word' id='word_1_323' title='bbox 1706 2392 1742 2422; x_wconf 79' lang='lat' dir='ltr'>in</span> 
     </span>
     <span class='ocr_line' id='line_1_40' title="bbox 1040 2437 1338 2467; baseline -0.007 0"><span class='ocrx_word' id='word_1_324' title='bbox 1040 2439 1192 2467; x_wconf 71' lang='lat' dir='ltr'>exsilium</span> <span class='ocrx_word' id='word_1_325' title='bbox 1207 2437 1257 2466; x_wconf 79' lang='lat' dir='ltr'>ire</span> <span class='ocrx_word' id='word_1_326' title='bbox 1270 2446 1302 2466; x_wconf 83' lang='grc' dir='ltr'>α.</span> <span class='ocrx_word' id='word_1_327' title='bbox 1316 2437 1338 2465; x_wconf 79' lang='lat' dir='ltr'>z‘.</span> 
     </span>
    </p>

    <p class='ocr_par' dir='ltr' id='par_1_10' title="bbox 1038 2475 1742 2678">
     <span class='ocr_line' id='line_1_41' title="bbox 1082 2475 1742 2517; baseline -0.005 -6.991"><span class='ocrx_word' id='word_1_328' title='bbox 1082 2482 1120 2510; x_wconf 87' lang='lat'>55</span> <span class='ocrx_word' id='word_1_329' title='bbox 1148 2479 1184 2509; x_wconf 79' lang='lat' dir='ltr'>S.</span> <span class='ocrx_word' id='word_1_330' title='bbox 1209 2483 1254 2509; x_wconf 77' lang='lat' dir='ltr'>est</span> <span class='ocrx_word' id='word_1_331' title='bbox 1277 2478 1357 2508; x_wconf 71' lang='lat' dir='ltr'>mim·</span> <span class='ocrx_word' id='word_1_332' title='bbox 1382 2477 1481 2517; x_wconf 71' lang='lat' dir='ltr'>tanti]</span> <span class='ocrx_word' id='word_1_333' title='bbox 1507 2475 1670 2506; x_wconf 59' lang='lat' dir='ltr'>Graevius:</span> <span class='ocrx_word' id='word_1_334' title='bbox 1695 2481 1742 2507; x_wconf 75' lang='lat' dir='ltr'>ese</span> 
     </span>
     <span class='ocr_line' id='line_1_42' title="bbox 1039 2518 1742 2560; baseline -0.003 -9"><span class='ocrx_word' id='word_1_335' title='bbox 1039 2523 1136 2552; x_wconf 78' lang='lat' dir='ltr'>tanti.</span> <span class='ocrx_word' id='word_1_336' title='bbox 1151 2531 1218 2551; x_wconf 88' lang='lat' dir='ltr'>non</span> <span class='ocrx_word' id='word_1_337' title='bbox 1233 2520 1332 2556; x_wconf 83' lang='lat' dir='ltr'>male,</span> <span class='ocrx_word' id='word_1_338' title='bbox 1347 2526 1380 2550; x_wconf 85' lang='lat' dir='ltr'>et</span> <span class='ocrx_word' id='word_1_339' title='bbox 1395 2530 1479 2560; x_wconf 82' lang='lat' dir='ltr'>saepe</span> <span class='ocrx_word' id='word_1_340' title='bbox 1492 2519 1537 2550; x_wconf 87' lang='lat' dir='ltr'>sic</span> <span class='ocrx_word' id='word_1_341' title='bbox 1552 2518 1640 2549; x_wconf 85' lang='lat' dir='ltr'>alibi.</span> <span class='ocrx_word' id='word_1_342' title='bbox 1678 2518 1742 2549; x_wconf 81' lang='lat' dir='ltr'>Sed</span> 
     </span>
     <span class='ocr_line' id='line_1_43' title="bbox 1038 2560 1740 2603; baseline -0.003 -11"><span class='ocrx_word' id='word_1_343' title='bbox 1038 2564 1094 2593; x_wconf 83' lang='lat' dir='ltr'>ubi</span> <span class='ocrx_word' id='word_1_344' title='bbox 1117 2565 1151 2594; x_wconf 87' lang='lat' dir='ltr'>in</span> <span class='ocrx_word' id='word_1_345' title='bbox 1179 2563 1325 2603; x_wconf 86' lang='lat' dir='ltr'>pluribus</span> <span class='ocrx_word' id='word_1_346' title='bbox 1347 2562 1438 2593; x_wconf 84' lang='lat' dir='ltr'>libiis</span> <span class='ocrx_word' id='word_1_347' title='bbox 1461 2562 1541 2591; x_wconf 79' lang='grc' dir='ltr'><em>ηιιΙιί</em></span> <span class='ocrx_word' id='word_1_348' title='bbox 1565 2560 1740 2601; x_wconf 79' lang='lat' dir='ltr'>reperitur,</span> 
     </span>
     <span class='ocr_line' id='line_1_44' title="bbox 1039 2601 1741 2639; baseline -0.004 -4"><span class='ocrx_word' id='word_1_349' title='bbox 1039 2615 1107 2635; x_wconf 89' lang='lat' dir='ltr'>non</span> <span class='ocrx_word' id='word_1_350' title='bbox 1130 2605 1316 2636; x_wconf 80' lang='lat' dir='ltr'>deleverim.</span> <span class='ocrx_word' id='word_1_351' title='bbox 1360 2604 1412 2635; x_wconf 90' lang='lat' dir='ltr'>Sic</span> <span class='ocrx_word' id='word_1_352' title='bbox 1427 2608 1461 2634; x_wconf 88' lang='lat' dir='ltr'>et</span> <span class='ocrx_word' id='word_1_353' title='bbox 1477 2605 1550 2635; x_wconf 84' lang='lat' dir='ltr'>Cat.</span> <span class='ocrx_word' id='word_1_354' title='bbox 1570 2601 1661 2639; x_wconf 80' lang='lat'>11,7.</span> <span class='ocrx_word' id='word_1_355' title='bbox 1683 2602 1741 2633; x_wconf 85' lang='lat' dir='ltr'>ubi</span> 
     </span>
     <span class='ocr_line' id='line_1_45' title="bbox 1041 2645 1740 2678; baseline -0.001 -1"><span class='ocrx_word' id='word_1_356' title='bbox 1041 2647 1124 2678; x_wconf 88' lang='lat' dir='ltr'>nihil</span> <span class='ocrx_word' id='word_1_357' title='bbox 1146 2648 1288 2678; x_wconf 86' lang='lat' dir='ltr'>mutavit</span> <span class='ocrx_word' id='word_1_358' title='bbox 1313 2646 1470 2677; x_wconf 84' lang='lat' dir='ltr'>Graevius.</span> <span class='ocrx_word' id='word_1_359' title='bbox 1514 2645 1598 2676; x_wconf 83' lang='lat' dir='ltr'>Edd</span> <span class='ocrx_word' id='word_1_360' title='bbox 1619 2645 1660 2676; x_wconf 88' lang='lat' dir='ltr'>R.</span> <span class='ocrx_word' id='word_1_361' title='bbox 1682 2645 1740 2676; x_wconf 81' lang='lat' dir='ltr'>Br-</span> 
     </span>
    </p>
   </div>
   <div class='ocr_carea' id='block_1_3' title="bbox 293 2310 997 2688">
    <p class='ocr_par' dir='ltr' id='par_1_11' title="bbox 293 2310 997 2478">
     <span class='ocr_line' id='line_1_46' title="bbox 294 2310 996 2351; baseline -0.001 -11"><span class='ocrx_word' id='word_1_362' title='bbox 294 2314 374 2341; x_wconf 84' lang='lat' dir='ltr'>tare.</span> <span class='ocrx_word' id='word_1_363' title='bbox 419 2310 596 2341; x_wconf 80' lang='lat' dir='ltr'>Manifeste</span> <span class='ocrx_word' id='word_1_364' title='bbox 630 2314 844 2351; x_wconf 78' lang='lat' dir='ltr'>opponuntur</span> <span class='ocrx_word' id='word_1_365' title='bbox 871 2311 996 2339; x_wconf 82' lang='lat' dir='ltr'>morari</span> 
     </span>
     <span class='ocr_line' id='line_1_47' title="bbox 293 2353 997 2393; baseline -0.001 -10"><span class='ocrx_word' id='word_1_366' title='bbox 293 2357 328 2383; x_wconf 81' lang='lat' dir='ltr'>et</span> <span class='ocrx_word' id='word_1_367' title='bbox 342 2353 442 2383; x_wconf 80' lang='lat' dir='ltr'>abire.</span> <span class='ocrx_word' id='word_1_368' title='bbox 476 2353 519 2383; x_wconf 87' lang='lat' dir='ltr'>In</span> <span class='ocrx_word' id='word_1_369' title='bbox 534 2355 662 2393; x_wconf 69' lang='lat' dir='ltr'>aliquas</span> <span class='ocrx_word' id='word_1_370' title='bbox 677 2358 784 2383; x_wconf 79' lang='lat' dir='ltr'>terras</span> <span class='ocrx_word' id='word_1_371' title='bbox 798 2358 848 2382; x_wconf 84' lang='lat' dir='ltr'>est</span> <span class='ocrx_word' id='word_1_372' title='bbox 862 2353 896 2382; x_wconf 80' lang='lat' dir='ltr'>in</span> <span class='ocrx_word' id='word_1_373' title='bbox 911 2354 997 2382; x_wconf 78' lang='lat' dir='ltr'>alias</span> 
     </span>
     <span class='ocr_line' id='line_1_48' title="bbox 294 2395 996 2435; baseline 0 -10"><span class='ocrx_word' id='word_1_374' title='bbox 294 2405 388 2435; x_wconf 71' lang='lat' dir='ltr'>quas,</span> <span class='ocrx_word' id='word_1_375' title='bbox 417 2395 471 2425; x_wconf 88' lang='lat' dir='ltr'>ubi</span> <span class='ocrx_word' id='word_1_376' title='bbox 504 2396 539 2425; x_wconf 90' lang='lat' dir='ltr'>in</span> <span class='ocrx_word' id='word_1_377' title='bbox 565 2395 742 2425; x_wconf 83' lang='lat' dir='ltr'>solitudine</span> <span class='ocrx_word' id='word_1_378' title='bbox 770 2395 877 2425; x_wconf 81' lang='lat' dir='ltr'>vivere</span> <span class='ocrx_word' id='word_1_379' title='bbox 903 2399 996 2425; x_wconf 86' lang='lat' dir='ltr'>trau-</span> 
     </span>
     <span class='ocr_line' id='line_1_49' title="bbox 295 2437 526 2478; baseline -0.004 -10"><span class='ocrx_word' id='word_1_380' title='bbox 295 2438 397 2476; x_wconf 82' lang='lat' dir='ltr'>quine</span> <span class='ocrx_word' id='word_1_381' title='bbox 412 2437 526 2478; x_wconf 86' lang='lat' dir='ltr'>possit.</span> 
     </span>
    </p>

    <p class='ocr_par' dir='ltr' id='par_1_12' title="bbox 293 2479 994 2604">
     <span class='ocr_line' id='line_1_50' title="bbox 336 2479 994 2519; baseline -0.002 -9"><span class='ocrx_word' id='word_1_382' title='bbox 336 2482 373 2510; x_wconf 86' lang='lat'>51</span> <span class='ocrx_word' id='word_1_383' title='bbox 402 2481 463 2510; x_wconf 79' lang='lat' dir='ltr'>obt.</span> <span class='ocrx_word' id='word_1_384' title='bbox 492 2485 523 2510; x_wconf 82' lang='lat' dir='ltr'>te</span> <span class='ocrx_word' id='word_1_385' title='bbox 557 2479 634 2519; x_wconf 79' lang='lat' dir='ltr'>esse]</span> <span class='ocrx_word' id='word_1_386' title='bbox 674 2479 767 2509; x_wconf 86' lang='lat' dir='ltr'>Sensi</span> <span class='ocrx_word' id='word_1_387' title='bbox 802 2479 923 2518; x_wconf 85' lang='lat' dir='ltr'>requiri</span> <span class='ocrx_word' id='word_1_388' title='bbox 951 2483 994 2516; x_wconf 74' lang='lat' dir='ltr'>te,</span> 
     </span>
     <span class='ocr_line' id='line_1_51' title="bbox 294 2521 996 2562; baseline 0.001 -12"><span class='ocrx_word' id='word_1_389' title='bbox 294 2522 380 2560; x_wconf 88' lang='lat' dir='ltr'>quod</span> <span class='ocrx_word' id='word_1_390' title='bbox 407 2522 548 2561; x_wconf 71' lang='lat' dir='ltr'>vulgatis</span> <span class='ocrx_word' id='word_1_391' title='bbox 573 2522 674 2552; x_wconf 83' lang='lat' dir='ltr'>abest.</span> <span class='ocrx_word' id='word_1_392' title='bbox 719 2522 836 2562; x_wconf 72' lang='lat' dir='ltr'>cheri</span> <span class='ocrx_word' id='word_1_393' title='bbox 866 2522 899 2551; x_wconf 89' lang='lat' dir='ltr'>in</span> <span class='ocrx_word' id='word_1_394' title='bbox 923 2521 996 2553; x_wconf 89' lang='lat' dir='ltr'>edd.</span> 
     </span>
     <span class='ocr_line' id='line_1_52' title="bbox 293 2563 881 2604; baseline 0.002 -12"><span class='ocrx_word' id='word_1_395' title='bbox 293 2573 343 2604; x_wconf 78' lang='lat' dir='ltr'>pr.</span> <span class='ocrx_word' id='word_1_396' title='bbox 368 2565 452 2594; x_wconf 84' lang='lat' dir='ltr'>Casu</span> <span class='ocrx_word' id='word_1_397' title='bbox 467 2563 587 2594; x_wconf 83' lang='lat' dir='ltr'>&#39;excidit</span> <span class='ocrx_word' id='word_1_398' title='bbox 602 2574 619 2593; x_wconf 90' lang='lat' dir='ltr'>e</span> <span class='ocrx_word' id='word_1_399' title='bbox 634 2564 881 2594; x_wconf 78' lang='lat' dir='ltr'>recentioribus.</span> 
     </span>
    </p>

    <p class='ocr_par' dir='ltr' id='par_1_13' title="bbox 293 2605 997 2688">
     <span class='ocr_line' id='line_1_53' title="bbox 337 2605 995 2646; baseline 0.002 -10"><span class='ocrx_word' id='word_1_400' title='bbox 337 2608 378 2636; x_wconf 73' lang='lat'>52</span> <span class='ocrx_word' id='word_1_401' title='bbox 400 2606 616 2646; x_wconf 65' lang='lat' dir='ltr'>‚Quamquam</span> <span class='ocrx_word' id='word_1_402' title='bbox 630 2607 709 2646; x_wconf 75' lang='lat' dir='ltr'>quid</span> <span class='ocrx_word' id='word_1_403' title='bbox 723 2605 851 2645; x_wconf 72' lang='lat' dir='ltr'>loquar]</span> <span class='ocrx_word' id='word_1_404' title='bbox 879 2605 938 2637; x_wconf 90' lang='lat' dir='ltr'>Ed.</span> <span class='ocrx_word' id='word_1_405' title='bbox 954 2605 995 2637; x_wconf 91' lang='lat' dir='ltr'>R.</span> 
     </span>
     <span class='ocr_line' id='line_1_54' title="bbox 293 2647 997 2688; baseline 0.001 -10"><span class='ocrx_word' id='word_1_406' title='bbox 293 2647 350 2678; x_wconf 75' lang='grc' dir='ltr'>ΒΓ.</span> <span class='ocrx_word' id='word_1_407' title='bbox 379 2648 422 2688; x_wconf 70' lang='grc' dir='ltr'>ρ.</span> <span class='ocrx_word' id='word_1_408' title='bbox 453 2649 534 2687; x_wconf 81' lang='lat' dir='ltr'>quid</span> <span class='ocrx_word' id='word_1_409' title='bbox 559 2653 618 2684; x_wconf 78' lang='lat' dir='ltr'>est,</span> <span class='ocrx_word' id='word_1_410' title='bbox 647 2649 731 2688; x_wconf 77' lang='lat' dir='ltr'>quod</span> <span class='ocrx_word' id='word_1_411' title='bbox 757 2649 898 2688; x_wconf 74' lang='lat' dir='ltr'>loquar?</span> <span class='ocrx_word' id='word_1_412' title='bbox 929 2658 997 2679; x_wconf 90' lang='lat' dir='ltr'>non</span> 
     </span>
    </p>
   </div>
   <div class='ocr_carea' id='block_1_4' title="bbox 291 2689 998 2934">
    <p class='ocr_par' dir='ltr' id='par_1_14' title="bbox 291 2689 998 2805">
     <span class='ocr_line' id='line_1_55' title="bbox 294 2689 998 2721; baseline 0 -1"><span class='ocrx_word' id='word_1_413' title='bbox 294 2689 390 2720; x_wconf 83' lang='lat' dir='ltr'>male.</span> <span class='ocrx_word' id='word_1_414' title='bbox 435 2690 514 2720; x_wconf 78' lang='lat' dir='ltr'>Mox</span> <span class='ocrx_word' id='word_1_415' title='bbox 537 2690 660 2720; x_wconf 84' lang='lat' dir='ltr'>eaedem</span> <span class='ocrx_word' id='word_1_416' title='bbox 682 2695 719 2720; x_wconf 71' lang='lat' dir='ltr'>tec</span> <span class='ocrx_word' id='word_1_417' title='bbox 742 2695 780 2720; x_wconf 76' lang='lat' dir='ltr'>ut</span> <span class='ocrx_word' id='word_1_418' title='bbox 801 2691 908 2720; x_wconf 79' lang='lat' dir='ltr'>ullum</span> <span class='ocrx_word' id='word_1_419' title='bbox 930 2691 998 2721; x_wconf 68' lang='lat' dir='ltr'>exi-</span> 
     </span>
     <span class='ocr_line' id='line_1_56' title="bbox 293 2732 998 2773; baseline 0.003 -11"><span class='ocrx_word' id='word_1_420' title='bbox 293 2734 390 2768; x_wconf 72' lang='lat' dir='ltr'>lium,</span> <span class='ocrx_word' id='word_1_421' title='bbox 404 2736 440 2762; x_wconf 84' lang='lat' dir='ltr'>ut</span> <span class='ocrx_word' id='word_1_422' title='bbox 455 2738 490 2762; x_wconf 83' lang='lat' dir='ltr'>et</span> <span class='ocrx_word' id='word_1_423' title='bbox 502 2732 650 2762; x_wconf 67' lang='lat' dir='ltr'>Graevius</span> <span class='ocrx_word' id='word_1_424' title='bbox 660 2736 748 2763; x_wconf 83' lang='lat' dir='ltr'>recte</span> <span class='ocrx_word' id='word_1_425' title='bbox 762 2732 875 2770; x_wconf 86' lang='lat' dir='ltr'>edidit,</span> <span class='ocrx_word' id='word_1_426' title='bbox 889 2742 948 2773; x_wconf 82' lang='lat' dir='ltr'>pro</span> <span class='ocrx_word' id='word_1_427' title='bbox 960 2738 998 2764; x_wconf 83' lang='lat' dir='ltr'>ut</span> 
     </span>
     <span class='ocr_line' id='line_1_57' title="bbox 291 2775 618 2805; baseline 0 -1"><span class='ocrx_word' id='word_1_428' title='bbox 291 2776 402 2805; x_wconf 80' lang='lat' dir='ltr'>ullum</span> <span class='ocrx_word' id='word_1_429' title='bbox 419 2778 455 2804; x_wconf 82' lang='lat' dir='ltr'>tu</span> <span class='ocrx_word' id='word_1_430' title='bbox 471 2775 618 2804; x_wconf 67' lang='lat' dir='ltr'>exilium.</span> 
     </span>
    </p>

    <p class='ocr_par' dir='ltr' id='par_1_15' title="bbox 291 2816 997 2934">
     <span class='ocr_line' id='line_1_58' title="bbox 337 2816 995 2856; baseline 0.002 -9"><span class='ocrx_word' id='word_1_431' title='bbox 337 2819 377 2847; x_wconf 82' lang='lat'>53</span> <span class='ocrx_word' id='word_1_432' title='bbox 400 2817 446 2846; x_wconf 77' lang='lat' dir='ltr'>dii</span> <span class='ocrx_word' id='word_1_433' title='bbox 467 2817 490 2846; x_wconf 84' lang='lat' dir='ltr'>i.</span> <span class='ocrx_word' id='word_1_434' title='bbox 514 2817 624 2856; x_wconf 77' lang='lat' dir='ltr'>duint]</span> <span class='ocrx_word' id='word_1_435' title='bbox 650 2816 731 2847; x_wconf 90' lang='lat' dir='ltr'>Edd.</span> <span class='ocrx_word' id='word_1_436' title='bbox 755 2826 802 2856; x_wconf 77' lang='lat' dir='ltr'>pr.</span> <span class='ocrx_word' id='word_1_437' title='bbox 825 2816 995 2848; x_wconf 81' lang='lat' dir='ltr'>donarent.</span> 
     </span>
     <span class='ocr_line' id='line_1_59' title="bbox 292 2858 997 2899; baseline 0.001 -11"><span class='ocrx_word' id='word_1_438' title='bbox 292 2858 459 2888; x_wconf 85' lang='lat' dir='ltr'>Victorius</span> <span class='ocrx_word' id='word_1_439' title='bbox 482 2858 571 2889; x_wconf 82' lang='lat' dir='ltr'>dedit</span> <span class='ocrx_word' id='word_1_440' title='bbox 593 2860 724 2890; x_wconf 79' lang='lat' dir='ltr'>darent.</span> <span class='ocrx_word' id='word_1_441' title='bbox 746 2859 845 2888; x_wconf 83' lang='lat' dir='ltr'>male.</span> <span class='ocrx_word' id='word_1_442' title='bbox 865 2865 997 2899; x_wconf 86' lang='lat' dir='ltr'>tempus</span> 
     </span>
     <span class='ocr_line' id='line_1_60' title="bbox 291 2901 997 2934; baseline 0.003 -4"><span class='ocrx_word' id='word_1_443' title='bbox 291 2906 344 2930; x_wconf 55' lang='lat' dir='ltr'>est</span> <span class='ocrx_word' id='word_1_444' title='bbox 368 2901 535 2932; x_wconf 77' lang='lat' dir='ltr'>vitiosum.</span> <span class='ocrx_word' id='word_1_445' title='bbox 581 2902 742 2934; x_wconf 76' lang='lat' dir='ltr'>Gruterus</span> <span class='ocrx_word' id='word_1_446' title='bbox 765 2905 853 2932; x_wconf 85' lang='lat' dir='ltr'>recte</span> <span class='ocrx_word' id='word_1_447' title='bbox 875 2912 893 2933; x_wconf 91' lang='lat' dir='ltr'>e</span> <span class='ocrx_word' id='word_1_448' title='bbox 916 2902 997 2934; x_wconf 85' lang='lat' dir='ltr'>Mss.</span> 
     </span>
    </p>
   </div>
   <div class='ocr_carea' id='block_1_5' title="bbox 1039 2689 1742 2938">
    <p class='ocr_par' dir='ltr' id='par_1_16' title="bbox 1039 2689 1370 2720">
     <span class='ocr_line' id='line_1_61' title="bbox 1039 2689 1370 2720; baseline -0.006 0"><span class='ocrx_word' id='word_1_449' title='bbox 1039 2699 1104 2720; x_wconf 81' lang='lat' dir='ltr'>non</span> <span class='ocrx_word' id='word_1_450' title='bbox 1118 2694 1166 2720; x_wconf 78' lang='lat' dir='ltr'>est</span> <span class='ocrx_word' id='word_1_451' title='bbox 1179 2690 1259 2719; x_wconf 76' lang='lat' dir='ltr'>mihi</span> <span class='ocrx_word' id='word_1_452' title='bbox 1273 2689 1370 2719; x_wconf 78' lang='lat' dir='ltr'>tanti.</span> 
     </span>
    </p>

    <p class='ocr_par' dir='ltr' id='par_1_17' title="bbox 1039 2727 1742 2855">
     <span class='ocr_line' id='line_1_62' title="bbox 1083 2727 1742 2769; baseline -0.008 -6"><span class='ocrx_word' id='word_1_453' title='bbox 1083 2734 1123 2763; x_wconf 82' lang='lat'>56</span> <span class='ocrx_word' id='word_1_454' title='bbox 1146 2731 1213 2762; x_wconf 87' lang='lat' dir='ltr'>Sed</span> <span class='ocrx_word' id='word_1_455' title='bbox 1236 2736 1272 2762; x_wconf 83' lang='lat' dir='ltr'>tu</span> <span class='ocrx_word' id='word_1_456' title='bbox 1285 2735 1324 2761; x_wconf 83' lang='lat' dir='ltr'>ut</span> <span class='ocrx_word' id='word_1_457' title='bbox 1336 2729 1438 2769; x_wconf 70' lang='lat' dir='ltr'>vitiis]</span> <span class='ocrx_word' id='word_1_458' title='bbox 1466 2729 1500 2761; x_wconf 90' lang='lat' dir='ltr'><em>T</em></span> <span class='ocrx_word' id='word_1_459' title='bbox 1495 2740 1518 2761; x_wconf 80' lang='lat' dir='ltr'>u</span> <span class='ocrx_word' id='word_1_460' title='bbox 1531 2739 1608 2761; x_wconf 85' lang='lat' dir='ltr'>casu</span> <span class='ocrx_word' id='word_1_461' title='bbox 1621 2727 1742 2759; x_wconf 86' lang='lat' dir='ltr'>excidit</span> 
     </span>
     <span class='ocr_line' id='line_1_63' title="bbox 1039 2771 1741 2813; baseline -0.006 -8"><span class='ocrx_word' id='word_1_462' title='bbox 1039 2774 1074 2804; x_wconf 86' lang='lat' dir='ltr'>in</span> <span class='ocrx_word' id='word_1_463' title='bbox 1097 2774 1168 2805; x_wconf 88' lang='lat' dir='ltr'>edd.</span> <span class='ocrx_word' id='word_1_464' title='bbox 1197 2772 1402 2813; x_wconf 74' lang='lat' dir='ltr'>quibusdam,</span> <span class='ocrx_word' id='word_1_465' title='bbox 1426 2777 1464 2803; x_wconf 90' lang='lat' dir='ltr'>ut</span> <span class='ocrx_word' id='word_1_466' title='bbox 1488 2773 1586 2803; x_wconf 84' lang='lat' dir='ltr'>Grut.</span> <span class='ocrx_word' id='word_1_467' title='bbox 1621 2771 1741 2802; x_wconf 82' lang='lat' dir='ltr'>Primae</span> 
     </span>
     <span class='ocr_line' id='line_1_64' title="bbox 1041 2816 1319 2855; baseline -0.004 -9"><span class='ocrx_word' id='word_1_468' title='bbox 1041 2817 1173 2855; x_wconf 83' lang='lat' dir='ltr'>quidem</span> <span class='ocrx_word' id='word_1_469' title='bbox 1185 2816 1319 2846; x_wconf 85' lang='lat' dir='ltr'>habent.</span> 
     </span>
    </p>

    <p class='ocr_par' dir='ltr' id='par_1_18' title="bbox 1040 2854 1741 2938">
     <span class='ocr_line' id='line_1_65' title="bbox 1085 2854 1741 2898; baseline -0.006 -8.988"><span class='ocrx_word' id='word_1_470' title='bbox 1085 2861 1123 2892; x_wconf 79' lang='lat'>57</span> <span class='ocrx_word' id='word_1_471' title='bbox 1147 2862 1244 2898; x_wconf 81' lang='lat' dir='ltr'>temp.</span> <span class='ocrx_word' id='word_1_472' title='bbox 1266 2858 1345 2897; x_wconf 80' lang='lat' dir='ltr'>reip.</span> <span class='ocrx_word' id='word_1_473' title='bbox 1361 2855 1527 2895; x_wconf 76' lang='lat' dir='ltr'>concedas]</span> <span class='ocrx_word' id='word_1_474' title='bbox 1554 2854 1700 2886; x_wconf 79' lang='lat' dir='ltr'>Graevius</span> <span class='ocrx_word' id='word_1_475' title='bbox 1723 2864 1741 2885; x_wconf 89' lang='lat' dir='ltr'>e</span> 
     </span>
     <span class='ocr_line' id='line_1_66' title="bbox 1040 2896 1740 2938; baseline -0.007 -7"><span class='ocrx_word' id='word_1_476' title='bbox 1040 2899 1131 2932; x_wconf 89' lang='lat' dir='ltr'>libris</span> <span class='ocrx_word' id='word_1_477' title='bbox 1153 2901 1220 2932; x_wconf 81' lang='lat' dir='ltr'>suis</span> <span class='ocrx_word' id='word_1_478' title='bbox 1242 2899 1331 2933; x_wconf 85' lang='lat' dir='ltr'>dedit</span> <span class='ocrx_word' id='word_1_479' title='bbox 1345 2900 1452 2938; x_wconf 79' lang='lat' dir='ltr'>cedas,</span> <span class='ocrx_word' id='word_1_480' title='bbox 1467 2907 1502 2930; x_wconf 80' lang='lat' dir='ltr'>et</span> <span class='ocrx_word' id='word_1_481' title='bbox 1523 2897 1675 2930; x_wconf 75' lang='lat' dir='ltr'>concedas</span> <span class='ocrx_word' id='word_1_482' title='bbox 1695 2896 1740 2927; x_wconf 83' lang='lat' dir='ltr'>sic</span> 
     </span>
    </p>
   </div>
  </div>
 </body>
</html>
