1907 3231
274 135 350 170 5453
871 132 1125 173 ORATIO

276 236 438 278 Stalcni
462 238 674 280 sententia·
694 239 1030 281 condemnatum
1053 236 1282 278 videbant:
1312 250 1399 277 non
1432 236 1563 292 gratis
1589 230 1628 278 id
1660 237 1720 280 ab

274 310 325 334 eo
349 294 512 336 factum
534 310 638 346 esse,
665 297 780 352 quod
814 296 1031 337 hominem
1063 301 1234 343 norant,
1258 294 1533 348 judicabant.
1566 295 1718 336 similis

278 352 323 392 in
354 352 512 404 Bulbo,
535 352 578 393 in
602 353 754 403 Gutta,
780 354 824 394 111
855 352 949 393 aliis
978 349 1195 391 nonnullis
1225 351 1413 406 suspicio
1436 351 1715 393 consistebat.

213 419 264 458 79
282 409 433 465 Itaque
454 410 677 460 confiteor,
699 410 818 462 (licet
839 409 953 448 enim
969 407 1064 462 jam
1086 407 1275 462 impune,
1299 408 1379 449 hoc
1409 409 1647 464 praesertim
1671 410 1734 450 in·

277 466 388 518 loco,
411 467 642 518 conliteri,)
665 467 779 521 quod
813 464 1047 520 Oppianici
1079 477 1165 504 non
1196 464 1324 505 modo
1356 465 1456 516 vita,
1488 466 1559 506 sed
1584 466 1715 507 etiam

276 538 435 565 nomen
470 535 569 565 aute
611 523 713 563 illud
753 532 920 577 tempus
960 520 1120 577 populo
1159 520 1357 575 ignotum
1395 522 1570 564 fuisset:
1605 523 1715 564 indi-

276 581 531 636 gnissimum
554 595 680 635 porro
704 579 933 629 videretur,
956 579 1299 619 circumventum
1321 593 1411 619 esse
1440 579 1715 620 innocentem

274 632 482 694 pecunia:
516 638 626 677 hanc
649 636 802 676 deinde
833 635 1123 691 suspicionem
1155 644 1332 690 augeret
1364 635 1524 676 Staleni
1554 637 1717 692 impro-

276 695 402 745 bitas,
439 704 483 734 et
517 693 819 734 nonnullorum
858 693 951 748 ejus
993 692 1196 732 similium
1228 692 1429 746 judicum
1466 695 1714 749 turpitudo:

275 767 447 793 causam
470 759 613 791 autem
638 760 784 806 ageret
817 750 865 791 L.
891 750 1113 800 Quintius,
1133 749 1263 789 homo
1285 764 1383 789 cum
1407 764 1573 790 summa
1594 761 1716 806 potc-

275 818 384 850 state
416 808 636 863 praulituS,
660 818 751 849 tum
783 808 835 848 ad
867 806 1197 848 inflammandos
1229 806 1395 847 animos
1426 807 1716 850 multitudinis

274 866 624 906 acco1mnodatus
643 882 652 906 z
685 879 896 906 summam
918 864 1027 904 69illi
1049 863 1219 919 judicio
1243 863 1451 904 invidiam
1473 861 1717 906 infamiam-

274 938 357 976 que
397 937 488 963 esse
528 924 776 964 conflatam.
819 927 947 976 atque
989 922 1033 962 in
1077 921 1189 962 hanc
1225 921 1444 961 flammam
1485 932 1716 973 recentem,

276 980 328 1020 C.
361 979 558 1031 Junium,
599 979 672 1035 qui
716 979 775 1019 illi
814 978 1043 1034 quaestioni
1085 977 1334 1033 praefuerat,
1373 978 1583 1033 injectum
1625 994 1717 1020 esse

274 1037 466 1088 memini,
492 1046 534 1077 et
567 1037 684 1077 illum
717 1036 937 1076 hominem
969 1035 1216 1086 aedilicium,
1239 1035 1334 1089 jam
1365 1045 1594 1090 praetorem
1621 1037 1717 1092 opi-

273 1094 476 1135 nionibus
509 1093 733 1134 homiuum
756 1093 1057 1143 constitutum,
1079 1106 1167 1132 non
1193 1092 1506 1147 disceptatione
1528 1093 1715 1145 dicendi,
1734 1112 1737 1113 ⁷

244 1164 246 1167 ·
275 1152 347 1192 sed
370 1151 556 1193 clamore
586 1150 826 1203 hominum,
849 1150 901 1192 de
930 1149 1025 1191 foro
1048 1158 1177 1204 atque
1207 1149 1314 1190 adeo
1345 1149 1397 1190 de
1427 1150 1604 1192 civitate
1625 1165 1716 1193 esse

276 1209 509 1250 sublatum.
1732 1216 1735 1218 “

336 1266 489 1322 Neque
515 1281 582 1307 me
613 1267 799 1322 poenitet
828 1265 913 1307 11οο
945 1265 1089 1321 potius
1113 1274 1321 1320 tempore,
1343 1278 1472 1318 quam
1503 1263 1591 1316 illo,
1613 1280 1716 1308 cau-

278 1338 367 1365 sam
388 1323 444 1366 A.
469 1323 659 1365 Cluentii
681 1323 924 1365 defendere.
965 1322 1108 1363 Causa
1127 1321 1242 1362 enim
1265 1331 1410 1362 manet
1431 1321 1594 1373 eadem,
1617 1338 1715 1378 quae

276 1383 434 1422 mutari
455 1380 572 1422 nullo
593 1381 722 1422 modo
745 1388 912 1437 potest:
937 1380 1150 1435 temporis
1173 1379 1376 1434 iniquitas
1403 1388 1531 1434 atque
1552 1380 1716 1422 invidia

277 1439 465 1491 recessit,
488 1448 550 1489 ut,
572 1438 687 1493 quod
709 1439 752 1479 in
777 1448 968 1493 tempore
990 1437 1090 1477 mali
1113 1436 1210 1486 fuit,
1233 1436 1340 1476 nihil
1362 1436 1502 1478 obsit:
1533 1437 1649 1492 quod
1672 1437 1716 1479 in
1744 1452 1745 1456 ¹

231 1531 242 1561 ,Ι
277 1511 406 1537 causa
427 1496 529 1537 boni
552 1495 650 1547 fuit,
672 1496 823 1551 prosit.
858 1494 1011 1549 Itaque
1031 1509 1146 1534 nunc
1168 1493 1531 1548 quemadmodum
1553 1495 1717 1546 audiar,

244 1544 263 1561 '⁴
277 1554 431 1605 sentio,
462 1568 548 1593 non
573 1553 703 1594 modo
733 1553 788 1593 ab
817 1552 884 1602 iis,
917 1566 1099 1606 quorum
1119 1550 1336 1604 judicium
1364 1560 1493 1605 atque
1525 1561 1716 1606 potestas

276 1622 366 1663 est,
398 1611 469 1651 sed
493 1610 622 1651 etiam
646 1611 701 1650 ab
723 1609 819 1660 illis,
842 1623 1026 1664 quorum
1048 1617 1215 1649 tantum
1237 1617 1303 1648 est
1323 1608 1605 1649 existimatio.
1654 1609 1718 1650 At

277 1677 369 1712 tum
394 1669 426 1709 si
450 1668 650 1717 dicerem,
670 1682 756 1707 non
777 1666 970 1708 audirer:
1002 1680 1089 1706 non
1111 1665 1226 1720 quod
1249 1664 1331 1705 alia
1352 1679 1416 1705 res
1438 1675 1562 1716 esset,
1581 1666 1715 1707 immo

195 1745 264 1793 ”O
277 1726 440 1776 eadem,
469 1725 541 1766 sed
572 1734 741 1780 tempus
773 1723 904 1765 aliud.
967 1722 1017 1764 Id
1050 1723 1157 1764 adeo
1188 1722 1249 1762 sic
1278 1722 1544 1778 cognoscite.
1605 1724 1717 1770 Quis

191 1768 225 1794 Ο
280 1794 369 1823 tum
401 1782 576 1823 auderet
602 1782 758 1832 dicere,
780 1789 1008 1821 nocentem
1031 1780 1366 1821 condemnatum
1389 1793 1479 1820 esse
1503 1778 1718 1836 Oppiani-

275 1843 403 1881 cum?
425 1839 520 1895 quis
543 1854 657 1879 nuuc
680 1838 722 1879 id
744 1838 873 1880 audet
894 1840 1078 1892 negare?
1109 1837 1220 1883 Quis
1243 1846 1334 1877 tum
1357 1846 1502 1892 posset
1522 1851 1718 1893 arguere,

275 1898 330 1938 ab
355 1895 601 1953 Oppianico
617 1895 834 1951 judicium
857 1892 1070 1936 tentatum
1091 1909 1183 1935 esse.
1208 1894 1417 1950 pecunia?
1447 1894 1543 1948 quis
1565 1895 1608 1937 id
1631 1895 1716 1937 hoc

275 1965 470 2011 tempore
492 1953 666 1994 infitiari
691 1955 861 2009 potest?
893 1952 976 1993 Cui
1008 1962 1102 1993 tum
1134 1951 1282 1994 liceret
1311 1951 1479 2002 docere,
1503 1950 1716 2008 Oppiani-

275 2026 374 2052 cum
405 2025 523 2052 reum
547 2011 710 2052 fluctum
740 2024 831 2052 esse
853 2019 945 2051 tum
966 2009 1167 2064 denique,
1186 2023 1286 2050 cum
1307 2008 1474 2049 duobus
1506 2009 1717 2066 proximis

275 2068 540 2124 praejudiciis
571 2068 882 2110 condemnatus
913 2070 1050 2110 esset?
1081 2067 1177 2122 quis
1208 2076 1286 2116 est,
1310 2066 1383 2120 qui
1417 2066 1461 2107 id
1493 2066 1577 2108 hoc
1609 2075 1716 2107 tem-

211 2161 257 2193 81
277 2141 380 2182 pore
409 2126 625 2167 infirmare
656 2127 862 2167 conetur?
895 2125 1055 2175 Quare,
1080 2123 1244 2164 invidia
1274 2133 1453 2174 remota,
1474 2138 1603 2178 quam
1624 2124 1716 2165 dies

274 2183 508 2240 mitigavit,
530 2182 668 2224 oratio
689 2197 786 2223 mea
805 2182 1034 2238 deprecata
1054 2190 1133 2233 est,
1147 2190 1287 2222 vestra
1305 2180 1410 2221 fides
1432 2189 1559 2235 atque
1581 2182 1717 2236 aequia-

274 2250 338 2281 tas
375 2256 401 2281 a
432 2240 624 2282 veritatis
656 2240 972 2296 disceptatione
1013 2238 1190 2294 rejecit3
1239 2238 1344 2294 quid
1385 2247 1450 2278 est
1490 2248 1715 2294 praeterea,

273 2298 390 2354 quod
413 2299 456 2339 iu
480 2312 609 2338 causa
628 2297 921 2352 relinquatur?
1751 2297 1755 2301 ⁴

336 2356 556 2396 versatam
582 2369 673 2395 esse
704 2355 746 2395 in
771 2354 942 2410 judicio
971 2353 1216 2410 pecuniam,
1245 2361 1440 2395 constat:
1472 2366 1535 2404 ea,
1558 2353 1714 2407 quaeri-

277 2421 360 2464 tur,
383 2412 496 2453 unde
519 2411 712 2468 profecta
733 2412 816 2454 sit?
846 2413 901 2453 ab
932 2419 1195 2461 accusatore,
1217 2424 1270 2451 an
1302 2411 1357 2451 ab
1379 2424 1465 2451 reo.
1525 2409 1717 2451 Accusa-

277 2480 346 2511 tor
367 2470 474 2510 dicit
495 2469 613 2511 haec:
650 2469 858 2519 Primum,
882 2468 1144 2525 gravissimis
1166 2467 1419 2509 criminibus
1444 2468 1715 2518 accusabam,

281 2538 327 2571 ut
347 2528 453 2567 1111111
476 2542 584 2582 opus
607 2536 717 2567 esset
740 2527 947 2582 pecunia:
979 2525 1148 2576 deiude,
1169 2524 1503 2566 condemnatum
1531 2524 1716 2564 addu-·e-

278 2585 394 2635 bam,
417 2594 464 2624 ut
486 2599 539 2624 ne
561 2584 667 2639 eripi
690 2584 862 2639 quidem
884 2583 1068 2639 pecunia
1091 2590 1259 2638 posset:
1292 2589 1524 2638 postremo,
1545 2581 1715 2622 etiamsi

277 2642 498 2694 absolutus
529 2651 653 2693 esset,
685 2655 876 2683 mearum
900 2650 1042 2682 tamen
1065 2639 1257 2681 omnium
1280 2640 1550 2680 fortunarum
1579 2648 1715 2680 status

213 1297 266 1330 So

316 2799 357 2832 65)
372 2799 421 2829 ilii
432 2797 573 2839 judicio]
592 2799 723 2830 Jndioio
740 2799 830 2830 abest
846 2799 886 2829 ab
900 2797 972 2828 edd.
1015 2798 1100 2828 tium
1123 2797 1280 2828 referunt.
1324 2796 1401 2827 Non
1424 2796 1516 2827 bene.
1559 2796 1637 2828 Non
1659 2795 1714 2827 hie

275 2850 323 2888 pr.
338 2847 372 2871 et
388 2842 465 2871 Mss.
483 2841 692 2879 quibusdam:
715 2841 814 2887 idque
831 2841 973 2881 probant
1016 2849 1123 2887 sermo
1138 2845 1188 2873 est
1210 2840 1250 2873 de
1273 2839 1393 2872 invidia
1415 2838 1569 2876 hominis,
1587 2837 1643 2870 sed
1658 2840 1714 2879 jis.-

276 2884 335 2913 siri
358 2883 489 2923 quidam
515 2882 614 2920 docti,
641 2885 695 2925 qui
719 2885 766 2914 illc
792 2883 832 2915 ad
853 2883 973 2915 Cluen-
1016 2882 1104 2914 dxcii.
1557 2897 1560 2900 >
