1907 3231
323 101 371 135 34
911 99 1152 138 ORATIO

326 215 453 254 quam
483 215 585 243 mox
616 217 697 259 ego
731 202 932 245 Luscium
962 213 1005 244 et
1038 203 1269 245 Manilium
1298 202 1453 255 dicam,
1475 202 1637 254 ordine,
1659 216 1749 246 esse

283 264 566 311 b.se1mtores;
598 270 738 311 aetate,
762 260 941 315 grandes
973 269 1088 309 natu,
1121 271 1285 311 natura,
1316 269 1484 301 sanctos
1505 269 1550 301 et
1579 260 1749 317 religio-

326 328 410 365 sos,
431 316 567 372 copiis
591 317 648 357 rei
682 317 912 367 familiaris,
935 317 1166 372 locupletes
1196 325 1239 358 et
1268 317 1548 372 pecuniosos?
1578 331 1664 358 non
1686 316 1750 358 fa-

326 371 463 414 ciam:
496 373 601 414 nihil
624 373 726 414 milii
752 373 986 424 detraham,
1009 388 1106 415 eum
1127 374 1206 415 illis
1227 383 1392 415 exacta:
1415 374 1554 415 aetatis
1576 373 1751 416 severis—

327 427 432 470 sime
455 428 655 480 fructum,
677 445 803 485 quem
826 438 1083 482 meruerunt,
1105 431 1350 472 retribuam.
1373 431 1509 487 magis
1533 444 1627 471 mea
1647 430 1750 472 ado-

327 482 529 527 lescentia
551 487 715 542 indiget
745 487 911 527 illorum
935 489 1047 528 bona
1068 488 1400 538 existimatione,
1422 502 1549 543 quam
1582 487 1749 528 illorum

266 552 314 586 45
329 543 591 584 severissima
622 553 815 584 senectus
844 544 1056 585 desiderat
1084 559 1221 585 meam
1252 544 1433 585 laudem.
1502 543 1600 585 Tibi
1634 558 1750 595 vero,

330 598 445 649 Piso,
468 600 537 640 diu
562 600 896 651 deliberandum,
917 602 958 631 36
971 611 1014 641 et
1034 601 1388 656 concoquendum
1409 609 1487 652 est,
1510 610 1650 642 utrum
1673 615 1751 657 po-

328 656 409 696 tius
434 656 625 698 Chaereae
651 657 836 711 injurato
859 658 900 698 in
933 671 1007 698 sua
1038 657 1124 708 lite,
1149 673 1201 698 an
1235 657 1417 698 Manilio
1439 667 1483 698 et
1507 657 1750 712 Luscioju·

324 713 424 753 ratis
457 713 497 753 in
534 713 671 755 alieno
698 714 866 768 judicio
898 715 1057 755 credas.
1120 715 1347 770 Reliquum
1379 723 1456 765 est,
1478 724 1525 754 ut
1549 713 1750 755 Cluvium

326 769 476 810 salsum
499 770 658 812 dixisse
692 771 846 812 Luscio
868 780 909 811 et
942 771 1126 813 Manilio
1148 771 1403 813 contendat:
1435 771 1548 826 quod
1572 771 1605 812 si
1629 770 1749 821 facit,

320 840 405 880 qua
436 827 702 883 impudentia
722 839 798 879 est,
821 842 974 869 eumne
1003 836 1151 870 testem
1184 828 1459 884 improbabit,
1480 842 1607 882 quem
1630 827 1751 882 judi-

320 897 411 924 cem
436 885 651 939 probarit?
675 885 710 925 ei
736 885 911 940 negabit.
929 885 1042 926 credi
1063 896 1273 942 oportere,
1293 884 1359 926 cui
1386 885 1475 940 ipse
1497 883 1749 925 crediderit?

318 939 411 993 ejus
434 941 552 981 testis
575 941 836 996 adjudicent
860 942 986 982 fidem
1009 942 1256 993 infirmabit,
1279 941 1402 996 cujus
1424 951 1598 997 propter
1619 940 1749 984 fidem

318 1007 361 1037 et
393 997 641 1053 religionem
667 998 842 1052 judicis,
868 1007 994 1039 testes
1015 999 1318 1055 comparabat?
1349 1012 1476 1053 quem
1502 1011 1584 1054 ego
1607 998 1641 1038 si
1665 997 1750 1038 fer-

320 1068 407 1094 rem
423 1054 631 1108 judicem,
654 1055 848 1109 refugere
871 1070 956 1095 non
975 1055 1171 1097 deberet:
1203 1070 1301 1097 cum
1325 1065 1476 1096 testem
1501 1054 1747 1111 producam,

320 1111 625 1166 reprehendere
647 1112 849 1152 audebit?
884 1110 1010 1152 Dixit
1031 1113 1160 1163 enim,
1183 1112 1336 1166 inquit,
1359 1112 1568 1167 injuratus
1593 1111 1749 1154 Luscio

259 1174 361 1207 dsset
385 1167 583 1208 Manilio.
644 1169 689 1208 Si
718 1169 879 1210 diceret
904 1169 1088 1224 juratus,
1110 1169 1329 1210 crederes?
1359 1168 1419 1209 At
1448 1169 1551 1224 quid
1573 1169 1750 1210 interest

241 1223 429 1276 16inter
460 1225 677 1280 perjurum
707 1235 750 1266 et
781 1226 1057 1268 mendacem?
1091 1226 1178 1273 Qui
1208 1226 1379 1266 mentiri
1409 1225 1529 1276 solet,
1559 1225 1749 1281 pejerare

318 1283 554 1322 consuevit.
586 1297 710 1337 quem
742 1297 838 1338 ego,
872 1293 921 1323 ut
957 1284 1202 1334 mentiatur,
1236 1283 1435 1324 inducere
1469 1297 1668 1338 possum3
1701 1290 1749 1323 ut

317 1338 493 1393 pejeret,
516 1354 691 1380 exorare
714 1340 837 1380 facile
860 1350 1024 1395 potero.
1048 1354 1160 1390 nam,
1183 1340 1255 1394 qui
1279 1340 1408 1381 semel
1429 1355 1454 1380 a
1475 1339 1654 1381 veritate
1675 1339 1749 1381 de-

317 1395 454 1446 flexit,
489 1396 557 1437 hic
590 1411 675 1436 non
710 1397 870 1450 majore
910 1397 1115 1453 religione
1150 1397 1200 1438 ad
1241 1397 1490 1452 perjurium,
1527 1410 1656 1452 quam
1694 1396 1749 1438 ad

315 1453 585 1494 mendacium
626 1454 797 1509 perduci
838 1455 1075 1495 consuevit.
1117 1454 1211 1509 quis
1249 1455 1362 1494 enim
1395 1453 1746 1510 37deprecatione

316 1509 509 1560 deorum,
533 1525 614 1551 non
639 1511 913 1552 conscientia:
938 1511 1020 1552 fide
1042 1514 1363 1557 commovetur?
1397 1510 1629 1566 Propterea
1649 1525 1746 1566 quae

318 1581 451 1620 poena
479 1567 532 1607 ab
565 1567 646 1608 diis
682 1567 992 1608 immortalibus
1027 1568 1214 1624 perjuro,
1244 1567 1339 1609 haec
1372 1567 1519 1608 eadem
1549 1567 1745 1609 mendaci

315 1625 553 1664 constituta
581 1634 660 1665 est.
722 1625 821 1665 Non
851 1625 965 1665 euim
995 1640 1050 1666 ex
1084 1626 1282 1681 pactione
1314 1626 1554 1677 verborum,
1589 1625 1745 1680 quibus

311 1679 613 1735 jusjurandum
646 1682 1036 1737 comprehenditur,
1074 1683 1145 1723 sed
1179 1696 1233 1723 ex
1276 1682 1454 1737 perfidia
1484 1691 1528 1723 et
1567 1681 1744 1733 malitia,

319 1751 393 1791 per
414 1752 539 1792 quam
564 1738 729 1779 insidiae
754 1739 985 1780 tenduntur
1014 1738 1156 1790 alicui,
1179 1739 1237 1779 dii
1272 1738 1530 1779 immortales
1560 1738 1748 1780 homini-

256 1798 307 1835 47
323 1795 398 1834 bus
431 1795 551 1835 irasci
584 1805 627 1836 et
658 1810 904 1837 succensere
926 1805 1199 1837 consuerunt.
1258 1794 1319 1836 At
1347 1810 1429 1852 ego
1454 1795 1536 1837 hoc
1565 1809 1620 1836 ex
1642 1809 1746 1837 con-

318 1851 446 1892 trario
476 1853 706 1893 contendo.
768 1852 922 1893 Levior
941 1863 1052 1894 esset
1081 1853 1312 1894 auctoritas
1336 1852 1493 1905 Cluvii,
1525 1853 1559 1893 si
1585 1853 1755 1894 diceret²

308 1907 494 1961 juratus,
523 1924 651 1964 quam
686 1924 798 1950 nnnc
832 1920 909 1960 est,
942 1925 1037 1950 eum
1069 1910 1175 1952 dicit
1208 1910 1432 1964 injur-atus.
1489 1908 1601 1951 Tum
1629 1909 1746 1951 enim

315 1964 492 2006 forsitan
516 1969 554 1996 3⁸
569 1967 775 2021 improbis
798 1967 923 2008 nimis
945 1967 1126 2023 cupidus
1149 1967 1375 2018 videretur,
1397 1966 1485 2022 qui,
1506 1981 1591 2022 qua
1618 1965 1671 2007 de
1700 1980 1744 2007 re

206 2030 237 2063 P·
253 2021 447 2076 :xz-judex
462 2023 624 2073 fuisset,
644 2024 760 2064 testis
774 2035 881 2064 esset
898 2026 910 2064 ἓ
933 2039 1046 2064 nunc
1065 2024 1265 2065 omnibus
1284 2024 1467 2065 inimicis
1488 2037 1659 2065 necesse
1680 2031 1745 2064 est

272 2078 577 2120 ‘'¹·castissi1nus
610 2090 652 2120 et
682 2081 1051 2122 constantissimus
1081 2095 1172 2122 esse
1204 2081 1412 2131 videatur,
1442 2080 1516 2135 qui
1546 2080 1604 2131 id,
1628 2078 1743 2136 quod

253 2141 304 2174 48
317 2135 411 2187 seit,
434 2136 714 2177 familiaribus
745 2138 831 2178 suis
861 2137 981 2179 dicit.
1043 2137 1128 2180 Dic
1157 2153 1286 2189 nunc,
1308 2138 1341 2178 si
1372 2146 1507 2193 poteS,
1537 2137 1571 2178 si
1602 2151 1681 2192 res,
1707 2137 1743 2178 si

315 2208 445 2233 causa
505 2193 648 2243 atitur,
678 2193 877 2235 Cluvium
900 2209 990 2235 esse
1014 2195 1259 2236 mentitum.
1319 2194 1532 2235 Mentitus
1553 2193 1743 2236 est-'ffi-

314 2249 436 2290 vius?
467 2208 568 2305 fpsa
589 2251 693 2291 mihi
719 2252 873 2292 veritas
900 2266 1074 2292 manum
1095 2252 1260 2307 injecit,
1280 2260 1324 2293 et
1354 2251 1581 2307 paullisper
1602 2251 1745 2307 censis

312 2315 421 2348 stere
443 2317 486 2347 et
507 2308 761 2348 commorari
783 2308 917 2364 cogit.
966 2308 1091 2350 Unde
1113 2309 1196 2352 hoc
1215 2318 1354 2350 totum
1376 2308 1553 2350 ductum
1572 2316 1617 2349 et
1637 2309 1804 2350 con-*²

312 2363 461 2403 flatum
484 2365 755 2406 mendacium
777 2367 868 2406 est?
901 2365 1084 2407 Roscius
1106 2376 1171 2407 est
1193 2366 1391 2407 videlicet
1411 2365 1541 2406 homo
1562 2364 1758 2406 callidus*
1804 2365 1807 2368 ’

309 2430 353 2460 et
375 2430 583 2462 versutus.
641 2426 682 2457 39
696 2421 797 2464 Hoc
828 2422 968 2474 initio,
990 2424 1182 2480 cogitare
1209 2422 1371 2479 coepit:
1401 2421 1606 2478 quoniam
1628 2420 1740 2463 Fan-

628 2499 666 2524 ..4.

352 2576 392 2606 36
406 2580 436 2606 et
451 2577 718 2616 concoquendum]
743 2578 794 2608 Sic
809 2577 879 2608 edd.
893 2582 927 2609 et
941 2587 1003 2609 scr.
1045 2578 1172 2610 videtur
1182 2578 1356 2618 legendum
1369 2576 1475 2619 injicit
1485 2590 1494 2607 :
1508 2577 1583 2617 quia
1593 2576 1740 2617 sequitur

311 2617 456 2648 Graevius
481 2623 593 2649 tamen
619 2619 714 2650 malit
739 2621 947 2660 coquendum.
973 2632 1003 2652 v.
1045 2622 1140 2659 cogit.
1185 2620 1244 2652 Est
1257 2620 1344 2651 enim
1358 2626 1449 2651 totus
1463 2629 1569 2650 sermo
1583 2619 1636 2650 hic
1649 2618 1688 2649 de
1705 2618 1749 2649 re

310 2659 400 2689 Clav.
419 2660 451 2689 in
465 2670 610 2700 cvncoqu.
882 2660 905 2678 '4'
1046 2663 1212 2702 praesenti,
1227 2667 1261 2693 et
1277 2662 1410 2703 injicere
1424 2671 1560 2692 manum
1579 2665 1613 2691 et
1627 2670 1739 2699 cogere

350 2704 389 2734 37
413 2702 632 2742 deprecatione
645 2703 791 2743 deorum]
818 2714 847 2734 v.
862 2704 951 2735 Clav.
968 2705 1002 2735 in
1044 2715 1127 2736 cons.
1141 2704 1225 2735 idem
1240 2710 1301 2740 est,
1315 2704 1492 2743 eodemque
1503 2707 1580 2734 actu
1593 2703 1641 2733 fit.
1663 2702 1736 2733 Vidi

308 2743 430 2782 deprec-
1043 2757 1082 2778 ex
1096 2747 1127 2778 h.
1141 2746 1162 2777 l.
1177 2746 1300 2777 laudari
1315 2745 1581 2787 injecit-coegit,
1595 2750 1634 2775 ut
1648 2753 1668 2775 a
1679 2743 1739 2775 Ni-

350 2787 390 2816 38
413 2785 578 2825 improbis]
603 2786 656 2824 qui
686 2786 737 2816 hic
762 2786 914 2818 dieantur
939 2789 1002 2818 im·
1044 2790 1143 2824 zoli0,
1157 2788 1212 2818 sed
1225 2788 1344 2829 injicit,
1359 2789 1444 2827 cogit
1459 2788 1578 2818 rectius
1592 2792 1652 2818 est.

309 2827 414 2866 probi,
435 2828 499 2858 dixi
522 2829 556 2858 in
578 2828 668 2859 Clav.
712 2828 792 2860 Mox
813 2839 871 2870 pru
892 2829 1004 2871 injecit
1086 2834 1128 2866 39
1149 2829 1223 2863 Hoc
1238 2831 1342 2869 inicio,
1355 2831 1499 2870 cogitare
1510 2829 1617 2871 caym]
1631 2829 1739 2861 Inter·
