1907 3231
528 129 655 167 ACT.
682 128 735 168 11.
768 127 957 168 LIBER
988 126 1270 168 TERTIUS.
1528 134 1604 169 311

168 232 253 286 ille,
275 233 460 291 planiuS.
521 233 706 276 Senatus
727 242 772 275 te
793 233 932 277 voluit
950 232 1059 277 mihi
1081 248 1236 275 numos
1266 233 1389 276 dare:
1420 250 1490 277 me
1524 235 1606 277 tibi

168 291 436 334 frumentum
457 292 619 334 metiri.
650 301 698 334 tu
733 306 807 334 eos
838 306 1007 342 numos,
1040 306 1149 348 quos
1182 291 1290 332 mihi
1322 303 1493 333 senatus
1515 294 1607 334 dari

169 349 324 401 voluit,
345 350 439 406 ipse
459 349 666 392 habebis:
698 365 723 392 a
740 364 826 402 me,
848 350 917 392 cui
932 349 1126 406 singulos
1149 349 1346 391 denarios
1369 349 1460 390 dari
1479 365 1608 406 opor-
1619 363 1651 393 ν·
1668 355 1738 387 ¹93·

171 406 272 460 tuit,
294 407 420 449 binos
439 407 610 450 aufers?
640 419 685 448 et
716 408 818 450 huic
849 408 1009 465 praedae
1036 422 1086 449 ac
1117 407 1367 465 direptioni,
1389 408 1507 448 cellae
1533 422 1609 448 uo-
1621 406 1650 426 a.

170 478 272 506 men
303 465 522 522 imponis?
554 465 668 507 Haec
699 465 847 508 deerat
876 465 1049 522 injuria,
1083 474 1126 507 et
1155 465 1252 507 haec
1274 465 1495 506 calamitas
1518 468 1698 506 ara-193

172 522 357 575 toribus,
380 532 421 564 te
443 532 645 580 praetore,
667 539 755 580 qua
785 523 961 580 reliquis
995 524 1181 565 fortunis
1214 523 1417 567 omuibus
1448 533 1614 564 everte-

170 588 334 622 rentur.
368 595 472 622 nam
513 580 619 637 quid
662 596 754 623 esse
792 581 946 638 reliqui
978 590 1150 639 poterat
1183 580 1237 633 ei,
1268 580 1342 636 qui
1386 595 1462 637 per
1502 581 1615 623 hanc

170 636 377 693 injuriam
410 653 498 681 non
528 639 660 681 modo
690 639 958 682 frumentum
993 654 1122 681 omne
1151 639 1364 689 amittere,
1388 639 1461 680 sed
1483 639 1617 680 etiam

171 709 302 737 omne
324 696 662 739 instrumentum
686 698 871 739 vendere
891 701 1150 754 cogeretur?
1183 698 1285 744 Quo
1317 697 1433 738 enim
1457 712 1501 737 se
1524 712 1617 738 ver-

172 762 299 806 teret,
318 769 406 796 non
428 754 635 797 habebat.
696 754 764 797 Ex
787 770 874 811 quo
898 755 1043 797 fructu
1065 770 1236 806 numos,
1249 770 1358 810 quos
1378 755 1459 796 tibi
1482 755 1617 805 daret,

172 811 415 856 inveniret?
439 812 737 855 Decumarum
759 813 937 854 nomine
951 823 1121 854 tantum
1143 824 1235 854 erat
1254 814 1461 864 ablatum,
1481 828 1617 869 quan-

173 878 268 912 tum
290 870 491 913 voluntas
514 870 672 913 tulerat
701 870 908 927 Apronii:
943 886 1021 927 pro
1050 871 1193 912 alteris
1216 870 1425 922 decumis,
1448 880 1618 926 empto-

171 941 258 983 que
273 926 510 981 frumento,
524 937 600 970 aut
620 928 732 970 nihil
752 929 920 980 datum,
933 940 1009 970 aut
1034 937 1203 970 tantum
1222 928 1388 979 datum,
1404 939 1617 984 quantum

172 985 328 1042 reliqui
350 986 493 1028 scriba
525 985 702 1038 fecerat,
725 996 801 1028 aut
832 985 946 1028 ultro
976 987 1110 1029 etiam
1143 986 1207 1040 (id
1241 986 1358 1042 quod
1385 987 1618 1038 didicistis)

175 1042 387 1085 ablatum.
448 1044 678 1100 Cogantur
720 1044 851 1086 etiam
878 1044 1001 1085 numi
1037 1046 1092 1086 ab
1132 1047 1328 1087 aratore?
1369 1034 1664 1100 quomodo?ss

173 1115 261 1156 quo
276 1101 404 1157 jure?
434 1116 522 1159 quo
544 1101 776 1158 exemplo?
810 1102 941 1154 Nam,
972 1118 1073 1144 cum
1104 1102 1271 1145 fructus
1303 1102 1620 1158 diripiebantur

175 1167 411 1211 aratorum,
445 1169 576 1216 atque
610 1159 731 1201 omni
762 1159 1064 1202 lacerabantur
1095 1160 1282 1216 injuriag
1313 1160 1544 1202 videbatur
1575 1161 1622 1202 id

174 1217 355 1272 perdere
388 1228 548 1269 arator,
584 1218 703 1274 quod
736 1230 878 1259 aratro
910 1218 1003 1275 ipse
1038 1219 1280 1274 quaesisset,
1304 1218 1346 1259 in
1371 1234 1457 1274 quo
1477 1218 1622 1260 elabo-

176 1284 328 1326 rasset,
350 1275 467 1331 quod
498 1276 592 1332 agri
628 1284 884 1331 segetesque
917 1276 1192 1317 extulissent.
1256 1277 1428 1323 Quibus
1452 1276 1623 1333 injuriis
1639 1281 1712 1317 199

175 1332 444 1388 gravissimis
464 1343 609 1374 tamen
632 1332 738 1374 illud
759 1343 852 1375 erat
872 1334 1079 1375 miserum
1094 1333 1313 1385 solatium,
1327 1334 1442 1390 quod
1464 1335 1507 1376 id
1531 1349 1626 1391 per-

175 1390 277 1431 dere
299 1390 543 1443 videbatur,
567 1390 683 1447 quod
710 1390 796 1431 alio
822 1400 1024 1448 praetore‚
1048 1392 1201 1433 eodem
1226 1406 1280 1433 ex
1302 1407 1407 1449 agro
1430 1406 1627 1449 reparare

177 1457 338 1504 posset.
398 1452 439 1483 97
455 1449 627 1490 Numos
661 1462 763 1490 vero
796 1459 845 1490 ut
875 1449 950 1491 det
979 1459 1137 1501 arator,
1160 1464 1269 1506 quos
1293 1465 1380 1491 non
1414 1459 1556 1493 aratro
1579 1466 1629 1493 ac

176 1520 310 1547 manu
333 1507 507 1561 quaerit,
529 1507 661 1548 boves
684 1515 728 1547 et
745 1516 937 1549 aratrum
961 1507 1120 1563 ipsum,
1143 1521 1186 1549 et
1218 1522 1346 1548 omne
1369 1508 1631 1549 instrumen-

178 1571 272 1603 tum
297 1564 471 1617 vendat,
495 1578 670 1606 necesse
688 1574 770 1606 est.
835 1565 939 1607 Non
962 1566 1079 1606 enim
1111 1565 1280 1606 debetis
1304 1565 1388 1607 hoc
1412 1566 1629 1622 cogitare:

178 1619 315 1662 habet
334 1621 448 1663 idem
472 1622 516 1663 in
541 1622 709 1665 numis:
742 1622 878 1665 habet
896 1624 1011 1665 idem
1034 1624 1078 1664 in
1106 1623 1282 1665 urbanis
1307 1623 1497 1680 praediis.
1528 1638 1631 1665 nam

177 1693 280 1720 cum
294 1681 454 1722 aratori
469 1695 579 1722 onus
599 1681 776 1736 aliquod
795 1681 1051 1738 imponitur,
1069 1696 1156 1722 non
1179 1696 1345 1733 omnes,
1359 1682 1391 1722 si
1408 1696 1507 1737 quae
1531 1691 1632 1723 sunt

178 1745 391 1794 praeterea
413 1738 658 1791 facultates,
688 1739 762 1780 sed
786 1739 1145 1796 arationisipsius
1176 1739 1241 1780 vis
1274 1754 1324 1781 ac
1347 1740 1458 1781 ratio
1488 1741 1631 1782 consi-

178 1795 370 1837 deranda
390 1806 470 1849 est,
484 1797 589 1852 quid
605 1811 656 1838 ea
675 1797 900 1850 sustinere,
919 1797 1023 1853 quid
1044 1797 1151 1855 pati,
1174 1797 1279 1852 quid
1298 1797 1470 1839 efficere
1493 1798 1632 1854 possit

181 1867 232 1893 ac
269 1853 440 1895 debeat.
504 1854 785 1911 Quamquam
817 1855 878 1897 illi
910 1870 1086 1912 quoque
1115 1864 1217 1897 sunt
1247 1855 1445 1896 homines
1467 1858 1522 1897 ab
1546 1857 1630 1897 isto

179 1910 300 1951 omni
338 1912 507 1954 ratione
537 1912 752 1955 exinaniti
792 1928 843 1955 ac
884 1913 1069 1970 perditi:
1116 1921 1262 1954 tamen
1294 1913 1378 1954 hoc
1411 1914 1536 1955 vobis
1565 1923 1631 1955 est

181 1970 477 2022 statuendum,
500 1970 604 2026 quid
628 1979 843 2012 aratorem
862 1971 1005 2028 ipsum
1028 1971 1236 2012 arationis
1250 1971 1426 2013 nomine
1440 1973 1628 2013 muneris
1642 1975 1674 2007 b·

181 2026 227 2083 in
249 2028 474 2084 republica
497 2028 622 2084 fungi
642 2043 695 2070 ac
716 2029 928 2070 sustinere
953 2029 1108 2070 velitis.
1154 2027 1388 2085 Imponitis
1404 2029 1630 2072 decumas:

182 2084 425 2140 patiuntur.
464 2085 643 2129 alteras:
678 2087 950 2143 temporibus
981 2088 1135 2128 vestris
1158 2087 1432 2129 serviendum
1461 2098 1632 2144 putant.

180 2141 287 2184 dent
308 2153 473 2185 emtum
499 2153 724 2200 praeterea.
747 2144 931 2197 dabunt,
955 2145 988 2186 si
1022 2143 1193 2186 voletis.
1256 2144 1370 2186 Haec
1393 2160 1523 2200 quain
1547 2147 1633 2187 sint
1644 2152 1723 2187 200

183 2199 350 2255 gravia,
371 2210 415 2242 et
438 2202 560 2257 quid,
579 2202 646 2243 his
671 2203 799 2244 rebus
821 2202 1043 2255 detractis,
1067 2202 1206 2260 possit
1228 2203 1282 2244 ad
1313 2203 1513 2245 dominos
1537 2205 1635 2260 puri

182 2272 234 2298 ac
274 2258 430 2314 reliqui
468 2260 709 2317 pervenire,
746 2260 876 2302 credo
916 2275 993 2302 vos
1028 2275 1084 2302 ex
1119 2261 1273 2302 vestris
1306 2261 1433 2302 rebus
1464 2263 1636 2304 rusticis

184 2315 442 2371 conjectura
463 2318 633 2374 assequi
653 2333 796 2375 posse.
842 2316 1005 2360 Addite
1024 2333 1142 2360 nunc
1165 2318 1318 2359 eodem
1338 2319 1461 2359 istius
1480 2319 1637 2371 edicta,

185 2372 403 2427 instituta,
438 2374 646 2431 injurias:
687 2376 835 2418 addite
866 2375 1054 2433 Apronii
1088 2376 1464 2432 Veneriorumque
1495 2391 1638 2419 servo-

181 2444 296 2483 rum,
334 2432 378 2473 in
413 2448 519 2490 agro
555 2434 799 2476 decumano
833 2448 968 2490 regna
1004 2449 1056 2475 ac
1097 2433 1287 2490 rapinas·
1360 2434 1640 2490 Quamquam

187 2487 286 2531 haec
318 2490 505 2534 omitto:
537 2492 591 2534 de
622 2491 730 2534 cella
760 2492 930 2548 loquor.
993 2491 1204 2533 Placetne
1238 2492 1379 2544 vobis,
1411 2493 1457 2533 in
1487 2493 1641 2535 cellam

183 2546 517 2604 magistratibus
540 2551 703 2592 nostris
726 2549 995 2591 frumentum
1025 2549 1196 2591 Siculos
1218 2550 1354 2606 gratis
1377 2550 1505 2595 dare?
1535 2551 1641 2608 quid

227 2699 268 2732 97
293 2698 425 2732 Numos
448 2711 525 2732 vero
550 2706 590 2733 ut
614 2702 683 2743 det]
721 2703 773 2734 Sic
802 2701 889 2733 edidi
934 2706 1027 2733 ctum
1043 2703 1173 2742 quoerz't,
1189 2702 1304 2733 eodem
1326 2711 1387 2733 nos
1406 2713 1424 2734 e
1447 2704 1543 2735 daret
1564 2704 1643 2736 feci-

186 2749 246 2780 pro
275 2741 384 2780 daret,
413 2744 501 2784 quod
524 2755 600 2775 cum
629 2746 760 2782 ceteris,
790 2745 890 2776 meris
934 2754 1008 2775 mus
1024 2745 1087 2776 dec.
1133 2745 1197 2776 Ms.
1220 2746 1347 2776 Nannii
1370 2751 1484 2778 autem
1507 2757 1567 2788 pro
1591 2747 1642 2778 his

185 2784 417 2822 praesentibus,
440 2796 507 2817 non
530 2788 697 2828 congruit.
743 2789 783 2820 In
817 2787 890 2819 edd.
935 2788 1186 2830 quos—quaerit,
1212 2787 1356 2819 habebat
1378 2799 1456 2829 quos
1479 2799 1543 2820 non
1564 2800 1642 2820 exa-

184 2834 235 2865 pr.
259 2830 310 2856 est
323 2827 425 2859 etiam
441 2835 609 2869 quaererec.
657 2831 731 2862 Hoc
747 2830 890 2862 correxit
931 2836 1002 2868 rac,
1016 2830 1103 2871 quud
1115 2831 1197 2862 mihi
1211 2840 1291 2863 sane
1314 2831 1424 2872 placet
1446 2833 1552 2872 magis
1570 2833 1642 2864 vul-

187 2867 290 2898 Aldus
313 2874 349 2900 et
370 2870 472 2902 edidit
495 2875 632 2913 quoerc't:
655 2884 714 2905 cur
728 2884 807 2915 ergo
823 2882 892 2904 non
935 2878 1028 2913 gato.

188 2914 223 2941 et
250 2910 418 2945 alterum?
442 2914 518 2956 Quo
533 2916 609 2957 jure
631 2927 649 2947 e
671 2921 830 2958 quereret
843 2917 893 2948 fa-

876 2966 959 3002 xci
