1907 3231
520 119 646 158 ACT.
682 120 734 157 11.
768 119 969 157 LIBER·
986 119 1268 158 QUJNTUs.
1538 122 1617 166 431

169 232 254 273 que
280 221 549 278 navigarent.
621 223 666 264 Si
699 224 794 266 haec
813 239 902 266 non
933 224 988 266 ad
1013 224 1128 265 cives
1163 223 1400 276 Romanos,
1437 240 1534 270 non,
1554 225 1608 267 ad
1621 214 1692 276 67

168 276 334 332 aliquos
353 279 514 321 amicos
535 290 694 322 nostrae
716 282 919 336 civitatis,
943 297 1028 323 non
1061 282 1113 322 ad
1136 295 1223 333 θος,
1246 282 1319 336 qui
1347 282 1493 338 populi
1519 283 1608 325 Ro-
1624 292 1694 332 171

168 335 286 376 mani
317 351 472 378 nomen
495 338 736 391 audissent3
766 340 966 395 denique,
990 339 1022 380 si
1046 354 1133 380 non
1155 338 1207 379 ad
1228 338 1440 390 homines,
1462 355 1609 383 verum

167 392 222 432 ad
256 393 434 446 bestias3
467 405 542 436 aut
570 396 716 448 etiam,
742 408 790 438 ut
824 397 994 453 longius
1022 395 1286 453 progrediar,
1322 397 1355 437 si
1393 397 1436 436 in
1467 398 1610 453 aliqua

166 448 457 492 desertissima
479 453 726 505 solitudine,
748 455 801 496 ad
832 470 937 495 saxa
967 468 1010 496 et
1032 455 1085 495 ad
1117 453 1314 509 scopulos
1339 452 1483 494 8lhaec
1505 470 1608 496 con-

164 508 285 561 queri
305 517 350 549 et
370 509 592 565 deplorare
618 512 791 553 vellem:
826 523 968 553 tamen
991 513 1137 553 omnia
1167 522 1288 552 muta
1319 520 1448 566 atque
1469 512 1609 552 inani-

162 577 248 615 ma,
271 574 392 607 tanta
411 576 455 608 et
477 578 566 609 tam
589 569 768 625 indigna
797 585 938 611 rerum
960 571 1187 611 atrocitate
1215 579 1605 614 commoverentur.

163 620 294 664 Nunc
316 638 417 665 vero
450 641 550 667 cum
582 626 733 682 loquar
759 629 873 684 apud
905 638 1120 668 senatores
1145 627 1293 683 populi
1319 626 1522 677 Romani,
1545 626 1604 668 le-

160 681 666 740 gum,judiciorumque‚
702 696 745 726 et
767 686 880 740 juris
913 695 1124 736 auct01·eS‚
1156 685 1308 726 timere
1335 698 1422 725 non
1450 685 1603 736 debeo,

158 751 214 778 ne
235 753 320 779 non
357 755 464 781 unus
499 742 579 783 iste
614 743 721 783 civis
757 744 979 783 Romanus
1004 742 1073 783 illa
1109 757 1236 783 cruce
1263 742 1436 797 (lignus,
1468 743 1602 783 ceteri

158 809 308 837 omnes
325 798 453 839 simili
473 800 664 856 periculo
686 800 1250 856 indignissimijudicentur.
1313 799 1464 840 Paullo
1485 810 1599 852 ante,
1615 809 1688 849 172

150 851 338 908 judices,
358 855 566 912 lacrymas
584 858 626 898 in
646 867 786 898 morte
807 858 960 898 misera
979 868 1107 912 atque
1126 856 1427 913 indignissima
1449 872 1600 899 navar-

155 910 338 954 chorum
357 929 442 954 non
468 916 744 967 tenebamus3
777 924 820 955 et
842 924 956 956 recte
979 930 1028 956 ac
1059 916 1211 955 merito
1236 915 1449 955 sociorum
1475 915 1601 956 inno-

154 971 346 1012 centium
367 973 540 1013 miseria
569 974 972 1014 commovebamur:
1005 973 1107 1028 quid
1126 987 1242 1013 nunc
1265 972 1308 1012 in
1332 982 1479 1013 nostro
1503 987 1600 1014 san-

154 1027 286 1082 guine
316 1030 488 1070 tandem
525 1030 665 1071 facere
697 1031 930 1072 debemus?
972 1045 1073 1071 nam
1107 1031 1269 1071 civium
1299 1029 1600 1072 Romanorum

151 1086 327 1141 sanguis
348 1087 608 1143 conjunctus
637 1089 950 1129 existimandus
972 1098 1055 1130 est:
1088 1088 1292 1143 quoniam
1315 1087 1359 1128 id
1382 1098 1425 1128 et
1447 1088 1597 1132 salutis

150 1143 346 1184 omnium
377 1146 501 1196 ratio,
524 1155 567 1186 et
586 1148 625 1176 82
639 1147 794 1187 veritas
828 1146 1031 1202 postulat.
1063 1161 1211 1187 omnes
1245 1145 1328 1186 hoc
1357 1144 1454 1186 loco
1476 1146 1592 1187 cives

151 1197 355 1253 Romani,
372 1212 416 1243 et
437 1204 510 1259 qui
537 1204 708 1255 adsunt,
731 1216 773 1244 et
795 1205 866 1259 qui
901 1205 1162 1258 ubicumque
1185 1213 1298 1253 sunt,
1322 1211 1506 1244 vestram
1526 1218 1592 1244 se-

146 1258 373 1300 veritatem
412 1261 671 1313 desiderant,
714 1272 899 1302 vestram
947 1262 1075 1302 fidem
1112 1261 1359 1317 implorant,
1400 1270 1588 1302 vestrum
1602 1274 1633 1305 b.

147 1316 358 1358 auxilium
383 1319 625 1374 requirunt:
659 1320 805 1360 omnia
827 1335 901 1359 sua
917 1319 1032 1375 jura,
1056 1319 1298 1369 commoda,
1322 1318 1498 1369 auxilia,
1520 1327 1589 1359 to-

146 1379 236 1414 tam
258 1375 444 1431 denique
462 1377 703 1417 libertatem
719 1377 761 1417 in
784 1378 932 1417 vestris
953 1377 1176 1418 sententiis
1196 1375 1352 1417 versari
1375 1376 1588 1417 arbitran-

146 1437 229 1472 tur.
289 1431 329 1473 A
351 1448 434 1485 me,
457 1434 626 1474 tametsi
650 1435 752 1475 satis
786 1434 962 1485 habent,
991 1444 1150 1484 tamen,
1173 1436 1212 1464 83
1227 1434 1259 1473 si
1284 1447 1348 1474 res
1371 1432 1494 1474 aliter
1516 1448 1585 1474 ac-
1601 1442 1674 1481 173

143 1488 428 1546 cide1·it‚plus
458 1491 683 1532 habebunt
716 1491 911 1542 fortasse,
944 1506 1073 1547 quam
1103 1491 1338 1547 postulant.
1372 1505 1473 1531 nam
1505 1491 1586 1532 etsi

142 1560 228 1601 qua
250 1548 313 1588 vis
344 1549 474 1590 istum
497 1550 550 1590 de
575 1559 714 1590 vestra
745 1551 973 1590 severitate
1002 1550 1223 1605 eripuerit,
1246 1549 1288 1588 id
1308 1548 1424 1603 quod
1447 1562 1587 1602 neque

140 1612 303 1656 metuo,
318 1605 505 1661 judices,
521 1621 660 1662 neque
681 1607 764 1647 ullo
787 1608 916 1648 modo
940 1608 1031 1648 fieri
1053 1621 1177 1663 posse
1200 1606 1324 1647 video
1343 1622 1352 1647 ε
1386 1606 1458 1646 sed
1483 1606 1517 1646 si
1541 1606 1587 1646 in

139 1659 224 1703 hoc
246 1677 314 1704 me
336 1665 446 1705 ratio
470 1665 693 1717 fefellerit3
728 1665 860 1706 Siculi
883 1680 1056 1706 causam
1080 1679 1198 1705 suam
1221 1663 1381 1720 perisse
1403 1677 1586 1725 queren-

138 1729 222 1771 tur,
259 1730 304 1761 et
335 1737 505 1764 mecum
548 1723 707 1779 pariter
743 1723 922 1764 moleste
964 1722 1126 1764 ferent:
1180 1720 1364 1779 populus
1407 1720 1585 1776 quidem

140 1775 364 1820 Romanus
396 1781 529 1832 brevi,
562 1781 766 1836 quoniam
799 1781 906 1822 mibi
940 1790 1198 1837 potestatem
1222 1778 1335 1835 apud
1359 1792 1404 1819 se
1425 1778 1584 1834 agendi

136 1834 269 1887 dedit,
285 1837 359 1892 jus
382 1853 520 1889 suum,
545 1853 614 1880 me
645 1848 816 1895 agente,
839 1840 924 1880 suis
953 1838 1168 1895 suffragiis
1190 1839 1230 1868 84
1246 1846 1345 1877 ante
1380 1835 1477 1876 Kal.
1502 1835 1584 1876 Fe-

138 1892 331 1936 bruarias
352 1897 638 1953 recuperabit.
699 1896 779 1948 Ac,
810 1897 842 1937 si
872 1898 925 1938 de
947 1912 1043 1939 mea
1072 1896 1209 1953 gloria
1230 1903 1273 1935 et
1295 1893 1582 1949 amplitudine

136 1952 345 2005 quaeritis,
365 1953 562 2008 judices:
594 1969 681 1995 non
712 1966 777 1995 est
810 1954 996 1996 alienum
1028 1955 1134 1994 meis
1155 1952 1410 2011 rationibus,
1433 1950 1580 2014 istum,

134 2008 243 2050 mihi
265 2024 321 2051 ex
345 2011 613 2067 liocjtidicio
635 2022 846 2068 ereptum,
871 2013 923 2054 ad
948 2012 1050 2054 illud
1081 2010 1228 2068 populi
1256 2008 1443 2050 Romani
1459 2007 1580 2072 judi-

133 2066 249 2108 cium
283 2071 502 2110 reservari.
564 2069 799 2126 Splendida
826 2080 891 2111 est
912 2070 983 2111 illa
1016 2084 1163 2110 causa:
1196 2065 1432 2124 probabilis
1454 2065 1578 2129 mihi,

131 2133 176 2165 et
198 2124 360 2178 facilis;
398 2127 559 2184 populo
573 2137 696 2184 grata
717 2138 845 2183 atque
861 2128 1071 2183 jucunda.
1130 2126 1349 2180 Denique,
1370 2123 1403 2164 si
1428 2122 1578 2163 videor

130 2180 218 2234 hic,
237 2183 279 2225 id
298 2185 413 2240 quod
433 2200 515 2242 ego
539 2200 625 2226 non
647 2186 843 2241 quaesivi,
867 2187 919 2227 de
940 2200 1027 2226 uno
1050 2186 1134 2225 isto
1154 2183 1338 2225 voluisse
1359 2193 1575 2222 crescere:

130 2238 214 2282 isto
237 2242 451 2294 absoluto,
484 2244 599 2300 quod
632 2244 723 2284 sine
752 2243 988 2285 multorum
1011 2242 1168 2284 scelere
1190 2241 1282 2282 fieri
1303 2253 1391 2280 non
1414 2246 1575 2294 potest,

127 2297 180 2340 de
200 2300 346 2341 multis
368 2301 474 2341 mihi
491 2315 680 2342 crescere
698 2301 861 2342 licebit.
1538 2311 1543 2315 “

144 2368 146 2371 ’
187 2356 272 2399 Sed
284 2358 563 2410 mehercules,
579 2369 720 2399 vestra
736 2359 882 2414 reique
896 2358 1084 2415 publicae
1107 2371 1250 2406 causa,
1265 2352 1452 2417 judices,
1470 2350 1571 2413 nolo
1583 2357 1654 2414 68

127 2412 173 2455 i‘n
196 2414 280 2457 hoc
309 2416 475 2458 delecto
511 2417 692 2459 consilio
715 2426 884 2458 tantum
917 2416 1133 2474 flagitium
1155 2428 1246 2454 esse
1268 2424 1570 2454 comnnssum:

141 2555 146 2559 ”
168 2548 206 2578 81
235 2549 302 2579 hoec
315 2549 480 2590 conqueri]
510 2549 593 2581 Hoee
605 2549 741 2580 offendit
756 2549 826 2579 Ho-
869 2553 903 2579 et
921 2548 982 2578 Gu.
1007 2546 1111 2584 abest,
1138 2549 1172 2576 et
1191 2543 1244 2574 vel
1259 2543 1328 2573 sine
1353 2541 1445 2573 libris
1460 2540 1572 2572 delen-

124 2592 334 2621 tomannum.
380 2592 493 2623 Potest
507 2593 570 2622 dici
587 2593 766 2633 repetitum
793 2595 826 2621 in
870 2591 948 2621 (lum
964 2598 1062 2621 esset.
1271 2629 1276 2634 .
1343 2629 1348 2634 .
1458 2627 1464 2634 ο
1523 2627 1529 2633 ⁸

125 2636 284 2669 extremo,
312 2635 389 2673 quia
425 2636 573 2675 superius
602 2637 666 2665 hcec
693 2635 823 2673 longius
911 2636 949 2663 83
978 2641 1074 2663 seres
1088 2631 1186 2660 aliter
1207 2627 1377 2667 acczclerzt]
1407 2625 1573 2656 Usitatius

124 2674 226 2705 abest.
270 2675 352 2707 Edd.
368 2687 416 2717 pr.
434 2687 501 2708 non
516 2678 652 2714 habent,
678 2677 733 2707 sed
756 2678 824 2716 ejus
867 2678 955 2707 foret
993 2674 1161 2705 ceciderit.-
1188 2672 1259 2702 >nisi
1294 2671 1340 2701 sic
1371 2669 1572 2709 legendum:

123 2715 196 2748 loco
210 2723 254 2752 et,
270 2719 356 2758 quod
369 2725 485 2750 tamen
509 2730 577 2750 non
597 2727 711 2761 aptum
728 2724 778 2749 est
793 2719 825 2750 h.
869 2729 946 2750 narn
971 2723 1006 2748 et
1031 2715 1109 2746 alibi
1136 2715 1208 2745 haec
1221 2714 1320 2745 verba
1335 2712 1472 2743 confusa
1485 2715 1577 2742 suut.

124 2757 147 2789 l'.
193 2760 274 2791 Hoec
295 2766 346 2792 est
369 2762 410 2792 ab
433 2762 529 2801 Aldo,
557 2763 612 2793 sed
633 2767 763 2799 tamen,
787 2767 827 2792 ut
869 2763 922 2794 Ita
938 2760 1111 2790 videbatur
1125 2761 1159 2787 et
1173 2756 1378 2787 Guilielmio.
1533 2796 1539 2802 ι

124 2803 253 2843 opinor,
269 2814 287 2834 e
300 2803 405 2835 libris.
418 2814 496 2835 nam
507 2811 543 2836 et
554 2807 618 2836 Gu.
632 2805 744 2835 habet.
912 2806 953 2834 34
979 2807 1058 2833 ame
1085 2799 1166 2831 Kal.
1194 2799 1304 2839 Febru]
1331 2799 1443 2830 Primo
1463 2801 1577 2828 statim

163 2847 205 2876 82
239 2847 362 2878 veritas
396 2848 558 2887 omnium]
619 2847 721 2878 Jelevi
750 2857 827 2878 cum
870 2846 1039 2876 aedilitatis
1055 2852 1138 2874 meae
1152 2852 1278 2877 mense.

120 2887 249 2919 Graevio
264 2891 421 2920 omnium.
442 2900 461 2921 a
472 2890 564 2922 libris
581 2889 773 2930 quibusdam
789 2895 829 2920 ut
841 2932 863 2974 f

798 2947 821 2974 F
883 2938 908 2974 3
