1907 3231
599 64 664 102 IN
690 64 736 102 L.
765 62 1120 102 CATILINAM.
1499 66 1575 104 679

126 163 280 219 jurati,
301 175 345 208 et
366 181 512 208 eorum
537 167 700 209 indices
723 168 766 208 in
789 166 926 209 aedem
950 165 1208 207 Concordiae
1227 166 1499 217 ducerentur,
1521 181 1574 207 eo

132 222 226 277 ipso
251 234 443 281 tempore
467 226 639 281 signum
674 227 957 267 statueretur?
988 239 1073 280 quo
1106 223 1333 274 collocato,
1355 233 1485 279 atque
1518 224 1571 266 ad

132 293 208 320 vos
240 293 521 337 senatumque
552 296 777 334 converso,
810 282 956 323 omnia
986 292 1030 322 et
1063 289 1248 331 senatus,
1281 291 1325 321 et
1359 296 1448 332 vos,
1471 296 1569 337 quae

131 348 254 378 erant
287 349 438 381 contra
465 339 645 380 salutem
678 340 873 381 omnium
905 339 1112 396 cogitata,
1144 337 1351 378 illustrata
1383 348 1426 378 et
1447 348 1569 394 pate-

131 392 248 436 facta
270 397 452 437 vidistis.
514 398 614 444 Quo
637 398 766 438 etiam
800 397 964 453 majore
987 405 1086 437 suut
1117 395 1186 437 isti
1210 395 1311 436 odio
1334 396 1567 451 supplicio·
1578 395 1629 431 2‘2

130 466 214 506 que
248 453 385 509 digni,
419 454 491 509 qui
526 469 613 495 non
650 454 788 496 solum
821 454 972 496 vestris
1004 452 1234 496 domiciliis
1266 461 1395 507 atque
1429 454 1570 504 tectis,

131 509 203 551 sed
226 510 357 552 etiam
380 511 558 553 deorum
589 512 760 569 templis
794 522 923 568 atque
952 512 1140 553 delubris
1170 519 1271 551 sunt
1299 510 1492 550 funestos
1521 526 1571 551 ac

131 566 320 608 nefarios
356 568 478 625 ignes
512 569 669 611 inferre
701 570 868 612 conati:
901 570 1058 625 quibus
1090 583 1173 624 ego
1207 568 1241 608 si
1273 581 1343 608 me
1366 567 1573 609 restitisse

129 623 287 676 dicam,
310 626 491 668 nimium
525 627 632 668 mihi
661 642 841 678 sumam,
868 637 911 667 et
933 642 1018 668 non
1050 627 1129 667 sim
1158 625 1373 667 ferendus.
1395 624 1479 676 ille,
1502 624 1572 666 ille

127 679 302 737 Jupiter
337 685 520 727 restitit:
555 684 624 725 ille
658 684 940 741 Capitolium,
963 683 1032 724 ille
1054 684 1150 726 haec
1172 683 1346 739 templa,
1369 682 1438 723 ille
1460 682 1571 724 hanc

128 738 294 792 urbem,
319 741 387 782 ille
411 757 485 782 vos
507 756 656 783 omnes
679 743 818 782 salvos
845 756 935 782 esse
960 741 1108 782 voluit.
1171 740 1268 782 Diis
1290 755 1372 796 ego
1395 740 1571 782 immor-

128 796 284 838 talibus
306 798 488 841 ducibus
510 799 622 841 hanc
644 809 849 849 mentem,
874 798 1082 849 Quirites,
1101 797 1456 852 voluntatemque
1477 812 1569 839 sus-

125 855 237 909 cepi,
260 866 389 912 atque
410 857 463 898 ad
486 858 581 898 liaec
605 866 724 897 tanta
753 856 915 897 indicia
937 856 1125 912 perveni.
1184 858 1226 887 49
1239 855 1336 896 Jam
1363 870 1462 896 vero
1496 855 1568 897 illa

123 910 411 970 Allobrogum
434 914 696 965 sollicitatio,
720 913 780 954 sic
801 928 826 954 a
851 913 1033 954 Lentulo
1055 913 1293 968 ceterisque
1315 912 1608 954 domesticisv·
1627 913 1696 945 116.

125 968 338 1023 hostibus,
362 981 482 1012 tanta
502 986 582 1022 reS‚
605 981 694 1012 tam
716 971 936 1012 dementer
966 971 1130 1012 credita
1151 981 1194 1012 et
1216 969 1378 1026 ignotis
1401 979 1444 1011 et
1467 971 1563 1012 bar·
1574 967 1604 989 ²·

124 1026 253 1079 baris,
275 1029 604 1084 commissaeque
625 1029 780 1070 litterae
814 1043 1048 1084 numquam
1083 1037 1225 1069 essent
1248 1027 1458 1084 profecto,
1480 1028 1564 1069 nisi

123 1098 149 1124 a
181 1085 262 1125 diis
296 1086 612 1128 immortalibus
651 1087 752 1128 111110
791 1096 924 1127 tantae
958 1086 1150 1127 audaciae
1187 1086 1416 1128 consilium
1453 1096 1566 1127 esset

106 1151 332 1198 (ereptum.
395 1144 513 1191 Quid
540 1147 668 1187 vero?
701 1154 749 1185 ut
778 1143 975 1185 homines
1009 1143 1124 1185 Galli
1159 1158 1213 1185 ex
1245 1143 1422 1184 civitate
1454 1144 1565 1184 male

121 1209 290 1254 pacata,
313 1216 410 1257 quae
441 1217 547 1258 gens
571 1217 656 1242 una
687 1210 834 1253 restat,
857 1217 954 1257 quae
980 1201 1142 1259 populo
1180 1200 1381 1241 Romano
1404 1201 1565 1242 bellum

121 1257 262 1298 facere
283 1269 328 1299 et
351 1274 476 1315 posse
496 1270 539 1301 et
561 1275 648 1300 non
667 1259 779 1300 nolle
799 1259 1010 1309 videatur,
1034 1273 1151 1315 spem
1173 1258 1340 1314 imperii
1363 1267 1406 1298 et
1425 1272 1566 1300 rerum

120 1314 482 1370 amplissimarum
525 1317 638 1359 ultro
679 1317 760 1358 sibi
798 1332 822 1357 a
857 1316 1047 1372 patriciis
1082 1316 1333 1357 hominibus
1375 1316 1566 1357 oblatam

121 1371 406 1428 negligerent,
429 1384 702 1430 vestramque
724 1373 905 1415 salutem
929 1374 1015 1414 suis
1046 1375 1202 1430 opibus
1228 1383 1564 1429 anteponerent:

119 1430 215 1471 43jd
238 1445 325 1472 non
349 1432 555 1473 divinitus
590 1432 754 1473 factum
783 1446 874 1472 esse
907 1432 1097 1487 putatis?
1131 1431 1369 1487 praesertim
1391 1432 1465 1486 qui
1488 1446 1567 1473 nos

120 1501 206 1528 non
232 1490 481 1544 pugnando,
503 1492 545 1520 44
558 1490 631 1530 sed
654 1489 836 1530 tacendo
855 1492 1133 1544 superarent?

176 1545 489 1598 Quamobrem,
532 1547 742 1598 Quirites,
783 1547 989 1602 quoniam
1039 1545 1091 1587 ad
1133 1545 1281 1586 omnia
1321 1544 1563 1600 pulvinaria
1579 1539 1648 1588 10

119 1602 378 1659 supplicatio
400 1605 575 1646 decreta
588 1615 666 1658 est,
687 1604 948 1646 celebratote
967 1603 1061 1644 illos
1075 1603 1166 1644 dies
1180 1618 1279 1644 cum
1299 1602 1561 1658 conjugibus
1573 1612 1624 1645 23

118 1674 169 1700 ac
193 1660 336 1702 liberis
361 1662 528 1703 vestris,
582 1663 696 1703 Nam
713 1661 837 1703 multi
862 1676 976 1717 saepe
998 1661 1182 1702 honores
1205 1660 1287 1701 diis
1307 1660 1563 1702 immortali-

120 1717 200 1757 bus
224 1717 333 1772 justi
356 1719 497 1760 habiti
528 1729 628 1761 sunt
649 1735 698 1761 ac
720 1719 871 1771 debiti,
894 1719 966 1760 sed
995 1718 1192 1775 profecto
1208 1718 1415 1774 justiores
1438 1733 1564 1759 num-

118 1789 264 1829 quam.
327 1775 476 1833 Erepti
498 1778 612 1818 enim
635 1792 690 1818 ex
713 1777 1008 1818 crudelissimo
1033 1791 1082 1817 ac
1106 1775 1345 1817 miserrimo
1369 1775 1563 1827 interitu,

117 1842 162 1872 et
178 1833 313 1890 erepti
334 1835 424 1875 sine
440 1835 574 1886 caede,
591 1835 681 1876 sine
700 1835 925 1891 sanguine,
939 1835 1029 1874 sine
1046 1834 1256 1884 exercitu,
1276 1833 1367 1874 sine
1383 1833 1564 1874 dimica-

117 1890 251 1942 tione,
286 1893 440 1948 togati,
468 1907 536 1933 me
570 1908 656 1934 uno
690 1902 842 1949 togato
873 1892 983 1934 duce
1015 1902 1058 1933 et
1088 1891 1347 1947 imperatore
1380 1890 1560 1932 vicistis.

115 1945 290 1989 Etenim
324 1950 624 2002 recordamini,
656 1951 864 2001 Quirites,
900 1964 1049 1991 omnes
1074 1949 1222 1990 civiles
1256 1948 1623 2000 dissensio11es,24

117 2020 256 2061 neque
279 2007 416 2048 solum
439 2022 524 2059 eaS,
547 2023 652 2064 quas
674 2008 869 2059 audistis,
892 2008 965 2049 sed
995 2017 1039 2048 et
1069 2006 1158 2058 lias,
1181 2021 1287 2062 quas
1307 2007 1561 2062 vosmetipsi

116 2064 374 2105 meministis
395 2075 439 2106 et
462 2066 651 2108 vidistis:
687 2066 735 2107 L.
761 2065 879 2107 Sulla
900 2066 950 2107 P.
975 2064 1216 2121 Sulpicium
1239 2063 1475 2120 oppressit:
1507 2078 1563 2105 ex

116 2121 222 2162 urbe
255 2121 386 2177 ejecit
412 2122 464 2164 C.
496 2122 706 2175 Marium,
734 2123 958 2165 custodem
991 2122 1119 2177 hujus
1153 2122 1286 2172 urbis,
1319 2121 1565 2177 multosque

116 2177 250 2219 fortes
294 2179 408 2220 viros
447 2181 604 2237 partim
637 2181 767 2236 ejecit
804 2195 859 2222 ex
902 2180 1096 2230 civitate,
1135 2179 1293 2236 partim
1331 2179 1565 2220 interemit.

119 2234 201 2277 Cn.
227 2236 453 2289 Octavius,
475 2238 640 2291 consul,
668 2239 797 2279 armis
822 2253 876 2279 ex
900 2239 1007 2279 urbe
1036 2237 1248 2294 collegam
1279 2250 1403 2278 suum
1426 2249 1567 2293 expu-

113 2292 178 2334 lit.
211 2295 351 2335 omnis
383 2295 455 2337 hic
485 2296 605 2337 locus
636 2296 800 2337 acervis
823 2310 1056 2352 corporum
1085 2304 1130 2336 et
1161 2294 1324 2336 civium
1355 2293 1567 2349 sanguine

113 2351 385 2394 redundavit.
434 2354 665 2410 Superavit
686 2363 836 2411 postea
859 2352 1002 2394 Cinna
1022 2367 1122 2394 cum
1145 2351 1308 2393 Mario.
1331 2361 1425 2392 tum
1449 2366 1566 2404 vero,

151 2493 195 2522 42
215 2491 299 2524 «Iam
321 2503 353 2524 v.
377 2495 439 2524 illa
458 2495 526 2525 All.
548 2496 745 2533 sollicitatio,
774 2496 821 2526 sic
864 2498 979 2534 estque
994 2494 1157 2524 efficacius
1170 2502 1267 2524 sensu
1282 2501 1367 2523 meo.

113 2533 188 2574 &e.]
235 2535 301 2566 Hic
329 2536 412 2567 mihi
437 2537 568 2567 videtur
590 2538 712 2577 aliquid
736 2538 821 2569 exei.
906 2539 949 2568 44
970 2537 1027 2567 sed
1039 2536 1174 2567 tacendo
1198 2534 1406 2576 superarent]
1430 2534 1568 2575 Vulgati

111 2576 213 2607 disse:
239 2587 316 2609 nam
341 2580 527 2610 sollicitatio
550 2580 732 2611 nonhabet
747 2591 817 2611 ver·
859 2580 937 2610 inde
952 2580 995 2611 ab
1018 2579 1068 2610 ed.
1089 2581 1180 2609 1480.
1194 2587 1352 2618 super-atre
1372 2582 1565 2618 potuerunt.

112 2618 205 2656 bum,
222 2621 309 2659 quod
329 2622 359 2651 ei
380 2622 595 2662 respondeat:
619 2634 649 2653 v.
667 2633 694 2654 c.
715 2634 818 2654 susce·
860 2623 906 2653 sic
918 2627 953 2652 et
966 2622 1017 2652 ed.
1033 2622 1072 2652 R.
1109 2621 1149 2651 In
1165 2630 1204 2651 eo
1220 2621 1297 2651 haesi
1314 2620 1407 2650 olim.
1420 2629 1498 2650 nam
1507 2629 1568 2660 po-

104 2665 169 2701 pta
184 2667 242 2692 aut
256 2663 376 2700 simile,
391 2665 478 2704 quod
500 2669 576 2705 post
600 2666 740 2696 hostibus
761 2675 818 2706 po·
862 2669 998 2695 tue-runt
1020 2673 1088 2694 non
1110 2663 1278 2693 consentit
1300 2662 1477 2699 latinitati,
1492 2671 1568 2701 quae

110 2708 223 2741 natur,
237 2705 303 2735 sive
319 2711 394 2746 post
409 2711 480 2737 tam
500 2708 679 2745 dementer,
694 2709 719 2738 si
735 2714 814 2739 ante
857 2708 996 2746 requirit
1004 2711 1146 2746 possent.
1160 2715 1235 2736 cum
1250 2705 1302 2736 ed.
1311 2705 1367 2736 W.
1383 2709 1502 2736 nactus
1516 2713 1568 2734 es-

109 2749 208 2776 tanta
222 2757 273 2777 res
286 2748 460 2787 sci-ibatur,
474 2754 515 2780 ut
528 2754 578 2780 est
592 2750 626 2780 in
640 2750 690 2781 ed.
706 2751 760 2782 W.
857 2759 939 2787 sem,
966 2750 1072 2789 reperi
1094 2752 1303 2789 superarem,
1329 2747 1416 2788 quod
1445 2747 1568 2787 recepi,

151 2791 192 2819 43
215 2790 252 2819 z'd
273 2800 337 2820 non
362 2791 532 2832 divinitus]
553 2793 605 2823 Sic
625 2803 685 2834 pro
709 2803 817 2824 nonne
857 2802 918 2833 pro
941 2796 1044 2822 essent
1064 2791 1271 2831 superam-2¹.-
1295 2791 1358 2822 nisi
1384 2789 1417 2821 id
1439 2788 1568 2822 factum

108 2829 200 2862 dedit
222 2832 370 2864 Graevius
397 2844 416 2865 e
438 2834 520 2867 Mss.
557 2835 610 2866 Sic
633 2841 667 2867 et
692 2836 742 2868 ed.
761 2836 815 2867 W.
859 2841 910 2865 est
923 2843 1112 2876 exuperare
1121 2837 1261 2875 possent.

766 2885 901 2921 xx4
