1907 3231
438 108 562 147 ACT.
591 107 643 146 11.
674 102 863 145 LIBER
893 103 1174 145 QUINTUS.
1454 109 1533 150 89¹7

94 212 216 259 Quid
233 212 422 254 censetis
437 213 480 253 in
502 212 586 254 hoc
609 211 786 254 foedere·
802 210 1005 252 faciundo
1029 208 1212 250 voluisse
1245 208 1590 252 Mamertinos-51

94 271 340 335 impendere
369 270 542 321 laboris,
565 284 724 325 operae,
745 269 955 325 pecuniae,
978 281 1031 307 ne
1055 266 1149 307 haec
1171 266 1344 307 biremis
1375 268 1534 309 adscri-

94 328 280 379 beretur,
303 328 350 369 si
369 327 411 368 id
431 327 518 368 ullo
541 327 670 367 modo
694 337 869 382 possent
899 340 924 367 a
951 324 1107 365 nostris
1129 323 1366 378 majoribus
1398 325 1534 381 impe-

93 388 233 427 trare?
263 386 303 417 62
319 385 447 435 Nam,
485 399 584 426 cum
628 384 711 425 hoc
755 399 909 424 munus
950 382 1231 446 imperaretur
1273 391 1360 422 tam
1403 397 1534 438 grave

92 442 275 506 civitati,
306 443 458 493 iner,at
490 441 634 483 nescio
656 456 742 506 quo
763 440 942 506 modo,
933 455 977 480 m
1009 439 1081 480 illo
1104 438 1270 480 foedere
1301 439 1538 503 societatis,

91 500 212 554 quasi
239 500 436 555 quaedam
470 510 573 540 nota
603 499 835 540 servitutis.
897 497 1026 544 Quod
1052 507 1144 537 tum
1175 497 1419 538 recentibus
1450 497 1538 537 suis

92 556 262 608 officiis,
293 557 462 613 integra
494 571 551 608 re,
583 556 709 597 nullis
746 555 893 612 populi
930 555 1116 595 Romani
1147 554 1492 603 difficultatibus,
1514 570 1540 595 a

91 613 328 668 majoribus
357 615 512 655 nostris
535 614 700 655 foedere
732 628 898 668 assequr
923 627 1007 653 non
1041 621 1301 676 potuerunt3
1334 611 1375 652 id
1407 626 1538 662 nunc,

90 672 207 712 nullo
238 686 352 713 novo
383 673 528 713 officio
560 686 652 722 suo,
674 681 741 712 tot
771 686 893 712 annls
926 679 1038 726 post,
1069 684 1169 725 Jure
1199 669 1369 725 imperii
1401 670 1536 709 nostri

91 730 322 783 quotannis
344 739 611 786 usurpatum,
635 744 685 769 ac
717 742 884 783 semper
915 736 1144 779 retentum,
1168 741 1336 768 summa
1357 741 1400 767 m
1424 726 1536 767 diffi-

90 786 251 827 cultate
271 802 462 838 nav,1um
485 802 510 828 a
532 786 584 827 C.
610 787 739 826 Verre
762 786 901 840 pretio
923 785 1106 825 assecuti
1130 793 1243 824 sunt.

145 843 260 885 63At
290 844 373 886 hoc
407 845 544 885 solum
578 852 677 884 sunt
709 842 909 891 assecuti,
946 856 1001 881 ne
1038 855 1192 881 navem
1230 841 1412 883 darent?
1457 840 1534 882 Ec·
1548 846 1597 881 52

87 915 216 955 quem
255 914 444 953 nautam,
475 915 654 956 ecquem
687 899 882 950 militem,
914 898 987 954 qui
1020 908 1095 939 aut
1131 899 1174 938 in
1207 898 1354 949 classe,
1385 909 1460 939 aut
1492 899 1535 940 in

91 959 294 1014 praesidio
313 970 438 1009 esset,
462 968 503 999 te
535 967 733 1013 praetore,
756 971 831 1012 per
858 956 1088 997 triennium
1122 955 1375 996 Mamertini
1407 956 1536 997 dede-

92 1019 218 1058 runt?
250 1016 451 1071 Denique
480 1030 579 1057 cum
612 1029 666 1056 ex
704 1014 1091 1063 senatusconsulto,
1126 1014 1316 1068 itemque
1349 1027 1403 1054 ex
1440 1013 1614 1069 legc21

90 1071 292 1115 Terentia
317 1083 362 1115 et
384 1074 535 1115 Cassia
557 1071 821 1113 frumentum
853 1071 1122 1127 aequabilitei
1144 1071 1228 1112 emi
1257 1072 1311 1112 ab
1333 1072 1534 1112 omnibus

90 1130 249 1172 Siciliae
272 1131 523 1172 civitatibus
554 1140 798 1186 oporteret3
831 1129 873 1169 id
896 1143 1068 1184 quoque
1100 1143 1252 1169 munus
1284 1128 1375 1169 leve
1406 1139 1536 1184 atque

89 1202 319 1229 commune
357 1188 633 1230 Mamertinis
672 1186 888 1228 remisisti.
951 1186 1098 1237 Dices,
1133 1186 1396 1227 frumentum
1436 1186 1538 1227 Ma-

89 1246 296 1287 mertinos
328 1261 416 1287 non
449 1247 618 1287 debere.
681 1244 915 1291 Quomodo
953 1259 1040 1284 non
1077 1243 1254 1285 debere?
1287 1259 1356 1295 an,
1394 1253 1441 1285 ut
1481 1258 1536 1285 ne

90 1304 350 1346 venderent?
380 1319 467 1344 non
500 1304 614 1344 enim
649 1312 738 1342 erat
769 1302 852 1342 hoc
886 1316 1022 1358 genus
1056 1300 1259 1342 frumenti
1290 1316 1344 1342 ex
1379 1315 1431 1341 eo
1461 1316 1536 1358 ge-

91 1374 204 1412 nere,
227 1362 342 1417 quod
364 1361 625 1416 exigeiQetur
648 1359 719 1400 sed
743 1374 797 1399 ex
821 1373 886 1408 eo,
886 1334 1025 1413 Oquod
1048 1367 1273 1400 erneretur.
1319 1358 1380 1399 Te
1402 1359 1536 1414 igitur

90 1428 265 1460 auctore
295 1428 339 1459 et
370 1419 615 1474 interprete,
652 1431 707 1457 ne
740 1416 834 1457 foro
867 1416 1041 1471 quidem
1080 1426 1124 1456 et
1155 1427 1400 1457 commeatu
1435 1416 1596 1502 Ma-9

89 1476 260 1517 mertini
291 1476 499 1540 populum
533 1475 780 1516 Romanum
803 1474 958 1529 juvare
989 1473 1242 1515 debuerunt.
1306 1474 1418 1520 Quae
1442 1482 1569 1519 tan-5

90 1533 188 1577 dem
218 1534 372 1574 civitas
395 1533 491 1583 fuit,
523 1547 620 1588 quae
652 1532 858 1573 deberet?
892 1531 980 1578 Qui
1014 1530 1209 1587 publicos
1239 1546 1366 1588 agros
1399 1534 1539 1583 arant,

89 1600 252 1632 certum
283 1600 361 1642 est,
392 1564 496 1646 quid
526 1604 582 1631 ex
613 1589 708 1645 lege
737 1589 933 1630 censoria
964 1589 1004 1619 6⁴
1018 1589 1119 1629 dare
1149 1589 1350 1630 debeant.
1379 1603 1455 1630 cur
1485 1590 1536 1630 iis

90 1648 324 1704 quidquam
350 1658 556 1704 praeterea
577 1662 631 1688 ex
664 1647 748 1687 alio
770 1660 927 1704 genere
958 1646 1253 1702 imperavisti?
1286 1646 1433 1693 Quid?
1464 1646 1581 1689 de-b.

90 1707 262 1747 cumani
285 1721 389 1747 num
410 1705 513 1761 quid
545 1713 702 1761 praeter
730 1704 929 1768 singulas
941 1704 1143 1745 decumas
1166 1718 1220 1744 ex
1252 1703 1347 1761 lege
1380 1704 1539 1745 Hiero-

89 1763 189 1804 nica
208 1764 396 1806 debent?
426 1777 502 1804 cur
525 1763 576 1803 ils
598 1776 771 1817 quoque
801 1761 1006 1812 statuisti,
1029 1774 1239 1816 quantum
1260 1776 1315 1802 ex
1348 1761 1431 1803 hoc
1462 1776 1538 1818 ge-

90 1834 190 1861 nere
218 1820 422 1861 frumenti
456 1821 559 1860 emti
591 1821 770 1862 darent?
801 1819 942 1866 65Qu1
977 1828 1077 1859 sunt
1110 1819 1336 1883 immunes,
1366 1819 1397 1860 ii
1422 1829 1538 1861 certe

90 1878 198 1919 nihil
219 1878 393 1919 debent.
415 1888 458 1918 at
481 1877 547 1918 his
570 1892 657 1918 non
681 1877 809 1918 modo
832 1877 1078 1933 impeiasti3
1112 1891 1257 1917 verum
1281 1877 1428 1927 etiam,
1450 1892 1537 1932 quo

90 1935 184 1992 plus
206 1936 370 1985 darent,
393 1949 522 1990 quam
555 1944 768 1998 poterant,
797 1935 891 1976 haec
924 1948 1140 1990 sexagena
1161 1934 1296 1975 millia
1325 1934 1538 1986 modium,

90 2008 186 2049 quae
227 1992 504 2034 Mamertinis
543 2007 779 2041 remiseras,
817 1992 1036 2033 addidisti.
1097 1991 1252 2047 Neque
1292 1992 1377 2033 hoc
1413 1992 1536 2043 dico;

89 2050 241 2092 ceteris
271 2065 360 2091 non
391 2059 507 2092 recte
537 2050 795 2105 imperatum
826 2064 932 2090 esse.
995 2048 1288 2100 Mamertinis,
1318 2050 1391 2113 qui
1417 2059 1540 2090 erant

90 2109 133 2149 in
155 2107 304 2149 eadem
323 2122 466 2159 causa,
488 2108 644 2163 quibus
675 2107 913 2163 superiores
932 2121 1081 2148 omnes
1114 2116 1334 2162 praetores,
1353 2108 1457 2148 item
1491 2121 1539 2148 ut

90 2165 257 2216 ceteris,
289 2166 564 2221 imperarant
585 2165 627 2196 66
642 2179 953 2220 pecuniamque
985 2179 1038 2205 ex
1072 2173 1243 2205 senatus
1275 2164 1472 2206 consulto
1494 2176 1538 2205 et

90 2237 145 2264 ex
177 2223 272 2279 lege
298 2223 596 2273 dissolverant,
618 2222 685 2262 his
710 2222 808 2263 dico
831 2237 917 2263 non
948 2231 1064 2263 recte
1095 2222 1333 2263 remissum.
1394 2221 1465 2274 Et,
1490 2235 1538 2263 ut

90 2281 174 2322 hoc
207 2280 479 2333 beneficium,
511 2279 876 2336 quemadmodum
907 2280 1079 2331 dieitur,
1103 2279 1254 2321 trabali
1286 2279 1408 2321 clavo
1430 2280 1537 2336 fige-

132 2440 173 2471 62
196 2440 304 2478 Nam,
321 2439 409 2479 cum]
429 2440 576 2470 Graevius
591 2438 693 2470 edidit
707 2438 790 2470 Jam

90 2492 108 2512 e
129 2482 192 2513 Ms.
218 2492 284 2522 reg.
330 2483 392 2513 Sed
416 2487 450 2513 et
473 2483 581 2520 Nam,
605 2482 691 2521 quod
715 2481 790 2512 libri

90 2524 147 2554 alii
181 2524 317 2562 habent,
352 2526 545 2556 transeundi
586 2526 653 2555 vim
690 2524 791 2555 habet

90 2575 176 2607 saepe
191 2567 278 2607 apud
294 2568 496 2598 Ciceronem.

133 2610 172 2640 63
196 2610 242 2640 At
264 2612 320 2640 hoc
341 2609 648 2649 solum-darent.⁷]
675 2609 749 2640 Hoc
773 2620 793 2639 a

91 2649 254 2682 Lambino
280 2653 454 2683 inductum
475 2663 494 2683 e
519 2652 599 2682 Mss.
626 2652 791 2682 efficacius

88 2698 151 2729 est,
177 2704 275 2732 quam
296 2696 342 2725 At
366 2704 430 2725 non
448 2694 675 2725 hoc—darent.
702 2695 788 2734 quod

87 2740 138 2771 est
160 2736 197 2766 iu
210 2736 281 2766 edd.
296 2743 376 2767 vett.
392 2736 565 2786 pier-isque,
579 2737 787 2776 restituitque

88 2777 248 2808 Graevius.
292 2779 406 2819 Itaque
423 2780 558 2811 sex-vavi.

130 2821 172 2851 64
196 2821 278 2851 dare
297 2822 446 2861 debeant]
475 2822 539 2852 Ms.
559 2823 638 2862 Reg.
660 2821 790 2852 omittit

86 2861 177 2894 dare.
203 2862 383 2904 eleganter.
406 2871 495 2896 certe
521 2865 555 2896 iu
577 2864 790 2905 sequentibus

833 2448 962 2479 semper
983 2444 1033 2470 est
1052 2444 1186 2470 tantum
1213 2439 1336 2469 debent.
1380 2439 1445 2470 Ms.
1472 2439 1538 2470 Gu.

834 2483 962 2512 darent.
978 2482 1074 2513 male.

875 2525 916 2555 65
942 2524 1012 2565 „Qui
1037 2528 1115 2555 ,svnt
1137 2523 1312 2563 immunes]
1345 2524 1492 2554 Graevius
1517 2535 1550 2555 e-

836 2567 978 2606 vestigiis
1001 2568 1064 2597 Ms.
1081 2566 1162 2606 Reg.
1178 2567 1331 2605 corrigit:
1357 2567 1452 2607 Quid
1472 2569 1535 2597 im-

834 2610 973 2639 munes?
998 2611 1044 2640 sic
1061 2614 1147 2639 certe
1166 2609 1223 2639 ἃς.
1269 2609 1464 2648 Eleganter:
1500 2617 1535 2640 et

834 2662 872 2682 eo
886 2652 978 2682 ducit
992 2653 1092 2683 etiam
1107 2651 1172 2681 Ms.
1189 2652 1251 2682 Gu.
1295 2651 1358 2682 Sed
1372 2658 1405 2682 et
1421 2651 1534 2692 vulga-
1544 2649 1553 2655 ’

831 2698 905 2724 tum
921 2694 1002 2725 bene
1018 2694 1126 2725 babet.

872 2736 913 2766 66
923 2738 1162 2776 pecuniamque
1172 2747 1188 2766 ε
1199 2736 1418 2776 scca-diss]
1431 2737 1535 2767 Nem-

831 2789 870 2819 pe
900 2789 958 2818 pro
983 2780 1149 2809 frumento
1175 2779 1280 2810 altero
1299 2780 1481 2810 decumano
1499 2785 1534 2809 et

832 2825 933 2851 emto.
974 2822 1013 2854 ln
1028 2823 1237 2861 imperarant
1250 2822 1312 2853 int.
1328 2822 1535 2857 frumentum

833 2869 953 2904 praeter
966 2864 1196 2896 decumanum.
