1907 3231
320 131 397 165 464
914 125 1172 166 ORATIO

323 230 458 281 vixit,
479 229 670 286 possedit
690 229 943 272 Caesennia?
976 231 1088 272 Usus
1118 228 1248 278 enim,
1279 222 1433 282 inquit,
1464 224 1571 283 ejus,
1593 234 1636 268 et
1666 226 1757 270 fru-

256 292 308 325 ‘20
321 298 414 329 ctus
445 286 583 339 fundi,
614 296 870 329 testamento
904 287 1000 337 viri,
1035 286 1175 325 fuerat
1211 283 1465 326 Caesenniae.
1529 285 1640 326 Cum
1671 286 1755 327 1100

319 359 444 386 novae
467 345 552 387 litis
575 360 708 401 genus
732 354 819 385 tam
844 343 1056 384 malitiose
1087 341 1340 393 intenderet,
1364 342 1525 398 placuit
1548 342 1753 394 Caecinae,

318 402 370 442 de
393 402 628 443 amicorum
651 401 874 447 sententia,
897 398 1173 449 constituere,
1192 413 1277 453 quo
1299 399 1367 439 die
1389 399 1433 440 in
1455 413 1544 439 rem
1567 413 1754 455 praesen-

318 468 405 499 tem
439 460 667 510 veniretur,
697 467 739 497 et
770 458 821 498 de
854 456 986 496 fundo
1021 455 1199 496 Caecina
1232 456 1424 496 moribus
1457 456 1753 497 deduceretur.

318 515 647 572 Colloquuntur.
680 514 768 554 dies
800 528 855 553 ex
883 512 1104 567 utriusque
1132 512 1361 553 commodo
1395 513 1591 554 sumitur.
1654 512 1754 554 Cae-

316 573 413 614 cina
449 588 546 614 cum
579 571 728 612 amicis
761 570 814 610 ad
848 570 962 610 diem
995 569 1113 610 venit
1146 568 1186 609 in
1229 568 1448 610 castellum
1479 569 1665 612 Axiam:
1697 584 1753 611 ex

315 645 401 685 quo
432 630 527 670 loco
557 627 713 668 fundus
747 627 796 677 is,
828 626 880 667 de
908 641 994 682 quo
1024 626 1181 682 agitur,
1210 640 1296 666 non
1330 625 1460 681 longe
1486 627 1620 668 abest.
1681 626 1752 668 Ibi

315 687 471 728 certior
494 686 542 725 fit
563 700 587 725 a
606 684 817 740 ‘pluribUS‚
840 683 1036 724 homines
1059 682 1308 739 permultOS,
1331 682 1487 724 liberos
1515 693 1644 739 atque
1666 698 1752 725 ser-

316 758 405 793 VOS,
429 742 623 798 coegisse
644 751 687 781 et
709 755 892 782 armasse
914 740 1159 782 Hibutium.
1221 739 1332 780 Cum
1363 740 1405 780 id
1437 741 1594 795 partim
1623 741 1752 782 mira-

315 809 475 850 rentur,
500 799 655 854 partim
677 813 764 839 non
787 798 1031 839 crederent:
1064 812 1164 838 0000
1194 797 1284 853 ipse
1308 797 1511 837 AEbutius
1535 797 1578 838 in
1600 797 1753 839 castel-

316 857 404 896 lum
427 857 558 897 venit.
580 855 807 897 denuntiat
829 854 1034 906 Caecinae,
1057 869 1100 895 se
1122 864 1308 895 armatos
1329 854 1511 895 habere:
1535 855 1753 897 abiturum

317 928 415 954 eum
447 928 531 955 non
563 927 668 963 esse,
700 913 733 953 si
765 913 1026 953 accessisset.
1087 911 1277 952 Caecinae
1309 911 1486 967 placuit,
1511 920 1555 952 et
1586 911 1767 963 01111015,Ι

254 978 299 1011 ‘21
317 971 458 1025 quoad
482 970 695 1011 videretur
717 969 832 1010 salvo
855 969 996 1024 capite
1023 968 1114 1009 fieri
1145 983 1284 1025 posse,
1305 969 1508 1024 experiri.
1566 967 1678 1018 Tum
1699 969 1752 1017 de

317 1028 491 1069 castello
513 1027 801 1068 descendunt:
837 1026 930 1066 18111
953 1025 1135 1066 fundum
1164 1025 1510 1082 proficiscuntur.
1570 1025 1753 1067 Videtur

318 1095 476 1125 temere
516 1083 817 1125 commissum:
850 1096 1012 1133 verum,
1050 1091 1098 1123 ut
1139 1082 1305 1138 opinor,
1348 1082 1430 1123 hoc
1470 1082 1554 1123 fuit
1593 1098 1750 1124 causae.

322 1145 358 1176 19
370 1150 455 1182 tam
487 1152 644 1182 temere
676 1141 806 1181 istum
839 1154 883 1180 re
914 1140 1258 1190 commissurum,
1291 1154 1422 1195 quam
1450 1139 1590 1181 verbis
1622 1140 1752 1181 mini-

273 1189 304 1236 8
321 1199 504 1250 tabatur,
526 1212 652 1239 nemo
675 1197 859 1254 putavit.
916 1195 1061 1253 Atque
1084 1197 1163 1238 iste
1184 1197 1237 1237 ad
1259 1211 1406 1238 omnes
1428 1197 1644 1248 introitus,
1666 1212 1753 1253 qua

318 1256 424 1298 adiri
455 1264 625 1312 poterat
654 1269 741 1296 non
771 1254 900 1296 modo
923 1254 967 1295 in
989 1269 1087 1296 eum
1118 1253 1313 1305 fundum,
1335 1255 1388 1295 de
1418 1268 1503 1309 quo
1524 1257 1750 1295 900011110-

318 1313 455 1353 versia
475 1323 579 1364 erat,
603 1312 674 1353 sed
696 1313 825 1353 etiam
848 1311 892 1352 in
915 1311 1034 1353 illum
1065 1311 1327 1368 proximum,
1349 1311 1402 1353 de
1423 1326 1508 1366 quo
1532 1310 1640 1352 nihil
1660 1326 1750 1352 am-

188 1363 305 1403 P·‘*'39·
321 1371 561 1426 bigebatur,
584 1378 769 1411 armatos
793 1369 986 1410 homines
1009 1369 1206 1424 opponit.
1247 1368 1400 1423 Itaque
1422 1368 1561 1424 primo
1583 1383 1683 1411 011111
1704 1369 1761 1410 111“

276 1415 306 1434 a.
318 1428 543 1483 antiquum
574 1427 755 1468 fundum
786 1426 952 1482 ingredi
985 1426 1125 1477 vellet,
1149 1426 1264 1481 quod
1295 1440 1345 1466 ea
1374 1421 1572 1482 proxime
1602 1426 1750 1469 accedi

255 1502 304 1536 (ῃ
320 1493 501 1540 poterat,
524 1484 767 1540 frequentes
798 1483 950 1524 armati
973 1484 1247 1524 obstiterunt.
1308 1483 1408 1529 Quo
1430 1483 1525 1524 loco
1547 1483 1749 1539 depulsus

319 1542 510 1593 Caecina,
533 1551 690 1592 tamen,
713 1556 797 1596 qua
828 1541 984 1596 potuit,
1016 1541 1068 1582 ad
1095 1555 1193 1581 eum
1225 1539 1405 1581 fundum
1436 1539 1670 1596 profectus,
1692 1555 1748 1581 ex

313 1615 415 1654 qno,
447 1613 501 1639 ex
533 1608 763 1650 conventu,
795 1599 882 1639 vim
916 1598 1006 1638 fieri
1042 1598 1284 1653 oportebat.
1320 1597 1411 1653 ejus
1447 1606 1594 1639 autem
1623 1597 1747 1638 fundi

312 1666 551 1697 extremam
588 1666 752 1712 partem
784 1655 888 1696 oleae
920 1655 1083 1696 directo
1114 1655 1263 1696 ordine
1293 1654 1519 1695 definiunt.
1578 1653 1648 1696 Ad
1677 1669 1748 1696 eas

313 1729 412 1755 cum
443 1714 730 1763 accederetur,
753 1712 833 1752 iste
853 1727 951 1752 cum
976 1712 1176 1752 omnibus
1198 1712 1334 1768 copiis
1365 1720 1524 1768 praesto
1543 1710 1641 1763 fuit,
1663 1726 1749 1752 ser-

314 1785 500 1826 vumque
531 1785 668 1821 suum,
700 1769 875 1810 nomine
904 1769 1186 1820 Antiochum,
1215 1770 1268 1810 ad
1301 1783 1343 1809 se
1366 1770 1552 1820 vocavit,
1573 1778 1616 1809 et
1635 1767 1749 1810 clara

313 1842 419 1869 voce
452 1828 694 1883 imperavit,
730 1836 779 1867 ut
816 1842 929 1877 eum,
964 1827 1038 1882 qui
1077 1826 1197 1868 illum
1231 1826 1421 1867 olearum
1452 1827 1646 1867 ordinem
1681 1827 1749 1867 in-

315 1893 480 1937 trasset,
516 1885 746 1926 occideret.
809 1884 971 1935 Homo,
1005 1899 1100 1925 mea
1131 1883 1355 1935 sententia,
1391 1883 1747 1940 prudentissimus

316 1942 507 1993 Caecina,
539 1951 682 1982 tamen
714 1943 757 1983 in
788 1942 869 1982 hac
899 1956 943 1982 re
974 1941 1068 1998 plus
1098 1941 1204 1982 mihi
1236 1941 1383 1992 animi,
1416 1956 1544 1996 quam
1577 1940 1747 1982 consilii

313 2000 481 2040 videtur
504 1999 719 2040 habuisse.
743 2014 841 2039 nam
864 2014 961 2040 cum
984 2008 1026 2039 et
1057 2009 1319 2040 armatorum
1340 1998 1661 2039 multitudinem
1682 1999 1748 2039 vi-

312 2057 445 2108 deret,
476 2066 519 2097 et
549 2072 642 2098 eam
675 2072 823 2097 vocem
850 2056 1035 2107 AEbutii,
1067 2071 1196 2112 quam
1226 2056 1576 2106 commemoravi,
1605 2055 1748 2096 audis-

313 2124 400 2156 set:
434 2124 575 2155 tamen
599 2115 779 2155 accessit
803 2114 993 2170 propius,
1015 2124 1059 2154 et
1082 2114 1177 2169 jam
1208 2113 1452 2169 ingrediens
1482 2112 1596 2154 intra
1617 2112 1748 2153 finem

310 2171 402 2226 ejus
433 2171 531 2222 loci,
554 2186 681 2227 quem
713 2171 818 2212 oleae
850 2171 1154 2222 terminabant,
1175 2171 1387 2226 impeturn
1416 2169 1746 2225 31111011Αο110-

310 2229 396 2279 chi,
417 2239 743 2284 ceterorumque
765 2229 848 2269 tela
869 2236 997 2283 atque
1019 2228 1212 2269 incursus
1235 2228 1409 2284 refugit.
1455 2226 1615 2268 Eodem
1639 2235 1748 2267 tem-

310 2300 412 2341 pore
444 2300 487 2327 se
514 2286 558 2326 in
581 2285 730 2342 fugam
751 2287 786 2317 2¹
803 2285 1033 2328 conferunt
1063 2301 1150 2327 una
1178 2285 1307 2328 amici
1334 2284 1617 2340 advocatique
1638 2284 1748 2340 ejus,

353 2444 389 2473 18
413 2444 447 2472 in
450 2440 555 2482 fu-nd.
567 2443 832 2485 proficiscuntur.
872 2443 1008 2474 Videtur

308 2488 331 2513 t.
356 2485 398 2523 0.]
425 2485 477 2514 Sic
500 2486 691 2526 interpunxi
713 2485 803 2515 hunc
824 2486 948 2521 locum,
972 2490 1007 2515 et

308 2526 354 2555 sic
390 2527 460 2557 edd.
490 2532 573 2558 vett.
603 2528 678 2558 inde
712 2528 752 2557 ab
781 2528 877 2558 Rom.
906 2537 1007 2567 prope

309 2578 433 2598 omnes.
450 2569 534 2599 male
549 2570 620 2600 aliae
634 2576 669 2600 et
690 2570 887 2600 recentiores
904 2569 1008 2610 profi*-

309 2611 477 2640 eisc-maur
487 2624 496 2640 :
518 2613 648 2642 videtur
662 2617 685 2642 t.
701 2622 729 2642 c.

357 2655 392 2686 19
416 2657 486 2683 tam
501 2658 620 2684 temere
633 2655 733 2684 istum
747 2664 783 2684 re
797 2653 926 2693 comm]
945 2652 1005 2683 Ed.

308 2694 360 2725 W.
377 2704 443 2724 non
466 2695 567 2725 habet
587 2706 634 2731 re,
650 2701 684 2727 et
705 2700 815 2736 posset
837 2695 1007 2726 commode

309 2737 431 2774 abesse,
455 2737 481 2766 si
505 2739 534 2767 ei
558 2748 625 2767 non
649 2738 859 2778 responderet
881 2739 1006 2775 verbis3

308 2778 396 2808 unde
421 2779 636 2809 concinnitas.
681 2780 761 2810 Mox
789 2780 1008 2810 minitabatur

309 2820 417 2860 recepi
438 2831 513 2851 cum
538 2822 666 2851 Graevio
690 2832 748 2862 pro
771 2823 1006 2859 nunciabatur,

309 2863 396 2902 quod
412 2862 498 2895 varie
511 2864 682 2897 tentatum
695 2868 746 2896 est
768 2874 788 2896 a
801 2864 878 2896 viris
892 2863 1007 2896 doctis.

1050 2442 1103 2473 Sic
1118 2441 1197 2473 Mss.
1213 2442 1283 2472 Erf.
1297 2446 1334 2478 et
1346 2441 1451 2472 parat.
1466 2449 1563 2471 unus·
1576 2441 1623 2471 sic
1638 2450 1746 2471 corre-

1050 2490 1142 2516 xerat
1158 2486 1192 2515 P.
1208 2485 1319 2515 Faber.
1365 2485 1443 2514 Post
1456 2493 1527 2523 cap.
1546 2486 1592 2513 10.
1606 2483 1746 2514 diserte:

1050 2537 1124 2557 etc-m
1139 2527 1302 2559 AEbutius
1320 2526 1448 2557 Coecinoe
1463 2527 1589 2556 malum
1604 2527 1748 2556 minare-

1049 2574 1116 2599 tur.

1093 2613 1134 2642 90
1156 2612 1257 2641 contr.
1275 2609 1412 2651 ficerat]
1452 2609 1560 2641 Immo
1585 2613 1680 2640 erat.-
1711 2614 1747 2640 et

1050 2654 1197 2692 sequitur
1210 2654 1451 2691 ambigebatur.

1093 2698 1130 2727 21
1155 2695 1326 2735 conferunt
1351 2694 1434 2734 una]
1470 2693 1545 2724 Una
1573 2693 1747 2731 redundat,

1052 2738 1128 2776 quia
1149 2743 1226 2768 ante
1248 2745 1297 2768 est
1311 2737 1417 2767 eodem
1431 2741 1583 2776 tempore,
1598 2736 1684 2775 quod
1705 2736 1748 2766 ab

1049 2790 1118 2810 una
1143 2779 1192 2809 nil
1215 2780 1333 2810 differt.
1377 2778 1499 2809 Ortum
1526 2778 1653 2808 videtur
1679 2787 1749 2808 ver-

1050 2822 1129 2852 bum
1165 2831 1204 2851 ex
1239 2822 1358 2854 ultima
1387 2820 1512 2862 syllaba
1537 2820 1627 2851 verbi
1654 2825 1746 2852 ante-

1050 2863 1206 2896 cedentis.
1759 2874 1763 2878 ·
