1907 3231
314 151 393 186 ‘200
838 151 907 188 IN
942 150 1220 189 VERREM

239 264 309 313 QQ
327 251 606 306 Posteaquam
638 251 690 294 ad
723 267 894 295 causam
929 254 1151 296 dicendam
1185 262 1358 296 ventum
1397 261 1487 306 est;
1517 258 1608 294 tum
1643 264 1743 294 vero

239 308 411 372 ‘fos-ine
442 320 573 358 metu,
606 311 695 351 sine
724 324 824 351 cura
853 326 1000 351 omncs
1020 323 1154 361 crant,
1180 313 1250 367 qui
1284 312 1513 366 Sopatrum
1543 307 1743 350 defende-

326 366 441 406 bant.
464 367 623 407 crimen
652 366 808 407 nullum
833 378 945 408 crat:
979 383 1042 408 res
1067 369 1284 423 judicata:
1320 368 1469 407 Verres
1494 380 1644 407 numos
1674 379 1744 406 ac·

321 432 505 478 ceperat.
540 424 648 468 Quis
673 434 811 478 posset
834 425 1044 474 dubitare,
1063 426 1263 479 quidnam
1284 434 1393 465 esset.
1415 423 1635 464 futurum?
1658 420 1744 474 Res

323 478 394 519 illo
416 479 484 519 die
509 495 592 521 non
627 490 868 535 peroratur:
901 481 1132 522 dimittitur
1155 481 1384 537 judicium.
1407 481 1560 521 iterum
1591 479 1644 520 ad
1666 477 1745 519 So-

324 547 489 591 patrum
515 536 804 576 Timarchides
833 537 959 578 venit.
987 539 1060 586 ait,
1083 548 1349 580 accusatores
1379 537 1470 593 ejus
1501 536 1636 577 multo
1658 547 1748 576 ma·-

318 593 456 647 jorcm
500 594 721 647 pecuniam
766 594 936 648 praetori
972 594 1175 650 polliceri,
1216 596 1393 650 Tfiquam
1433 602 1638 649 quantam
1677 590 1749 633 hie

324 649 531 690 dedisset:
560 649 749 703 proinde,
773 649 805 689 si
830 661 1008 706 saperet,
1032 651 1206 702 videret,
1229 651 1331 705 quid
1354 651 1433 692 sibi
1457 661 1566 691 esset
1588 647 1749 690 facien-

325 706 441 745 dum.
505 705 665 755 Homo,
697 709 1005 762 TTquamquam
1041 718 1127 749 erat
1159 719 1202 750 et
1232 707 1412 757 Siculus,
1448 717 1491 747 et
1524 721 1632 757 reus,
1666 705 1749 761 hoc

325 772 402 806 cst,
425 772 463 801 ct
482 762 580 816 jure
603 763 764 817 iniquo,
787 773 827 804 et
861 774 1050 820 tempore
1081 766 1281 815 adversm
1314 764 1420 805 ferre
1451 773 1592 804 tamen
1624 770 1751 819 atque

326 819 471 858 audire
505 819 663 858 (liutius
702 819 1015 862 'I'inmrcbidcm
1059 837 1141 862 non
1183 822 1337 878 potuit.
1402 820 1559 870 Facite,
1596 819 1750 875 inquit,

325 876 438 930 quod
472 876 591 915 vobis
626 876 740 926 libet,
764 877 937 918 daturus
970 893 1052 919 non
1087 895 1177 919 sum
1210 878 1406 935 amplius.
1441 877 1638 931 idemque
1667 875 1750 917 hoc

326 931 473 972 amicis
499 933 589 986 ejus
612 944 653 973 ct
684 933 978 975 defensoribus
1003 937 1249 977 videbatur:
1281 945 1408 990 atque
1430 948 1480 975 eo
1502 934 1631 974 etiam
1663 946 1753 982 ma-

325 989 406 1044 gis,
429 989 541 1043 quod
567 990 660 1039 istc,
682 1005 855 1044 quoquo
878 993 1006 1033 niodo
1030 1008 1072 1033 se
1105 994 1144 1033 in
1177 1008 1226 1034 ca
1247 992 1485 1047 quaestione
1515 990 1751 1046 praebebat,

326 1054 466 1084 tamen
509 1046 549 1085 in
585 1047 762 1086 consilio
798 1048 984 1089 habebat
1018 1049 1210 1090 homines
1246 1050 1448 1090 honestos
1483 1062 1505 1088 e
1538 1056 1752 1088 conventu

328 1103 610 1156 Syracusano,
633 1103 704 1157 qui
739 1105 957 1145 Sacerdoti
990 1120 1159 1160 quoque
1191 1107 1233 1147 in
1255 1105 1433 1147 consilio
1457 1104 1625 1145 fuerant
1647 1113 1754 1154 tum,

327 1172 424 1197 cum
448 1170 557 1198 essct
580 1159 690 1200 idem
716 1160 784 1201 hic
808 1164 988 1217 Sopater
1010 1163 1244 1204 absolutus.
1306 1162 1403 1203 Hoc
1428 1161 1602 1202 rationis
1625 1160 1755 1201 habess

330 1215 447 1264 bant,
471 1214 608 1255 facere
630 1231 701 1256 cos
723 1218 835 1258 nullo
856 1220 982 1260 modo
1003 1234 1139 1275 posse,
1160 1229 1207 1260 ut,
1226 1220 1373 1260 codem
1394 1218 1585 1268 crimine,
1604 1217 1755 1258 iisdem

330 1272 524 1321 testibus,
548 1274 777 1329 Sopatrum
800 1276 1133 1317 condemnarent
1155 1277 1282 1318 iidem
1307 1276 1515 1325 homines,
1536 1275 1608 1330 qui
1631 1282 1756 1315 antea

266 1332 312 1368 71
330 1328 624 1370 absolvissent.
687 1329 836 1386 Itaque
859 1333 937 1373 bac
960 1348 1043 1374 una
1066 1349 1139 1390 spe
1161 1335 1211 1375 ad
1228 1333 1443 1389 judicium
1466 1332 1647 1372 venitur.
1669 1344 1755 1386 quo

330 1395 609 1440 posteaquam
642 1397 814 1429 ventum
846 1398 923 1440 est,
945 1406 1043 1431 cum
1076 1392 1115 1431 in
1140 1391 1362 1432 consilium
1389 1389 1632 1444 frequentes
1654 1399 1757 1428 eon-

331 1442 545 1483 venissent
569 1443 710 1494 iidem,
734 1447 806 1500 qui
829 1446 1036 1498 solebant,
1059 1457 1101 1488 et
1134 1448 1211 1488 hae
1243 1463 1326 1488 una
1357 1461 1430 1503 spe
1453 1455 1543 1486 tota
1564 1444 1756 1486 defensio

333 1498 502 1554 Sopatri
534 1501 754 1551 niteretur,
780 1504 943 1544 consilii
978 1504 1218 1560 frequentia
1246 1514 1290 1545 et
1318 1504 1543 1560 dignitate,
1568 1511 1611 1543 et
1641 1502 1756 1557 quod

285 1565 464 1606 b.erant,
495 1565 542 1597 ut
574 1557 680 1608 dixi,
712 1559 854 1611 iidem,
885 1561 955 1617 qui
990 1573 1115 1602 antea
1149 1562 1377 1618 Sopatrum
1401 1559 1550 1600 eodem
1581 1559 1652 1599 illo
1675 1558 1758 1600 cri-

330 1612 444 1667 mine
467 1613 718 1667 liberarant;
742 1618 991 1673 cognoscite
1014 1618 1198 1659 hominis
1221 1627 1426 1674 apertam,
1449 1631 1498 1657 ae
1522 1630 1606 1656 non
1628 1615 1757 1656 modo

329 1683 415 1710 non
440 1670 618 1721 ratione,
642 1674 713 1713 sed
735 1688 788 1714 ne
817 1673 1154 1717 dissimulatione
1176 1675 1347 1730 quidem
1371 1682 1528 1715 tectam
1550 1672 1758 1728 improbi-

330 1734 461 1766 tatem
485 1737 527 1767 et
549 1728 784 1770 audaciam.
818 1730 885 1772 M.
903 1731 1118 1783 Petilium,
1137 1732 1324 1788 equitem
1351 1731 1610 1780 Romanum,
1631 1730 1760 1789 quenl

328 1781 517 1824 habebat
550 1785 592 1826 in
623 1787 816 1837 consilio,
843 1787 971 1843 jubet
1000 1804 1173 1846 operam
1203 1789 1317 1839 dare,
1343 1787 1458 1844 quod
1488 1787 1546 1828 rei
1577 1787 1756 1842 privatae

321 1839 460 1894 judex
494 1852 618 1882 esset.
680 1842 858 1885 Petilius
895 1849 1132 1896 recusabat,
1165 1846 1278 1902 quod
1314 1860 1411 1886 suos
1444 1843 1619 1893 amicos,
1649 1854 1757 1898 quos

330 1896 409 1936 sibi
435 1897 476 1936 in
499 1899 678 1940 consilio
697 1915 788 1942 esse
810 1901 948 1953 vellet,
971 1903 1061 1961 ipse
1084 1904 1234 1945 Verres
1258 1903 1472 1944 retineret.
1517 1899 1604 1941 Iste
1626 1899 1757 1940 homo

328 1952 528 2005 liberalis,
559 1965 689 2012 negat
723 1972 765 1998 se
798 1973 1055 2016 quemquam
1088 1961 1268 2001 retinere
1304 1974 1466 2009 eorum,
1496 1958 1569 2013 qui
1601 1955 1758 1999 Petilio

330 2009 485 2050 vellent
508 2012 666 2054 adesse.
712 2013 862 2070 Itaque
884 2017 1110 2058 discedunt
1130 2032 1292 2058 onmes.
1315 2031 1414 2057 nam
1436 2015 1564 2057 ceteri
1586 2012 1757 2070 quoque

330 2065 576 2122 impetrant,
605 2084 658 2110 ne
695 2072 980 2124 retineantur3
1011 2075 1084 2130 qui
1116 2088 1158 2115 se
1189 2074 1294 2115 velle
1326 2073 1528 2114 dicebant
1564 2071 1756 2131 alterutri

331 2137 494 2175 eorum,
515 2128 554 2159 78
568 2127 641 2181 qui
666 2137 755 2168 turn
778 2129 879 2171 illud
895 2131 1109 2185 judicium
1132 2131 1364 2181 habebant,
1385 2130 1545 2171 adesse.
1606 2127 1758 2183 Itaque

270 2180 413 2223 72iste
446 2181 558 2222 solus
591 2198 689 2224 cum
721 2199 796 2225 sua
827 2187 1004 2229 cohorte
1040 2189 1300 2243 nequissima
1330 2187 1596 2242 relinquitur.
1657 2184 1758 2226 Non

332 2236 560 2279 dubitabat
593 2239 829 2294 Minucius,
859 2245 930 2300 qui
964 2246 1192 2301 Sopatrum
1225 2243 1496 2294 defendebat,
1527 2242 1628 2298 quin
1663 2240 1758 2293 iste,

329 2295 534 2349 quoniam
555 2297 781 2339 consilium
804 2301 1047 2353 dimisisset,
1070 2302 1141 2343 illo
1163 2302 1232 2343 die
1253 2316 1337 2342 rem
1367 2301 1481 2341 illam
1503 2299 1759 2354 quaesiturus

329 2364 416 2391 non
447 2362 580 2394 esset:
613 2369 711 2396 cum
741 2368 914 2413 repente
940 2359 1120 2415 jubetur
1151 2359 1305 2400 dicere.
1366 2356 1631 2413 Respondet.
1689 2353 1760 2405 Ad

330 2411 465 2465 quos?
497 2408 563 2450 Ad
589 2425 669 2462 me,
693 2412 845 2473 inquit,
869 2415 902 2455 si
931 2417 1008 2457 tibi
1033 2417 1209 2457 idoneus
1232 2415 1392 2466 videor,
1414 2414 1487 2470 qui
1509 2413 1561 2454 de
1584 2412 1759 2453 homine

328 2463 477 2506 ‚Siculo
497 2481 545 2507 ac
569 2465 771 2510 Graeculo
796 2471 1005 2526 judicem.
1067 2472 1250 2514 Idoneus
1280 2486 1339 2523 εδ,
1364 2471 1527 2526 inquit:
1560 2469 1633 2510 sed
1662 2483 1758 2525 per-

331 2520 482 2562 vellem
514 2523 709 2566 adessent
739 2527 783 2577 ii,
815 2530 887 2583 qui
919 2530 1129 2571 affuerant
1158 2539 1296 2579 antea,
1318 2540 1574 2582 cansamque
1596 2540 1759 2582 cogno-

332 2586 441 2638 rant.
503 2579 602 2631 Die,
626 2582 788 2636 inquit:
821 2586 878 2625 illi
902 2586 1046 2627 adesse
1070 2601 1153 2627 non
1177 2595 1368 2643 possunt.
1431 2585 1543 2626 Nam
1574 2582 1759 2633 hercule,

333 2634 473 2689 inquit
495 2637 551 2683 Q.
576 2635 813 2692 Minucius,
835 2656 903 2682 me
924 2658 1095 2700 quoque
1120 2642 1314 2694 Petilius,
1337 2652 1386 2683 ut
1406 2641 1488 2683 sibi
1510 2641 1554 2681 in
1576 2639 1758 2681 consilio

369 2745 413 2777 76
429 2755 529 2786 quam
549 2754 707 2787 quantam
724 2753 775 2783 hic
797 2754 944 2795 dedisset]
973 2757 1022 2788 Ex
1064 2761 1134 2787 erat
1169 2766 1189 2787 a
1223 2754 1285 2786 Ms.
1313 2754 1428 2786 Franc.
1454 2754 1548 2785 bene.
1576 2752 1657 2784 item
1682 2752 1758 2785 mo'x

329 2794 467 2826 persona
481 2789 644 2822 Ciceronis
659 2792 783 2824 dictum
806 2796 946 2838 intelligi
968 2798 1022 2830 de·
1052 2798 1163 2839 ‚facite
1176 2798 1260 2838 quod
1271 2797 1354 2827 tibet.
1389 2797 1453 2828 Ms.
1468 2800 1561 2826 vetus
1573 2804 1624 2835 ap.
1641 2794 1736 2826 Grut.

329 2826 402 2858 bet:
425 2830 504 2860 alias
519 2841 586 2862 esse
601 2832 732 2869 deberet
741 2837 821 2876 ,ipsa
1106 2843 1146 2874 78
1167 2841 1223 2880 qui
1243 2844 1266 2870 t.
1289 2840 1375 2869 illud
1387 2838 1556 2879 judicium
1581 2835 1756 2879 habebam]

367 2872 410 2904 77
431 2881 630 2915 qumquam
643 2881 715 2908 erat
727 2883 757 2909 et
777 2878 829 2921 S.J
853 2879 945 2914 Erat
966 2881 1021 2914 ab·
1064 2891 1182 2924 nempe
1195 2882 1318 2924 petitor
1330 2885 1364 2913 et
1378 2880 1464 2913 unde
1479 2879 1663 2922 petebatur.
