1907 3231
485 137 601 176 PRO
628 137 749 175 SEX.
778 135 996 173 ROSCIO
1022 135 1315 174 AMERINO.
1565 136 1618 172 49

183 253 284 283 nere
315 242 358 282 in
388 240 532 282 officio
559 255 645 281 11011
676 241 899 296 potuisset,
922 239 952 280 ii
981 239 1280 295 magnitudine
1310 251 1454 294 poenae
1485 236 1616 278 male-

184 299 283 340 ficio
314 307 695 339 summoverentur.
724 298 833 338 insui
856 297 1082 339 *voluerunt
1112 297 1155 337 in
1185 295 1354 337 culeum
1385 296 1520 343 vivos,
1551 303 1615 335 at-

179 370 265 410 que
295 354 354 394 ita
384 355 427 395 in
459 355 619 394 flumen
649 354 792 410 dejici.
854 353 895 395 Ο
917 353 1175 409 singularem
1205 352 1473 408 sapientiam,
1495 350 1613 404 judi·
1628 340 1699 394 26

178 413 274 453 ces!
307 411 463 452 Nonne
495 411 692 452 videntur
722 412 836 452 hunc
869 411 1088 452 hominem
1110 425 1165 450 ex
1190 424 1329 450 rerum
1352 417 1504 448 natura
1525 422 1614 448 sus·
1626 419 1674 456 71

183 468 328 509 tulisse
348 477 392 508 ct
414 468 632 523 eripuisse,
655 468 723 509 cui
748 477 922 523 repente
938 468 1115 518 coelum,
1135 467 1281 517 solem,
1300 465 1617 521 aquam‚46te1·-

182 539 357 580 ramque
377 525 638 576 ademerint3
670 535 730 576 ut,
763 525 835 580 qui
867 539 966 565 eum
992 533 1198 575 necasset,
1233 523 1342 564 unde
1371 523 1462 578 ipse
1492 529 1618 561 natus

180 591 306 633 esset,
327 592 490 622 careret
512 582 561 622 iis
584 583 710 623 rcbus
728 582 943 633 omnibus,
966 596 1023 622 ex
1055 582 1211 637 quibus
1233 580 1379 621 omnia
1407 587 1507 619 nata
1527 591 1618 618 esse

179 638 409 680 dicuntur?
443 639 687 680 Noluerunt
717 639 816 680 feris
838 654 993 695 corpus
1015 639 1219 694 objicere,
1250 651 1302 678 ne
1333 636 1480 677 bestiis
1511 649 1618 689 quo·-

181 710 280 750 que,
312 711 409 751 quae
444 705 612 736 tantum
646 697 780 738 scelus
819 697 1078 752 attigissent,
1117 694 1441 735 immanioribus
1480 700 1619 733 utere-

181 767 301 794 mur:
333 767 418 793 non
459 753 520 795 sic
558 753 694 794 nudos
734 754 777 795 in
817 753 976 794 flumen
1014 752 1214 807 dejicere,
1252 765 1318 802 ne,
1352 765 1452 792 cum
1488 748 1620 790 delati

182 821 325 851 essent.
356 811 397 850 in
429 825 560 862 mare,
591 811 731 866 ipsum
762 809 1014 866 polluerent,
1036 824 1122 864 quo
1144 818 1299 858 cetera,
1331 823 1427 863 quae
1459 806 1619 847 violata

178 876 296 918 sunt,
317 867 483 923 expiari
507 876 727 923 putantur.
790 866 989 922 Denique
1009 866 1118 907 nihil
1140 877 1228 906 tam
1251 865 1347 914 vile,
1369 878 1506 920 neque
1529 873 1616 903 tam

182 924 356 980 vulgare
385 937 464 974 est,
487 924 609 978 cujus
640 934 805 979 partem
836 924 965 965 ullam
996 923 1257 979 reliquerint,
1318 920 1491 962 Etenim
1513 919 1677 975 quidm

180 990 269 1021 tam
291 990 357 1021 est
377 995 618 1032 commune,
641 996 769 1036 quam
799 981 974 1037 spiritus
996 981 1120 1032 vivis,
1143 990 1255 1021 terra
1284 979 1479 1029 mortuis,
1501 992 1618 1017 mare

181 1039 506 1089 fluctuantibus,
545 1038 645 1079 litus
684 1038 861 1094 ejectis?
906 1037 974 1079 Ita
1012 1038 1177 1088 vivunt,
1210 1037 1312 1078 dum
1343 1044 1536 1092 possunt,
1570 1047 1619 1075 ut

178 1095 334 1149 ducere
375 1095 561 1136 animam
600 1095 653 1136 de
685 1095 800 1136 coelo
838 1110 924 1136 non
963 1104 1146 1150 queant:
1178 1095 1240 1135 ita
1275 1094 1531 1143 moriuntur,
1569 1102 1618 1132 ut

175 1167 324 1193 eorum
347 1167 443 1192 ossa
469 1156 508 1186 47
523 1162 636 1192 terra
664 1167 751 1193 non
784 1161 958 1208 tangat:
992 1153 1052 1193 ita
1077 1152 1299 1207 jactantur
1329 1151 1547 1200 fluctibus,
1570 1160 1619 1189 ut

177 1224 411 1264 numquam
434 1208 688 1250 abluantur:
712 1210 772 1250 ita
793 1220 1010 1265 postremo
1032 1209 1278 1264 ejiciuntur,
1298 1218 1346 1249 ut
1367 1222 1420 1248 ne
1438 1207 1490 1248 ad
1514 1221 1618 1247 saxa

175 1267 350 1322 quidem
380 1266 538 1307 mortui
571 1267 894 1321 conquiescant.
955 1266 1084 1307 Tanti
1113 1265 1314 1306 maleficii
1345 1266 1521 1314 crimen,
1547 1264 1617 1304 cui

176 1323 389 1365 maleficio
414 1334 501 1364 tam
532 1323 700 1379 insigne
731 1323 990 1379 supplicium
1023 1333 1087 1363 est
1112 1322 1411 1372 constitutum,
1435 1322 1616 1376 probare

177 1392 234 1432 te,
257 1380 400 1431 Eruci,
423 1394 568 1421 censes
600 1394 724 1435 posse
754 1381 910 1421 talibus
942 1380 1058 1430 viris,
1089 1380 1123 1420 si
1153 1394 1207 1420 ne
1237 1394 1409 1420 causam
1440 1378 1616 1433 quidem

176 1437 375 1479 maleficii
407 1437 659 1493 protuleris?
690 1437 736 1478 Si
768 1438 882 1478 1111110
912 1438 1026 1493 apud
1052 1438 1258 1478 bonorum
1283 1445 1466 1476 emtores
1498 1435 1614 1490 ipsos

173 1508 408 1546 accusareS,
430 1495 554 1549 eique
568 1494 738 1549 judicio
759 1494 1069 1551 Chrysogonus
1093 1503 1319 1550 praeesset,
1352 1502 1495 1533 tamen
1517 1491 1613 1532 dili-

176 1552 347 1608 gentius
388 1551 662 1608 paratiusque
700 1553 902 1593 venisses.
962 1552 1134 1603 Utrum,
1173 1551 1275 1607 quid
1318 1560 1484 1606 agatur,
1526 1563 1672 1602 non73

175 1610 320 1651 vides?
350 1624 404 1650 an
442 1608 555 1665 apud
590 1624 697 1664 quos
729 1612 908 1666 agatur?
938 1608 1097 1665 Agitur
1127 1608 1179 1649 de
1210 1607 1465 1664 parricidio:
1497 1607 1612 1662 quod

175 1669 266 1708 sine
288 1665 431 1708 multis
452 1666 590 1707 causis
613 1667 771 1722 suscipi
793 1682 880 1708 non
902 1676 1060 1723 potest.
1100 1665 1230 1722 Apud
1253 1665 1448 1706 homines
1470 1674 1614 1705 autem

177 1724 531 1781 prudentissimos
562 1725 728 1780 agitur:
760 1725 834 1780 qui
866 1724 1126 1780 intelligunt,
1158 1723 1372 1764 neminem
1403 1737 1457 1763 ne
1486 1722 1612 1763 mini-
1626 1731 1655 1762 b.

173 1796 293 1823 mum
314 1781 488 1836 quidem
508 1782 768 1823 maleficium
791 1782 881 1823 sine
902 1797 1031 1823 causa
1052 1781 1293 1822 admittere.

233 1838 360 1880 Esto:
392 1853 563 1880 causam
587 1839 777 1895 proferre
811 1854 898 1880 non
929 1849 1066 1895 potes.
1091 1838 1260 1879 tametsi
1295 1838 1440 1878 statim
1462 1836 1614 1878 vicisse
1628 1841 1696 1894 27

175 1896 327 1947 debeo,
350 1904 494 1937 tamen
523 1896 576 1937 de
606 1911 701 1938 meo
728 1897 828 1952 jure
857 1897 1076 1947 decedam,
1107 1906 1150 1936 et
1183 1896 1278 1947 tibi,
1312 1895 1428 1950 quod
1460 1895 1504 1935 in
1535 1894 1618 1935 alia

175 1969 305 1995 causa
333 1967 420 1994 non
442 1954 735 2006 concederem,
768 1954 809 1995 in
841 1954 922 1995 hac
953 1953 1202 2005 concedam,
1225 1953 1358 1993 fretus
1388 1952 1517 2007 hujus
1551 1952 1618 1992 in-

174 2010 388 2053 nocentia.
452 2010 554 2052 Non
576 2026 723 2067 quaero
745 2013 820 2053 abs
852 2021 908 2063 te,
940 2025 1070 2067 quare
1104 2020 1267 2067 patrem
1303 2010 1405 2051 Sex.
1431 2009 1615 2050 Roscius

174 2068 402 2110 occiderit:
433 2083 596 2123 quaero,
630 2070 846 2124 quomodo
884 2068 1107 2110 occiderit.
1168 2067 1236 2108 Ita
1268 2082 1415 2123 quaero
1452 2067 1526 2107 abs
1557 2076 1615 2121 te,

179 2125 231 2167 C.
256 2125 411 2178 Eruci,
433 2125 667 2181 quomodo,
689 2136 732 2167 et
761 2127 822 2168 sic
855 2136 998 2174 tecum
1031 2140 1172 2181 agam,
1195 2134 1244 2166 ut
1273 2125 1318 2165 in
1345 2139 1395 2165 eo
1428 2124 1524 2165 loco
1548 2123 1616 2164 vel

176 2182 460 2240 respondendi
494 2184 559 2225 vel
591 2183 888 2240 interpellandi
928 2183 1008 2225 tibi
1045 2191 1303 2238 potestatem
1337 2181 1508 2231 faciam,
1547 2180 1615 2222 vel

175 2241 320 2292 etiam,
344 2241 378 2281 si
400 2240 505 2296 quid
527 2240 657 2292 voles,
680 2241 988 2297 interrogandi.
1049 2240 1282 2287 Quomodo
1303 2239 1492 2280 occidit?
1523 2239 1613 2293 ipse
1624 2240 1673 2279 74

174 2298 399 2354 percussit,
422 2312 475 2339 an
498 2298 590 2339 aliis
613 2299 897 2340 occidendum
919 2298 1064 2340 dedit?
1096 2297 1142 2338 Si
1172 2297 1314 2353 ipsum
1343 2296 1501 2352 arguiS,
1524 2295 1616 2336 Ro-

172 2370 256 2396 mae
278 2370 366 2396 non
386 2354 494 2397 fuit:
527 2356 561 2397 si
585 2370 660 2412 per
689 2356 793 2397 alios
817 2356 968 2396 fecisse
993 2355 1116 2406 dicis,
1138 2369 1301 2409 quaero,
1325 2366 1539 2403 servosne,
1562 2367 1616 2393 an

172 2412 359 2454 liberos?
389 2427 496 2468 quos
538 2413 763 2455 homines?
804 2412 1058 2454 Indidemne
1091 2411 1283 2463 Ameria,
1317 2425 1371 2452 an
1401 2410 1531 2452 hosce
1561 2424 1615 2450 ex

170 2546 465 2573 summoverentur.
495 2543 560 2575 Hic
574 2554 685 2575 rursus
699 2543 876 2585 legendum
918 2544 1014 2575 male.

171 2588 252 2624 puto
265 2588 384 2624 posset.
407 2594 484 2616 nam
508 2596 582 2617 eum
594 2587 667 2626 jam
689 2597 876 2627 peccavere,
959 2589 997 2620 47
1023 2590 1115 2616 terra
1140 2594 1205 2616 ‘tion
1239 2581 1612 2623 tangat—abluantur]

173 2635 242 2656 non
259 2630 398 2666 possunt
411 2637 508 2667 poena
521 2639 541 2659 a
552 2629 714 2660 maleficio
733 2638 878 2659 summo·
920 2629 960 2659 In
976 2629 1114 2660 Oratore
1122 2627 1280 2658 edidimus
1293 2632 1417 2657 terram
1429 2635 1462 2656 η.
1472 2629 1617 2663 tangant

172 2669 250 2698 veri.
294 2668 366 2698 Viri
391 2669 481 2700 docti
507 2671 629 2702 haesere
656 2672 690 2702 111
718 2671 876 2713 maleficio
918 2683 935 2702 e
949 2671 1138 2701 melioribus
1153 2670 1252 2700 libris.
1299 2668 1362 2699 Hic
1374 2668 1448 2698 libri
1462 2672 1616 2697 constan-

172 2719 332 2758 sumqnov.
377 2710 521 2744 Frustra.
535 2714 603 2744 lnt.
619 2724 653 2752 a,
669 2719 728 2745 aut
742 2713 835 2751 adde,
851 2715 877 2744 si
919 2720 971 2744 ter
985 2717 1086 2743 terra.
1130 2713 1200 2743 Nec
1214 2716 1263 2742 est
1279 2710 1508 2746 necessarium,
1525 2709 1616 2739 Cice-

173 2761 287 2783 maV¹S=
919 2765 1046 2791 ronem,
1061 2754 1116 2793 qui
1132 2755 1323 2786 memoriter
1339 2753 1493 2783 recitaret
1506 2750 1618 2781 locum

214 2794 256 2824 46
277 2798 466 2836 terramque
485 2797 683 2837 ademerint]
710 2798 763 2828 Sle
783 2798 876 2830 resti·
919 2799 955 2828 in
987 2797 1140 2833 Oratore,
1174 2802 1312 2836 utroque
1337 2796 1372 2825 in
1405 2795 1478 2824 loco
1503 2791 1618 2824 eodem

171 2836 299 2884 tuimus
313 2847 353 2867 ex
373 2838 446 2869 edd.
466 2850 515 2880 pr.
536 2850 638 2879 usque
658 2840 699 2871 ad
717 2840 875 2871 Juntam:
920 2839 1018 2870 modo
1033 2839 1206 2880 scripsisse.
1252 2839 1303 2871 De
1325 2838 1508 2868 abluantur
1529 2845 1558 2865 v.
1579 2833 1620 2865 ad

172 2887 220 2909 sic
232 2882 267 2908 et
278 2878 342 2910 Ms.
356 2880 397 2910 G.
439 2881 542 2914 Aldus
556 2882 657 2915 edidit
672 2882 878 2921 ademerunt,
921 2882 1016 2914 Orat.
1033 2893 1060 2913 c.
1075 2884 1124 2914 30.

231 2934 342 2964 VOL.
367 2936 422 2963 11.
893 2938 919 2966 E
