1907 3231
337 161 415 196 634
933 162 1183 201 ORATIO

299 277 322 310 3
338 270 503 303 tentata
523 272 600 304 est.
663 264 973 316 Quamobrem,
996 266 1028 305 si
1052 272 1116 304 est
1146 263 1249 305 boni
1272 263 1473 315 consulis,
1494 279 1592 306 cum
1616 274 1772 309 cuncta

337 320 499 360 auxilia
519 321 765 377 reipublicae
789 322 1034 363 labefactari
1056 321 1324 376 convellique
1344 321 1501 371 videat,
1515 321 1624 363 ferre
1645 338 1772 379 opem

337 378 503 432 patriae,
539 393 782 420 succurrere
815 379 939 419 saluti
972 378 1241 434 fortunisque
1270 379 1586 429 communibus,
1621 378 1774 435 implo-

337 448 428 475 rare
458 435 617 476 civium
646 437 788 485 fidem,
822 449 940 475 suam
972 434 1150 474 salutem
1179 436 1457 490 posteriorem
1489 437 1624 477 salute
1654 452 1773 478 com-

337 492 456 532 muni
482 492 660 543 ducere3
692 502 755 531 est
776 491 904 531 etiam
932 492 1141 532 bonorum
1164 501 1208 531 et
1231 491 1405 532 fortium
1430 494 1605 544 civium,
1629 494 1773 549 quales

338 561 415 590 vos
438 550 637 590 omnibus
668 547 916 603 reipublicae
941 548 1206 605 temporibus
1228 549 1469 600 exstitistis,
1493 550 1774 592 intercludere

339 619 486 646 omnes
520 606 777 646 seditionum
812 605 914 655 vias,
948 606 1113 646 munire
1146 606 1346 661 praesidia
1376 607 1638 662 reipublicae,
1663 623 1776 649 sum-

338 676 456 703 mum
500 663 540 703 in
581 662 828 703 consulibus
872 663 1116 718 imperium,
1156 677 1370 702 summum
1405 663 1447 703 in
1485 675 1633 705 senatu
1671 680 1775 706 con-

340 719 496 769 silium,
522 728 693 774 putare:
727 733 777 759 ea
800 719 873 774 qui
906 730 1075 761 secutus
1107 720 1177 770 sit,
1204 719 1327 760 laude
1358 720 1501 775 potius
1523 731 1566 762 et
1599 721 1776 773 honore,

302 786 466 831 4quam
502 791 636 831 poena
666 786 709 817 et
747 776 959 833 supplicio
995 777 1176 832 dignum
1207 776 1419 831 judicare.
1480 777 1775 824 Quamobrem

340 831 460 873 labor
482 833 524 873 in
550 833 630 874 boc
653 832 937 885 defendendo,
961 835 1179 890 praecipue
1202 849 1320 875 meus
1343 844 1431 876 est:
1465 835 1653 876 studium
1676 851 1776 878 vero

340 891 621 931 conservandi
654 890 856 941 hominis,
879 906 1108 932 commune
1141 891 1246 931 mihi
1281 892 1504 932 vobiscum
1529 906 1620 933 esse
1649 893 1778 934 debe-

294 943 324 990 2
343 947 419 987 bit.
482 947 553 989 Sic
576 947 688 988 enim
712 948 960 989 existimare
989 949 1169 998 debetis,
1194 948 1402 999 Quirites,
1423 958 1522 1004 post
1552 949 1777 991 hominum

338 1005 591 1045 memoriam
614 1019 703 1046 rem
725 1005 883 1046 nullam
907 1005 1129 1062 majorem,
1151 1005 1290 1061 magis
1313 1005 1611 1061 periculosam,
1640 1007 1778 1064 magis

339 1061 393 1101 ab
413 1061 613 1103 omnibus
637 1062 759 1103 vobis
782 1063 1106 1118 providendam,
1127 1077 1263 1118 neque
1285 1078 1310 1103 a
1332 1063 1506 1104 tribuno
1526 1063 1663 1120 plebis
1688 1079 1778 1105 sus-

337 1129 524 1174 ceptam,
547 1133 685 1174 neque
707 1134 731 1160 a
753 1119 926 1161 consule
949 1119 1184 1170 defensam,
1206 1134 1344 1175 neque
1375 1121 1427 1161 ad
1456 1119 1664 1177 populum
1687 1120 1778 1162 Ro-

336 1190 512 1216 manum
535 1190 626 1217 esse
648 1176 847 1217 delatam.
883 1177 1043 1234 Agitur
1064 1177 1178 1218 enim
1201 1176 1309 1218 nihil
1331 1177 1445 1218 aliud
1467 1178 1510 1220 in
1534 1177 1614 1218 hac
1635 1193 1778 1230 causa,

340 1231 549 1284 Quirites,
567 1248 695 1289 quam
719 1244 766 1275 ut
788 1233 949 1275 nullum
973 1235 1028 1275 sit
1049 1234 1230 1291 posthac
1250 1235 1291 1275 in
1315 1234 1535 1290 republica
1556 1234 1778 1291 publicum

338 1290 582 1342 consilium,
624 1291 739 1332 nulla
778 1292 990 1333 bonorum
1028 1292 1254 1333 consensio
1293 1302 1444 1333 contra
1481 1292 1777 1349 improborum

339 1346 527 1389 furorem
549 1358 593 1389 et
622 1348 871 1391 audaciam:
904 1349 1066 1390 nullum
1091 1350 1295 1390 extremis
1327 1348 1577 1404 reipublicae
1609 1357 1778 1415 tempo-

302 1405 455 1447 5ribus
478 1405 725 1462 perfugium
746 1416 789 1447 et
820 1406 1068 1463 praesidium
1091 1406 1252 1448 salutis.
1315 1406 1426 1453 Quae
1455 1421 1555 1447 cum
1585 1406 1648 1447 ita
1677 1415 1777 1459 sint,

337 1461 539 1518 primum,
561 1463 676 1518 quod
705 1463 751 1504 in
775 1473 896 1505 tanta
916 1464 1195 1505 dimicatione
1225 1464 1395 1519 capitiS,
1418 1462 1561 1515 famae,
1584 1463 1778 1506 fortuna-

334 1534 516 1575 rumque
553 1520 747 1561 omnium
781 1521 870 1561 fieri
910 1535 1081 1562 necesse
1113 1530 1192 1572 est,
1225 1521 1278 1561 ab
1317 1520 1429 1562 Jove
1460 1520 1642 1577 Optimo
1677 1520 1778 1562 Ma-

337 1577 473 1628 ximo,
495 1578 734 1633 ceterisque
756 1578 837 1619 diis
861 1578 1106 1634 deabusque
1136 1577 1466 1629 immortalibus,
1487 1592 1669 1633 quorum
1693 1592 1776 1635 ope

336 1644 381 1675 et
411 1634 574 1675 auxilio
595 1635 732 1676 multo
762 1635 900 1691 magis
932 1635 1026 1676 haec
1057 1635 1312 1691 respublica,
1343 1649 1472 1690 quam
1504 1635 1670 1676 ratione
1696 1635 1777 1677 ho-

338 1691 506 1737 minum
527 1701 571 1732 et
590 1691 769 1733 consilio
792 1693 1072 1748 gubernatur,
1095 1688 1244 1748 pacem
1268 1707 1317 1732 ac
1339 1691 1508 1732 veniam
1527 1700 1654 1748 peto:
1680 1706 1775 1749 pre-

338 1763 499 1804 corque
520 1749 573 1790 ab
595 1749 661 1799 iis,
685 1759 731 1790 ut
754 1748 1007 1790 hodiernum
1032 1749 1144 1790 diem
1168 1759 1210 1790 et
1241 1749 1294 1790 ad
1316 1748 1446 1803 hujus
1469 1748 1649 1790 salutem
1672 1764 1776 1791 con·

339 1806 606 1857 servandam,
629 1815 671 1847 et
695 1806 747 1848 ad
771 1806 1079 1863 rempublicam
1103 1805 1466 1858 constituendam,
1488 1805 1679 1847 illuxisse
1693 1810 1777 1872 pa-

290 1863 513 1910 b‚tiantur.
575 1862 745 1904 Deinde
776 1879 867 1915 vos,
899 1864 1107 1914 Quirites,
1138 1877 1321 1919 quorum
1352 1871 1542 1919 potestas
1579 1878 1776 1919 proxime

336 1919 388 1961 ad
412 1920 587 1962 deorum
612 1921 918 1962 immortalium
942 1936 1099 1961 numen
1128 1921 1309 1971 accedit,
1332 1935 1407 1961 oro
1430 1929 1559 1975 atque
1580 1922 1774 1973 obsecro,

335 1977 539 2032 quoniam
571 1993 658 2019 uno
690 1988 883 2034 tempore
915 1978 1005 2019 vita
1036 1978 1088 2019 C.
1112 1977 1296 2028 Rabirii,
1329 1977 1517 2019 hominis
1547 1977 1772 2021 miserrimi

334 2045 378 2075 at
412 2049 463 2076 ue
485 2035 844 2086 innocentissimi,
867 2038 940 2076 4et
970 2035 1080 2076 salus
1103 2035 1368 2090 reipublicae,
1391 2035 1543 2076 vestris
1574 2035 1773 2077 manibus

334 2051 636 2148 suii‘fragiisque
678 2092 954 2149 permittitur,
997 2092 1236 2134 adhibeatis
1279 2092 1322 2132 in
1363 2091 1550 2133 hominis
1589 2091 1773 2133 fortunis

334 2149 687 2202 misericordiam,
718 2151 763 2191 in
795 2150 1044 2206 reipublicae
1075 2149 1211 2191 salute
1242 2149 1510 2206 sapientiam,
1541 2164 1670 2205 quam
1705 2164 1773 2191 so-

336 2207 446 2247 letis.

300 2273 325 2305 6
397 2264 540 2315 lNunc,
573 2265 792 2319 quoniam,
823 2263 874 2305 T,
909 2264 1111 2314 Labiene,
1147 2263 1383 2319 diligentiae
1420 2278 1528 2304 meae
1567 2262 1772 2318 temporis

337 2321 546 2376 angustiis
569 2322 792 2371 obstitisti,
812 2335 964 2376 meque
982 2335 1036 2362 ex
1056 2331 1307 2376 comparato
1326 2331 1368 2361 et
1386 2321 1624 2362 constituto
1647 2323 1773 2376 5spa-

335 2378 397 2418 tio
420 2378 696 2430 defensionis,
721 2380 763 2420 in
786 2379 1012 2419 semihorae
1034 2378 1292 2419 curriculum
1316 2377 1515 2433 coegisti,
1537 2377 1773 2433 parebitur,

334 2446 392 2484 et,
414 2437 529 2490 quod
561 2436 879 2491 iniquissimum
901 2445 979 2486 est,
1010 2435 1271 2476 accusatoris
1297 2434 1553 2484 conditioni,
1574 2444 1631 2484 et,
1653 2435 1767 2489 quod

335 2492 636 2544 miserrimum,
675 2493 840 2534 inimici
873 2493 1092 2549 potestati.
1155 2493 1428 2548 Quamquam
1468 2491 1510 2532 in
1547 2491 1627 2532 hac
1661 2506 1771 2548 prae-

335 2549 569 2605 scriptione
592 2550 817 2592 semihorae
841 2551 1008 2606 patroni
1032 2549 1140 2592 mihi
1165 2559 1306 2606 partes
1335 2548 1560 2604 reliquisti,
1582 2547 1771 2590 consulis

374 2692 396 2719 4
423 2694 454 2720 et
487 2691 578 2720 salus
604 2689 698 2730 reip]
731 2689 892 2730 Copulam
920 2694 951 2720 et
976 2689 1031 2720 hic
1073 2689 1146 2721 dem
1169 2699 1241 2720 eam
1265 2690 1299 2721 in
1321 2688 1425 2720 altero
1441 2689 1590 2721 membro
1607 2688 1711 2730 reperi
1733 2689 1772 2721 inv

333 2741 427 2762 aures
456 2741 538 2762 meae
561 2732 837 2769 desideraverunt,
867 2733 908 2762 ob
935 2742 1030 2772 supe—
1073 2732 1122 2763 ed.
1134 2732 1231 2763 Junt.
1275 2732 1390 2771 ltaque
1407 2733 1521 2771 recepi.

333 2774 431 2810 riom,
459 2783 523 2803 uno
550 2778 704 2813 tempore,
731 2780 806 2814 post
834 2784 934 2812 quam
964 2774 1030 2805 for·
1109 2773 1578 2813 5spatio—ioz-curriculum]
1591 2772 1771 2811 Eleganter

333 2814 458 2845 mulam
472 2816 599 2855 copulae
620 2816 721 2846 etiam
745 2817 779 2846 in
801 2817 907 2856 primo
924 2826 1028 2847 mem-
1069 2818 1215 2856 spatium
1234 2822 1269 2846 et
1290 2817 1493 2847 curriculum
1507 2816 1768 2853 distinguuntur,

331 2858 389 2888 bro
412 2864 600 2897 ponuntur:
624 2866 771 2897 essetque
794 2859 956 2889 efficacius
979 2864 1028 2889 et-
1071 2859 1269 2898 omninoque
1291 2863 1382 2890 totus
1404 2858 1495 2891 loeus
1513 2862 1563 2889 est
1578 2856 1668 2888 valde
1690 2865 1770 2888 oon-

330 2900 395 2930 iam
411 2900 495 2938 loco,
508 2900 534 2931 si
550 2909 636 2931 esset
650 2905 680 2931 et
693 2902 762 2932 vita
776 2905 807 2931 et
819 2902 919 2932 salus.
940 2901 1029 2933 Tan-
1072 2901 1198 2933 cinnus.
