1907 3231
491 96 610 135 Ac'r
644 95 696 134 H.
744 92 932 132 LIBER
970 90 1213 131 PRIMUS.
1491 93 1566 132 127

134 209 317 254 merent,
345 199 714 256 lacrymantesque
735 196 1027 246 defenderent,
1058 209 1136 251 pro
1165 193 1416 237 testimonio
1438 194 1565 245 dixit,

136 259 273 301 secu-ri
294 272 385 299 esse
405 269 668 313 percussum.
725 254 934 296 Probabit
956 252 1100 303 fidem,
1122 260 1166 294 et
1186 253 1500 302 auctoritatem,
1523 260 1567 293 et

134 315 385 372 religionem
424 328 544 355 suam
587 313 636 354 L.
670 312 856 363 Suetius,
895 311 1027 352 homo
1065 308 1265 350 omnibus
1304 310 1564 349 ornamentis

136 372 356 429 praedituS,
386 371 645 427 quijuratus
667 369 780 426 apud
808 384 883 410 vos
906 368 1033 419 dixit,
1063 366 1222 408 multos
1255 365 1369 406 cives
1404 365 1606 406 Roma-1³·
1622 367 1673 398 79.

135 444 214 470 nos
237 429 280 470 in
301 429 517 470 lautumiis
544 428 666 468 istius
689 427 868 483 imperio
895 424 1184 467 crudelissime
1211 437 1287 479 per
1313 423 1400 463 vim
1429 432 1565 464 morte
1576 416 1606 437 ‘²‘

133 500 227 528 esse
247 485 464 527 multatos.
527 484 655 526 Hanc
684 499 766 540 ego
796 497 967 524 eausam
985 496 1086 523 cum
1108 495 1233 537 agam
1257 479 1467 521 beneficio
1490 495 1568 535 po-

135 543 225 600 puli
249 542 450 594 Romani,
481 542 534 583 de
566 543 661 583 loco
695 541 925 597 superiore,
955 554 1043 580 non
1064 552 1226 590 vereor,
1260 552 1313 578 ne
1343 546 1417 578 aut
1438 537 1568 578 istum

136 600 201 641 vis
225 600 308 641 ulla
336 614 391 640 ex
422 599 568 655 populi
599 599 784 640 Romani
818 597 1032 653 suffragiis
1058 596 1235 651 eripere,
1266 604 1340 636 aut
1361 609 1387 635 a
1415 609 1484 636 me
1505 594 1570 636 ul-

136 656 225 698 lum
248 671 401 698 munus
425 657 640 698 aedilitatis
670 655 852 712 amplius
880 663 956 696 aut
984 654 1146 710 gratius
1177 652 1337 709 populo
1369 651 1569 693 Romano

135 728 228 755 esse
250 714 399 770 possit.

197 772 471 828 Quapropter
492 785 640 812 omnes
662 769 706 810 in
734 769 817 811 hoc
839 767 1008 824 judicio
1030 774 1239 808 conentur
1261 766 1429 810 omnia:
1460 753 1617 808 nihi16

137 828 327 884 estjam,
359 829 473 884 quod
493 828 535 869 in
554 829 635 868 hac
656 841 784 868 causa
804 839 983 882 peccare
1005 825 1246 880 quisquam,
1269 823 1455 879 judices,
1485 824 1566 865 nisi
1582 832 1629 866 15

139 895 280 926 vestro
312 885 517 942 periculo,
548 883 698 940 possit.
758 883 865 924 Mea
894 881 1069 937 quidem
1100 881 1224 933 ratio,
1255 895 1354 923 cum
1387 880 1431 922 in
1460 896 1571 938 prae-

140 943 276 983 teritis
295 944 419 984 rebus
438 951 502 983 est
522 941 711 998 cognita,
730 949 821 982 tum
845 941 888 981 in
903 939 1075 995 reliquis
1094 939 1316 995 explorata
1328 947 1456 994 atque
1476 953 1573 995 pro-

139 999 230 1040 visa
270 1009 349 1041 est.
411 999 506 1055 Ego
543 1013 688 1040 meum
731 998 920 1040 studium
953 997 997 1038 in
1031 996 1340 1053 rempublicam
1367 996 1461 1052 jam
1500 996 1574 1037 illo

139 1067 333 1112 tempore
351 1056 533 1107 ostendi,
564 1071 661 1099 cum
684 1056 816 1112 longo
838 1053 1061 1096 intervallo
1091 1063 1278 1095 veterem
1301 1054 1576 1095 consuetudi-

138 1128 239 1155 nem
260 1114 399 1165 retuli,
431 1123 475 1154 et
495 1122 649 1169 rogatu
667 1113 881 1155 sociorum
903 1120 1032 1167 atque
1053 1111 1290 1152 amicorum
1312 1111 1459 1167 populi
1485 1110 1576 1152 Ro-

140 1171 272 1222 mani,
302 1186 495 1212 meorum
528 1180 674 1212 autem
706 1170 1055 1221 necessariorum,
1086 1183 1244 1209 nomen
1284 1168 1471 1209 hominis
1501 1183 1576 1210 au—

140 1228 356 1270 dacissimi
376 1228 524 1270 detuli.
584 1228 714 1275 Quod
735 1242 878 1268 meum
901 1226 1065 1267 factum
1093 1225 1313 1266 lectissimi
1342 1226 1422 1267 viri
1447 1235 1576 1281 atque

142 1285 417 1337 ornatissimi,
448 1290 553 1341 (quo
578 1286 622 1326 in
652 1299 829 1326 numero
853 1299 876 1325 e
902 1284 1025 1324 vobis
1058 1282 1299 1338 complures
1333 1282 1485 1334 fuere)
1516 1284 1577 1325 ita

141 1343 393 1399 probarunt,
423 1354 472 1383 ut
504 1342 558 1394 ei,
588 1342 662 1397 qui
693 1341 815 1383 istius
842 1349 1030 1397 quaestor
1054 1339 1219 1391 fuisset,
1251 1349 1295 1380 et
1317 1341 1371 1381 ab
1395 1340 1478 1381 isto
1501 1341 1576 1382 lae-

141 1414 211 1440 sus
244 1400 490 1441 inimicitias
525 1400 666 1455 justas
704 1407 1042 1455 persequeretur,
1072 1412 1160 1438 non
1193 1398 1323 1438 modo
1355 1397 1574 1439 deferendi

139 1456 341 1508 nominis,
373 1457 445 1498 sed
473 1471 528 1498 ne
565 1456 861 1509 subscribendi
895 1455 1084 1511 quidem,
1115 1469 1214 1496 cum
1248 1455 1291 1496 id
1324 1455 1574 1511 postularet,

140 1514 331 1555 facerent
349 1523 621 1570 potestatem.
665 1513 716 1554 In
736 1513 928 1555 Siciliam
951 1528 1041 1554 sum
1063 1512 1305 1568 inquirendi
1328 1527 1455 1554 causa
1476 1528 1574 1569 pro·
1591 1512 1636 1545 16

141 1571 294 1613 fectus.
317 1587 403 1627 quo
425 1572 468 1612 in
488 1572 664 1628 negotio
687 1571 940 1612 industriam
963 1585 1102 1612 meam
1124 1570 1317 1611 celeritas
1338 1570 1576 1621 reditionis,

140 1628 410 1685 diligentiam
431 1629 663 1670 multitudo
685 1629 922 1670 litterarum
940 1637 985 1670 et
1006 1628 1180 1669 testium
1210 1627 1465 1670 declaravit:
1499 1643 1579 1684 pu-

141 1686 289 1728 dorem
312 1701 411 1728 vero
435 1702 483 1727 ac
517 1686 783 1743 religionem,
814 1686 945 1741 quod,
975 1700 1073 1727 cum
1097 1684 1308 1726 venissem
1335 1695 1504 1726 senator
1525 1686 1578 1727 ad

143 1744 283 1784 socios
305 1743 453 1800 populi
478 1743 680 1785 Romani.
701 1744 775 1799 qui
796 1743 841 1784 in
865 1758 914 1784 ea
933 1743 1155 1799 provincia
1175 1750 1365 1798 quaestor
1386 1742 1578 1793 fuissem,

143 1801 197 1842 ad
219 1801 410 1857 hospites
432 1816 550 1842 meos
571 1817 621 1843 ac
643 1801 902 1842 necessarios
935 1816 1075 1842 causae
1106 1800 1347 1842 communis
1379 1800 1579 1841 defensor

142 1858 304 1899 deverti
328 1859 486 1915 potius,
518 1874 646 1914 quam
664 1859 717 1900 ad
738 1873 826 1910 eos,
849 1858 922 1914 qui
945 1874 969 1899 a
990 1873 1058 1899 me
1080 1857 1289 1899 auxilium
1311 1858 1578 1914 petivissent.

145 1915 321 1957 Nemini
345 1930 466 1957 meus
486 1917 692 1958 adventus
726 1916 877 1968 labori,
908 1925 981 1957 aut
1015 1916 1189 1966 sumtui,
1219 1929 1359 1971 neque
1391 1916 1577 1971 publice,

143 1986 282 2028 neque
305 1973 520 2029 privatim,
552 1973 649 2016 fuit.
711 1975 749 2005 12
762 1973 864 2015 Vim
885 1973 931 2014 in
959 1973 1214 2029 inquirendo
1243 1982 1409 2014 tantam
1430 1972 1578 2023 habui,

142 2039 349 2085 quantam
369 2030 475 2071 mihi
496 2030 569 2072 lex
587 2031 741 2073 dabat:
765 2045 851 2072 non
874 2041 1079 2087 quantam
1094 2030 1250 2072 habere
1266 2039 1458 2086 poteram
1472 2031 1577 2071 isto-

145 2102 240 2128 rum
272 2088 429 2139 studio,
443 2103 550 2144 quos
573 2089 652 2130 iste
678 2098 870 2130 vexarat.
931 2088 1116 2130 Romam
1135 2101 1184 2129 ut
1203 2103 1258 2129 ex
1281 2087 1428 2129 Sicilia
1455 2087 1576 2138 redii,
1593 2094 1641 2131 17

145 2160 245 2186 cum
267 2145 362 2197 iste,
393 2155 522 2201 atque
540 2146 663 2188 istius
681 2146 824 2197 amici,
855 2146 1052 2187 homines
1084 2145 1190 2187 lauti
1222 2154 1266 2187 et
1294 2145 1462 2196 urbani,
1493 2159 1578 2186 ser·
1591 2142 1621 2172 b.

144 2217 294 2244 mones
315 2202 613 2258 hujuscemodi
636 2203 927 2259 dissipassent,
959 2218 1044 2259 quo
1063 2203 1228 2244 animos
1247 2203 1422 2243 testium
1451 2212 1582 2244 retar-

145 2260 311 2312 darent,
340 2274 410 2302 me
443 2264 601 2316 magna
630 2261 813 2318 pecunia
844 2276 870 2301 a
898 2275 998 2302 vera
1026 2261 1300 2302 accusatione
1332 2274 1424 2300 esse
1452 2260 1585 2302 dedu-

146 2326 281 2369 ctum,
313 2318 483 2359 tametsi
508 2321 545 2348 13
560 2320 823 2376 probabatur
855 2318 1032 2370 nemini,
1062 2318 1176 2374 quod
1202 2326 1246 2359 et
1266 2331 1321 2358 ex
1347 2317 1494 2359 Sicilia
1524 2328 1586 2360 te-
1628 2347 1631 2349 -

147 2384 232 2415 stes
261 2384 383 2416 erant
412 2375 457 2426 ii,
490 2377 564 2431 qui
593 2386 850 2432 quaestorem
873 2390 942 2416 me
964 2375 1008 2417 in
1033 2376 1256 2431 provincia
1276 2387 1585 2431 cognoverant,

146 2443 192 2472 et
219 2432 320 2474 hinc
354 2432 549 2474 homines
583 2435 772 2474 maxime
799 2433 995 2483 illustres,
1027 2433 1116 2488 qui,
1147 2442 1196 2473 ut
1229 2433 1310 2488 ipsi
1345 2434 1434 2473 noti
1472 2445 1586 2485 sunt,

148 2489 210 2531 sic
231 2499 427 2531 nostrum
449 2505 798 2547 unumquemque
819 2491 983 2546 optime
1005 2500 1185 2533 norunt:
1219 2501 1362 2531 tamen
1384 2505 1518 2546 usque
1535 2506 1587 2533 eo

195 2636 231 2666 12
254 2634 332 2666 Vim
347 2636 370 2666 i.
391 2636 414 2666 i.
439 2640 462 2667 t.
487 2636 600 2676 habui]
634 2636 674 2667 In
696 2637 848 2668 eruendis
892 2636 1100 2677 terpretibus.
1137 2636 1198 2667 Ed.
1215 2636 1254 2667 R.
1268 2635 1322 2666 ΒΓ.
1340 2635 1387 2666 Μ.
1401 2640 1435 2667 et
1450 2636 1514 2668 ΜΞ.
1530 2638 1592 2669 Gu.

148 2676 355 2715 criminibus,
379 2678 494 2715 literis,
515 2679 650 2716 tabulis,
666 2690 705 2709 ut
721 2690 760 2710 ne
776 2680 848 2719 plus
892 2680 1056 2710 omittunt
1068 2681 1113 2709 in.

149 2718 191 2750 ad
205 2729 244 2750 ea
257 2721 479 2760 extorquenda
494 2722 648 2759 facerem,
663 2732 761 2761 quam
778 2722 849 2761 lege
939 2724 974 2752 13
993 2722 1197 2761 probabatur
1212 2722 1349 2761 nemini]
1385 2720 1540 2753 Refertur
1552 2722 1592 2753 ad

148 2761 342 2802 permissum
354 2769 451 2800 esset,
465 2773 524 2794 nec
539 2774 688 2794 vexarem
700 2764 850 2794 homines
893 2773 1057 2794 sermones
1079 2764 1222 2804 proprie,
1244 2764 1330 2794 unde
1349 2763 1523 2804 legendum
1545 2766 1592 2794 vi·

150 2805 209 2834 &c-
256 2803 354 2834 Hunc
375 2814 507 2836 sensum
521 2805 603 2836 bene
622 2812 788 2837 assecutus
801 2812 850 2837 est
893 2807 989 2837 detur
999 2807 1235 2845 probabantur.
1278 2806 1318 2837 In
1340 2806 1475 2846 vulgata
1496 2806 1593 2836 intel-

150 2844 315 2883 Ferratius
324 2846 406 2888 ΕΜ).
417 2858 446 2889 Ρ.
462 2848 659 2882 279.ηιε1ἰυς
673 2849 788 2881 ceteris
801 2849 850 2880 in·
894 2849 1060 2889 ligendum
1073 2859 1136 2887 res,
1150 2850 1195 2886 id,
1207 2849 1291 2888 quod
1305 2854 1391 2879 certe
1406 2849 1523 2879 durius
1532 2854 1592 2880 est.
