1907 3231
614 141 742 180 PRo
759 142 806 191 A.
839 140 1095 187 cAEcmA.
1506 143 1584 185 452

137 244 417 287 acerbissimo
439 244 559 287 luctu
591 246 776 288 dedecus
807 256 1017 289 aeternum
1047 243 1213 294 miseris
1244 252 1373 301 atque
1395 244 1583 302 ignomi-

136 302 256 343 niam
287 303 512 359 relinquat.
574 303 614 345 O
644 303 864 347 fortunam
882 305 1024 361 longe
1053 304 1284 359 disparem,
1317 303 1384 343 M.
1405 303 1648 347 Fontei!39

140 359 175 400 si
207 360 397 416 deligere
424 361 652 416 potuisses⁷
681 372 728 403 ut
760 363 904 420 potius
937 361 1033 403 telis
1066 361 1145 402 tibi
1182 359 1423 411 Gallorum,
1454 375 1585 415 quam

135 418 337 473 perjuriis
370 419 671 460 intereundum
708 429 835 462 esset.
865 422 904 450 41
921 430 1013 461 tum
1032 420 1147 460 enim
1171 418 1272 459 vitae
1296 418 1413 458 socia
1435 419 1586 468 virtus,

135 475 288 516 mortis
310 487 454 519 comes
487 476 624 533 gloria
645 478 821 520 fuisset:
850 493 966 519 nunc
991 492 1090 518 vero
1108 476 1182 532 qui
1205 485 1269 516 est
1291 474 1427 526 dolor,
1450 475 1590 516 victo-

136 532 211 573 riae
235 541 277 572 te
293 541 423 588 atque
446 534 615 591 imperii
636 550 790 592 poenas
814 537 865 576 ad
889 551 1037 577 eorum
1052 534 1279 576 arbitrium
1300 531 1494 582 sufferre,
1513 532 1588 587 qui

135 598 212 630 aut
234 589 336 630 victi
361 591 488 631 armis
513 602 626 645 sunt,
643 603 718 634 aut
750 593 997 634 invitissimi
1022 593 1282 649 paruerunt?
1311 589 1452 646 Aquo
1473 590 1587 646 peri-

133 646 231 688 culo
260 645 494 700 defendite,
522 650 710 706 judices,
743 652 884 693 civem
927 651 1082 692 fortem
1122 657 1251 705 atque
1282 648 1586 690 innocentem:

132 713 294 756 curate,
318 715 367 745 ut
389 707 545 748 nostris
570 709 753 750 testibus
786 709 894 765 plus,
917 723 1046 764 quam
1070 707 1322 763 alienigenis
1354 705 1587 747 credidisse

132 761 391 805 videamini:
426 764 520 821 plus
540 767 665 807 saluti
701 767 879 817 civium,
907 781 1037 821 quam
1068 765 1259 805 hostium
1289 763 1460 805 libidini
1483 778 1586 804 con-

129 819 333 862 suluisse:
366 823 609 877 graviorem
636 824 812 864 duxisse
829 824 923 879 ejus
939 823 1411 877 obsecrationem,quae
1436 821 1585 862 vestris
1599 821 1630 852 b.

130 877 262 918 sacris
285 879 447 935 praesit,
470 896 599 935 quam
622 896 768 922 eorum
802 881 1044 930 audaciam,
1067 880 1141 935 qui
1172 894 1273 921 cum
1295 880 1490 920 omnium
1522 893 1588 919 sa-

131 934 215 976 cris
239 936 514 992 delubrisque
540 938 648 979 bella
670 945 910 995 gesserunt.
945 947 1164 994 postremo
1197 937 1449 994 prospicite,
1465 936 1587 991 judi-

131 1007 218 1044 ces,
242 993 284 1034 id
316 995 432 1050 quod
455 996 507 1036 ad
541 996 802 1052 dignitatem
836 996 987 1054 populi
1018 996 1205 1036 Romani
1241 994 1433 1035 maxime
1454 994 1588 1050 perti-

130 1060 220 1100 net,
243 1060 292 1091 ut
321 1051 415 1107 plus
439 1053 554 1108 apud
590 1068 663 1094 vos
696 1069 844 1110 preces
877 1053 1058 1111 virginis
1083 1053 1284 1105 Vestalis,
1303 1067 1433 1108 quam
1455 1052 1587 1098 minae

130 1107 356 1150 Gallorum
379 1110 562 1151 valuisse
576 1111 818 1154 videantur.

174 1224 211 1253 41
239 1226 312 1252 tum
333 1223 435 1263 enim]
463 1225 491 1254 E
505 1226 650 1266 vestigiis
674 1227 738 1257 Ms.
761 1226 839 1257 Vat.
883 1236 982 1258 nune.
1027 1226 1090 1256 Sed
1110 1235 1196 1267 saepe
1212 1225 1300 1267 apud
1323 1226 1516 1257 Ciceronem
1538 1229 1589 1265 est

129 1274 206 1295 cum
218 1264 344 1296 Faerno
360 1267 475 1297 malim
494 1272 584 1306 tunc,
601 1269 678 1308 quia
691 1271 840 1310 sequitur
882 1265 972 1300 nune
987 1276 1061 1311 post
1075 1273 1158 1299 tum.

434 1492 517 1547 M.
540 1495 825 1549 TULLII
858 1493 1292 1549 CICERONIS
1602 1511 1725 1583 21:²²⁵·

808 1622 901 1650 PRO

349 1706 433 1775 A.
568 1707 1358 1775 CAECINA

526 1842 766 1886 ORATIO
800 1842 1207 1887 DUODECIMA.

653 2011 1061 2051 ARGUMENTUM.

125 2094 181 2131 M.
200 2094 386 2135 Fulcinius
415 2094 689 2145 Tarquiniensis
715 2093 896 2129 Cesennioe
922 2096 1028 2130 uxori
1056 2096 1211 2130 moriens
1228 2095 1495 2147 usumfructum
1523 2097 1583 2133 bo-

176 2158 306 2195 norum
323 2158 471 2183 suorum
491 2149 639 2194 legavit,
660 2151 700 2182 ut
721 2145 915 2195 frueretur
937 2159 1011 2182 una
1037 2159 1114 2182 cum
1123 2148 1211 2196 filio
1244 2149 1372 2185 herede
1399 2151 1581 2188 instituto.

177 2199 273 2236 Filio
290 2205 432 2236 mortuo
457 2205 491 2236 et
511 2201 680 2236 auctione
698 2199 870 2234 bonorum
893 2201 1076 2242 instituta,
1084 2199 1251 2249 fundum
1269 2214 1384 2247 emere
1401 2214 1444 2238 ea:
1459 2204 1504 2239 iis
1521 2203 1581 2239 bo-

178 2254 236 2289 nis
271 2255 316 2290 de
345 2255 546 2290 amicorum
589 2254 772 2289 sententia
799 2253 1008 2289 constituit:
1051 2254 1160 2301 idque
1187 2257 1373 2302 negotium
1401 2256 1465 2291 dat
1498 2255 1580 2292 Sex.

177 2305 350 2348 AEbut'io,
370 2308 429 2342 cui
445 2305 590 2356 fundus
612 2301 792 2342 Cesenni'oe
806 2306 962 2352 pecunia
980 2310 1094 2341 emtus
1101 2305 1187 2354 fuit
1216 2308 1396 2344 addictus.
1454 2308 1580 2344 Cesen-

176 2360 244 2395 nia
268 2366 352 2408 post
379 2359 425 2394 A.
450 2359 600 2396 Caecinae
626 2359 764 2406 nupsit,
794 2362 829 2393 et
856 2359 1011 2394 ¹moriens
1039 2370 1119 2393 eum
1150 2359 1315 2395 heredem
1331 2360 1442 2409 fecit.
1500 2361 1580 2402 Quo

171 2411 280 2461 facto
308 2412 486 2450 AEbutius
517 2412 611 2448 hunc
627 2411 792 2461 fundum
815 2423 919 2446 suum
946 2423 1019 2446 esse
1047 2411 1161 2451 divin
1190 2424 1257 2447 sua
1280 2425 1318 2448 se
1339 2413 1409 2449 sibi
1423 2415 1582 2461 pecunia

127 2471 129 2476 ’
181 2477 261 2501 eum
279 2469 417 2508 emisse,
437 2466 534 2513 quod
556 2477 599 2500 ex
622 2464 828 2512 argentarii
856 2463 989 2499 tabulis
1017 2464 1300 2506 demonstrabat,
1330 2467 1393 2513 qui
1418 2468 1582 2502 auctioni

179 2519 411 2569 interfuerat.
465 2517 675 2565 Acljiciebat
688 2522 879 2565 praev-ea,
899 2516 1090 2558 Caeez‘nurn,
1112 2519 1208 2564 quod
1226 2517 1474 2554 Volaterranis
1492 2523 1582 2555 esset

178 2583 206 2606 a
226 2570 333 2609 Sulla
351 2573 482 2609 civitas
499 2573 659 2613 ademta,
679 2582 751 2606 non
768 2581 874 2618 posse
893 2569 1057 2604 heredem
1068 2570 1249 2606 Cesenniae
1265 2583 1349 2608 esse.
1405 2571 1479 2607 Sed
1498 2584 1580 2608 cum

181 2628 271 2659 esset
297 2626 547 2667 constitutum,
578 2636 652 2672 qua
676 2625 735 2659 die
761 2625 799 2659 in
825 2634 901 2657 rem
928 2627 1141 2669 praesentem
1170 2625 1346 2666 venirent,
1375 2629 1417 2659 ut
1438 2624 1581 2661 Caecina

181 2677 363 2718 moribus,
382 2677 432 2719 vi,
450 2678 513 2713 sed
530 2677 642 2716 civili,
663 2676 900 2725 quotidiana,
921 2674 1096 2723 deflendo
1117 2675 1290 2719 deductus
1303 2677 1537 2713 interdictum
1556 2690 1580 2713 a

183 2729 348 2768 Praetore
361 2731 586 2778 postularet;
616 2729 794 2766 AEbutius
824 2728 1002 2764 Caecinam
1016 2725 1182 2776 fundum
1208 2730 1351 2776 ingredi
1374 2735 1578 2772 conantem,

179 2793 270 2820 vera
287 2783 325 2819 vi
344 2789 385 2819 et
400 2782 531 2822 solida⁷
552 2794 679 2830 nempe
697 2783 850 2817 armatis
866 2780 1067 2816 hominibus
1082 2793 1149 2828 per
1171 2783 1243 2817 vim
1261 2783 1368 2818 aditu
1377 2782 1581 2830 prohibuit.

183 2834 327 2871 Caecina
354 2836 590 2872 interdictum
614 2848 638 2870 α
656 2836 822 2871 Praetore
837 2833 1039 2869 Dolabella
1062 2835 1274 2880 impetravit
1291 2834 1338 2870 de
1356 2836 1407 2877 vi,
1423 2835 1581 2871 armatis

180 2888 416 2934 hominibus,
431 2892 485 2932 ut,
499 2889 594 2924 unde
610 2886 767 2935 dejectus
780 2891 884 2930 esset,
896 2898 936 2922 eo
954 2887 1219 2926 restitueretur.
1274 2887 1453 2924 AEbutius
1469 2888 1579 2926 resti-
