1907 3231
551 91 617 129 IN
649 90 695 129 L.
729 89 1083 128 CATILINAM.
1471 94 1547 131 669

115 194 377 238 nefariorum
400 210 449 236 ac
480 194 809 236 manifestorum
843 193 1049 235 scelerum
1081 193 1266 250 majores
1297 195 1431 235 nostri
1455 209 1546 236 esse

118 252 358 295 voluerunt.
415 252 560 308 Atque
580 252 675 293 haec
697 253 843 293 omnia
863 252 923 293 sic
945 261 1141 306 agentur,
1174 252 1381 302 Quirites,
1405 262 1451 292 ut
1481 266 1545 293 res
1564 255 1629 303 13

116 311 321 352 maximae
341 311 520 351 minimo
541 319 677 361 motu,
702 309 891 365 pericula
912 323 1078 349 summa
1095 308 1211 348 nullo
1235 308 1435 360 tumultu,
1458 309 1547 350 bel-
1558 327 1611 361 23

117 365 204 408 lum
228 368 481 409 intestinum
504 381 553 408 ac
585 367 885 417 domesticum,
909 376 1006 422 post
1037 366 1262 407 hominum
1296 367 1547 406 memoriam

117 425 459 466 crudelissimum
481 439 530 466 ac
562 424 816 475 maximum,
838 438 906 464 me
929 439 1013 464 uno
1038 433 1187 479 togato
1218 423 1326 463 duce
1348 433 1390 462 et
1414 423 1548 478 impe-

119 491 278 534 ratore,
300 482 485 523 sedetur.
516 481 631 538 quod
653 496 736 538 ego
759 482 819 522 sic
843 481 1166 531 administrabo,
1200 480 1419 530 Quirites,
1430 490 1490 530 ut,
1514 495 1548 520 Sl

118 538 206 580 ullo
227 539 356 580 modo
393 539 483 579 fie1i
516 540 689 595 poterit,
721 553 774 579 ne
804 539 1025 594 improbus
1049 538 1223 594 quidem
1255 537 1480 593 quisquam
1505 537 1549 578 in

117 594 200 637 hac
220 597 326 637 urbe
357 611 533 652 poenam
557 612 620 637 sul
643 595 811 637 sceleris
834 595 1022 636 sufferat.
1054 596 1126 636 sed
1157 610 1190 636 Sl
1214 594 1276 635 vis
1307 593 1548 635 manifestae

118 653 326 706 audaciae,
350 654 383 694 si
415 654 666 710 impendens
694 653 843 709 patriae
877 652 1114 709 periculum
1137 667 1206 693 me
1227 651 1465 693 necessario
1496 651 1550 692 de

117 709 199 752 hae
236 711 367 752 animi
405 710 580 752 lenitate
615 710 894 751 deduxerint:
941 710 1044 750 illud
1077 710 1272 766 profecto
1314 708 1549 766 perficiam,

119 769 267 823 quod
259 784 301 809 ln
326 778 446 809 tanto
468 779 511 809 et
531 777 616 809 tam
648 767 854 808 insidioso
880 766 987 807 bello
1011 767 1083 807 vix
1107 767 1345 822 optandum
1367 766 1549 816 videtur,

120 836 168 866 ut
198 828 302 867 46ne
330 826 424 881 quis
456 826 593 866 bonus
627 825 822 875 intereat,
857 838 1176 879 paucorumque
1211 839 1343 879 poena
1364 838 1439 864 vos
1455 823 1546 878 jam

119 895 268 924 omnes
304 883 407 924 salvi
441 897 532 924 esse
571 882 759 938 possitis,
821 881 931 927 Quae
974 881 1146 936 quidem
1180 896 1262 937 ego
1286 895 1423 936 neque
1455 883 1611 921 1nea29

120 941 364 996 prudentia,
387 954 524 994 neque
556 939 754 980 humanis
786 896 1000 979 consiliisq
1007 938 1140 979 fretus
1177 938 1382 994 polliceor
1413 938 1551 988 vobis,

123 997 341 1049 Quirites;
373 997 445 1037 sed
478 996 639 1047 multis,
672 1008 715 1037 et
745 1011 828 1037 non
864 996 1007 1036 dubiis
1037 995 1215 1037 deorum
1244 994 1552 1036 imm01talium

122 1053 529 1111 significationibus,
552 1054 708 1109 quibus
730 1068 812 1109 ego
834 1053 1044 1094 ducibus
1036 1068 1078 1094 in
1100 1053 1212 1094 hanc
1234 1067 1353 1109 spem
1385 1062 1554 1093 senten-

121 1112 312 1167 tiamque
345 1126 439 1152 sum
467 1113 707 1168 ingressus:
748 1111 931 1166 quljam
961 1125 1046 1151 non
1083 1110 1244 1166 piocul,
1268 1119 1314 1150 ut
1336 1110 1556 1164 quondam

121 1169 331 1221 solebant,
350 1170 404 1210 ab
425 1172 466 1203 47
481 1178 660 1210 externo
679 1169 804 1209 hoste
822 1179 950 1223 atque
969 1168 1232 1224 longinquo3
1265 1168 1336 1208 sed
1352 1167 1422 1207 hic
1445 1182 1555 1223 prae-

119 1236 262 1268 sentes
295 1242 372 1267 suo
406 1227 581 1267 numine
614 1237 743 1283 atque
780 1225 942 1267 auxilio
977 1241 1052 1267 sua
1087 1225 1247 1281 templa
1279 1234 1407 1280 atque
1438 1225 1555 1266 urbis

121 1294 237 1326 tecta
254 1283 518 1326 defendunt:
539 1299 645 1339 quos
670 1298 758 1335 vos,
774 1283 982 1334 Qui1ites,
1004 1283 1183 1339 precari,
1207 1283 1411 1333 venerari,
1428 1292 1557 1337 atque

122 1341 351 1398 implorare
383 1342 564 1392 debetis,
600 1351 662 1393 ut,
698 1356 824 1396 quam
850 1342 996 1382 urbem
1033 1340 1380 1397 pulcherrimam,
1402 1340 1557 1381 floren-

120 1400 346 1450 tissimam,
368 1399 799 1455 potentissimamque
829 1412 920 1439 esse
952 1397 1193 1448 voluerunt,
1219 1397 1330 1438 hanc
1355 1397 1559 1440 omnibus

119 1457 312 1499 hostium
351 1471 487 1512 copus
517 1465 629 1498 terra
660 1457 853 1511 marique
882 1457 1105 1512 superatiS,
1128 1470 1149 1495 a
1174 1455 1559 1512 perditissimoium

121 1515 284 1557 civium
300 1513 465 1554 nefario
489 1515 647 1555 scelere
668 1512 916 1555 defendant.

162 1629 204 1660 46
225 1638 266 1659 ne
285 1628 356 1668 quis
374 1628 473 1658 bonus
492 1629 614 1658 i.—-vos
628 1627 705 1669 jam
728 1638 755 1657 ο.
774 1628 814 1667 5.]
861 1631 967 1658 cetera
984 1632 1083 1657 recte.

119 1670 235 1703 Lectio
262 1670 333 1701 haec
361 1675 412 1701 est
440 1680 458 1700 e
483 1671 522 1701 R.
550 1670 605 1700 ΒΓ.
635 1670 724 1701 Med.
751 1680 818 1709 sqq.
904 1672 943 1703 47
966 1673 1098 1700 externo
1112 1669 1211 1709 hoste]
1236 1668 1288 1698 Sic
1310 1677 1370 1708 pro
1385 1672 1493 1698 extero
1507 1668 1561 1699 de-

121 1713 205 1745 Edd.
224 1713 277 1744 W.
295 1715 384 1744 1480.
408 1713 506 1743 bonus
527 1714 710 1753 quisquam,
733 1712 819 1752 quod
863 1712 969 1742 dimus
996 1722 1035 1742 ex
1058 1711 1129 1742 edd.
1157 1712 1209 1742 w.
1242 1713 1332 1741 1480.
1360 1711 1447 1749 quod
1469 1715 1503 1741 et
1527 1711 1560 1741 in

121 1755 315 1801 praeferebat
343 1755 496 1785 Muretus
520 1760 554 1786 et
583 1756 756 1792 Gruterus,
785 1761 819 1785 et
862 1755 991 1794 scriptis
1007 1764 1153 1794 reperere
1169 1754 1255 1784 Mur.
1271 1757 1305 1784 et
1319 1753 1424 1784 Graev.
1448 1752 1563 1784 Hostis

121 1799 214 1830 abest
218 1807 309 1838 Jam
352 1797 500 1828 Graevius
521 1799 622 1828 etiam
645 1808 663 1828 e
686 1797 749 1828 Ms.
767 1797 818 1827 Fr.
862 1801 994 1828 exterus
1021 1807 1118 1827 nemo
1146 1796 1239 1826 dixit.
1276 1797 1373 1825 hostis
1408 1799 1563 1826 externus

120 1841 223 1871 edidit
236 1849 337 1880 neque
349 1840 520 1879 quisquam
536 1841 702 1876 bonorum,
716 1846 749 1870 et
764 1840 818 1869 de·
861 1840 1041 1879 opponitur
1054 1841 1192 1875 interno,
1206 1848 1273 1869 non
1287 1843 1432 1868 exterus:
1455 1843 1489 1868 at
1501 1847 1561 1867 na-

122 1883 202 1914 levit
217 1893 309 1923 yam,
335 1882 418 1912 libro
441 1882 555 1913 eodem
570 1889 603 1913 et
620 1883 745 1913 Mureti
762 1892 819 1912 au·
862 1884 962 1913 tiones
989 1886 1118 1920 exteroe,
1144 1891 1250 1921 regna
1272 1885 1385 1912 extera
1408 1887 1494 1911 recte
1514 1879 1561 1911 di-

124 1925 280 1957 etoribus.
308 1925 462 1956 bonorum
488 1930 538 1956 est
558 1936 574 1956 e
605 1925 818 1956 correctione.
864 1930 996 1956 cuntur.
