1907 3231
322 136 397 172 204
855 136 924 175 IN
949 135 1222 176 VERREM

322 244 465 277 notus.
518 237 662 293 Hujus
685 238 874 295 hospitio
893 240 1044 281 Verres
1065 255 1161 282 cum
1183 248 1293 281 esset
1314 252 1427 289 usus,
1448 246 1493 279 et
1512 251 1610 279 cum
1631 251 1655 278 a
1685 238 1745 280 ud

321 306 434 343 eum,
456 308 541 336 non
562 295 691 338 modo
712 294 907 337 Thermis
928 311 1219 352 saepenumero
1242 296 1403 346 fuisset,
1426 294 1498 336 sed
1518 295 1647 336 etiam
1699 309 1746 335 a-

324 349 531 403 bitasset;
559 352 688 393 domo
710 353 801 407 ejus
832 354 976 394 omnia
996 353 1186 402 abstulit,
1207 368 1302 408 quae
1333 352 1473 409 paullo
1495 351 1631 393 mavis
1653 351 1745 392 ani-

320 420 437 447 mum
469 408 708 464 quuspiam
743 419 817 450 aut
849 410 993 450 oculos
1059 419 1200 451 ossent
1229 423 1513 451 commovere.
1613 407 1745 448 ten'un

326 463 530 505 Sthenius
552 466 605 506 ab
627 465 913 507 adolescentia
934 425 1074 521 paulib
1097 466 1325 507 studiosius
1354 466 1500 506 90haec
1525 477 1746 520 compara-

323 519 411 569 bat,
447 522 750 576 supellectilem
784 536 837 563 ex
875 538 957 564 aere
997 522 1315 578 elegantiorem,
1347 530 1391 563 et
1432 522 1668 572 Deliacam,
1699 527 1746 561 et

324 575 609 628 Corinthiam,
633 578 796 619 tabulas
827 579 977 634 pictas,
999 579 1128 620 etiam
1157 579 1322 635 argenti
1346 580 1452 620 bene
1476 578 1593 629 facti,
1616 585 1744 634 prout

321 631 586 674 Thermitani
626 634 810 675 hominis
844 634 1067 676 facultates
1101 635 1309 686 serebant,
1341 637 1456 676 satis.
1498 650 1609 690 quae,
1644 647 1744 676 cum

320 701 431 731 essct
454 691 494 730 in
517 690 619 730 Asia
644 692 902 743 adolescenS,
925 692 1126 743 studiose,
1150 702 1196 733 ut
1213 693 1320 742 dixi,
1342 693 1633 748 comparabat,
1656 705 1743 733 non

322 756 409 787 tam
441 762 527 788 suae
558 748 852 790 delectationis
883 763 1023 799 causa,
1045 764 1172 804 quam
1204 749 1255 790 ad
1287 749 1558 790 invitationes
1585 749 1743 790 adven-

323 812 474 858 tusque
492 815 732 846 nostrorum
756 805 991 857 hominum,
1009 807 1242 847 amicorum
1263 821 1433 847 suorum
1452 815 1579 861 atque
1597 804 1744 860 hospi-

260 865 309 898 84
325 870 428 902 turn.
490 861 600 907 Quae
631 872 908 919 posteaquam
937 864 1016 904 iste
1044 863 1190 904 omnia
1218 863 1407 914 abstulit,
1431 863 1513 904 alia
1536 861 1743 919 rogando,

321 916 403 958 alia
433 919 662 974 poscend0,
685 919 767 960 alia
795 921 1023 972 sumendo;
1055 920 1219 961 ferebat
1245 921 1460 971 Sthenius,
1483 928 1530 961 ut
1550 927 1740 976 poterat;

320 976 355 1006 9¹
375 976 630 1031 tangebatur
660 986 800 1017 tamen
823 977 953 1018 animi
984 977 1128 1018 dolore
1158 977 1409 1027 necessario,
1430 976 1544 1032 quod
1567 976 1744 1018 domum

321 1032 413 1087 ejus
434 1043 685 1073 exornatam
717 1043 845 1088 atque
875 1034 1125 1075 instructam
1160 1034 1246 1075 fere
1271 1034 1364 1089 jam
1395 1035 1473 1075 iste
1503 1033 1743 1074 reddiderat

321 1089 478 1130 nudam
508 1099 636 1144 atque
666 1090 848 1130 inanem.
889 1100 1178 1132 verumtamen
1208 1091 1396 1133 dolorem
1427 1105 1549 1132 suum
1578 1089 1742 1132 nemini

192 1165 223 1195 p.
240 1153 308 1184 196.
323 1146 615 1201 impertiebat:
649 1148 842 1202 praetoris
861 1147 1036 1202 injurias
1059 1148 1203 1198 tacite,
1225 1147 1404 1203 hospitis
1422 1147 1586 1204 placide
1604 1147 1742 1188 feren-

279 1206 308 1254 ἱ·
321 1203 394 1244 das
414 1203 714 1245 arbitrabatur.
749 1204 917 1246 Interea
937 1205 1174 1260 cupiditate
1196 1205 1274 1246 iste
1296 1205 1367 1246 illa
1388 1220 1462 1246 sua
1482 1213 1599 1255 nota,
1613 1213 1742 1259 atque

257 1241 306 1276 8³
319 1260 434 1316 apud
454 1275 600 1301 omnes
630 1264 670 1297 92
687 1261 950 1318 pervulgata,
972 1276 1069 1304 cum
1092 1263 1216 1318 signa
1236 1262 1434 1318 quaedam
1456 1261 1743 1318 pulcherrima

318 1329 447 1373 atque
467 1317 763 1373 antiquissima
787 1317 982 1360 Thermis
1004 1320 1047 1361 in
1070 1319 1244 1376 publico
1267 1319 1407 1375 posita
1431 1319 1619 1369 vidisset,
1640 1317 1741 1359 ada-

316 1375 475 1416 mavit:
507 1389 532 1415 a
561 1374 740 1417 Sthenio
771 1386 914 1433 petere
945 1377 1098 1433 coepit,
1120 1387 1167 1418 ut
1190 1376 1243 1418 ad
1272 1390 1322 1417 ea
1353 1375 1537 1417 tollenda
1567 1388 1742 1431 operam

315 1446 436 1473 suam
463 1431 745 1487 profiteretur,
768 1448 895 1489 seque
924 1434 1160 1488 adjuvaret.
1221 1433 1423 1475 Sthenius
1444 1447 1544 1475 vero
1565 1447 1650 1474 non
1673 1445 1742 1472 so-

315 1488 402 1530 lum
432 1490 622 1545 negavit,
643 1490 716 1531 sed
746 1491 876 1531 etiam
897 1491 1099 1543 ostendit,
1122 1492 1164 1533 id
1197 1491 1286 1532 fieri
1312 1489 1427 1531 nullo
1448 1490 1578 1532 modo
1599 1503 1740 1546 posse,

314 1555 363 1586 ut
386 1546 508 1601 signa
531 1546 841 1602 antiquissima,
862 1557 1141 1590 monumenta
1173 1548 1222 1589 P.
1253 1547 1462 1599 Africani,
1493 1561 1547 1588 ex
1579 1545 1740 1602 oppido

314 1602 704 1655 Thermitanorum,
736 1604 941 1646 incolumi
973 1605 1045 1647 illa
1076 1606 1252 1647 civitate
1289 1605 1554 1660 imperioque
1590 1601 1740 1660 populi

233 1653 303 1703 35
319 1659 519 1710 Romani,
541 1660 802 1703 tollerentur.
857 1660 1042 1713 Etenim,
1065 1672 1113 1703 ut
1135 1662 1259 1703 simul
1282 1661 1332 1704 P.
1354 1661 1547 1703 Africani
1569 1672 1740 1716 quoque

254 1725 304 1762 86
317 1717 627 1758 humanitatem
648 1727 691 1758 et
713 1718 960 1774 aequitatem
983 1718 1269 1776 cognoscatiS,
1286 1719 1494 1775 oppidum
1513 1717 1738 1759 Himeram

316 1773 698 1830 Karthaginienses
724 1776 940 1832 quondam
962 1785 1185 1833 ceperant3
1215 1778 1330 1832 quod
1355 1775 1494 1817 fuerat
1514 1775 1558 1816 in
1590 1773 1739 1831 primis

353 1890 394 1922 90
407 1888 472 1918 laec
485 1888 708 1929 comparabat]
735 1889 876 1920 Restitui
891 1889 1003 1921 lectio-

311 1939 387 1960 nem
401 1935 557 1967 veterem,
571 1941 630 1970 pro
645 1941 708 1970 qua
730 1942 768 1962 ex
791 1942 857 1962 uno
880 1932 1003 1963 Nannii

312 1971 430 2001 Codice
443 1977 653 2011 compararat
666 1977 830 2013 receptum
844 1978 905 2010 est,
919 1976 1004 2013 quod

312 2019 345 2044 et
361 2014 427 2053 ipsc
441 2019 571 2044 secutus
589 2025 706 2052 essem,
719 2017 744 2046 si
767 2025 902 2054 sequens
925 2016 1006 2048 illud

308 2059 409 2095 prout
422 2055 790 2097 jac-uuatesserebane,
813 2063 1004 2098 pateretur3

315 2107 392 2127 nam
405 2097 437 2128 id
448 2107 515 2128 esse
527 2099 658 2129 deberet
670 2101 827 2137 tulerant,
841 2101 866 2130 si
879 2110 1006 2140 compa·

313 2144 414 2169 ‘rarat
428 2149 502 2170 vera
516 2139 614 2171 lectio
633 2146 715 2171 esset
731 2153 738 2170 t
762 2141 846 2180 quod
860 2142 899 2172 ad
915 2143 1004 2172 futu-

313 2191 364 2211 ras
379 2182 486 2222 copias
510 2184 665 2222 respicere
687 2187 759 2213 tum
775 2193 840 2213 non
863 2189 1003 2224 poterat.

313 2223 359 2254 Et
383 2224 493 2264 paullo
516 2230 602 2264 post,
628 2225 745 2261 verbis,
766 2235 839 2255 cum
865 2231 943 2257 esset
969 2228 1005 2258 z'n

312 2266 391 2296 Asia
406 2267 597 2303 adolescens,
612 2267 694 2297 bene
709 2268 862 2298 convenit
876 2279 1004 2309 compa-

310 2309 421 2344 rabat,
441 2309 495 2339 ubi
518 2309 599 2339 nihil
623 2319 641 2339 e
663 2309 771 2339 codice
794 2319 852 2340 suo
876 2313 1003 2341 notavit

312 2350 475 2387 Nannius‚
505 2356 542 2380 ut
565 2351 627 2381 tibi
654 2352 865 2392 cmnparabae
889 2353 1000 2391 fuisse,

312 2401 378 2424 non
391 2393 531 2423 dubitari
546 2394 657 2433 possit.

353 2437 390 2467 91
416 2436 615 2473 tangebatur
649 2435 774 2475 tamen]
819 2435 891 2466 Hoc
925 2447 1001 2467 cum

312 2476 440 2506 Graevio
463 2478 590 2507 restitui
613 2487 671 2517 pro
693 2478 894 2516 angebatur.-
917 2480 1003 2518 quod

312 2517 471 2549 Gruterus
486 2519 606 2550 edidit:
631 2519 685 2558 qui
701 2519 782 2550 falso
798 2519 888 2557 dicit,
905 2520 1003 2551 Lam-

311 2560 425 2590 binum
439 2563 638 2599 tangebatur
650 2561 738 2599 sequi
751 2567 866 2592 contra
880 2563 957 2593 Mss.
970 2567 1004 2593 et

310 2601 380 2632 edd.
405 2612 480 2632 eum
502 2603 544 2633 sit
566 2607 599 2633 et
621 2604 655 2633 in
679 2603 757 2634 Mss.
781 2609 945 2644 repertum
968 2609 1003 2635 et

310 2644 469 2674 editiones
492 2649 616 2676 veteres
638 2655 751 2675 omnes
773 2655 932 2676 consensu
948 2647 1004 2677 ha-

310 2685 421 2716 beant.
446 2685 589 2717 Primum
600 2688 785 2725 angebatur
794 2687 906 2725 edidit,
917 2688 1003 2727 quod

308 2728 422 2764 seiam,
440 2728 476 2759 C.
493 2728 676 2768 Stephanus
691 2741 697 2758 :
723 2738 781 2759 nec
797 2734 908 2760 tamen
923 2740 999 2760 eum

309 2769 378 2806 alii,
405 2780 432 2800 v.
455 2781 484 2801 c.
517 2769 619 2801 Aldus
644 2770 766 2810 Nepos,
788 2772 892 2802 secuti
911 2776 1000 2802 sunt.

310 2811 457 2843 Graevius
479 2823 606 2851 quoque
621 2812 673 2842 hic
688 2822 753 2842 non
771 2813 910 2853 inspexit
930 2813 1001 2844 edd.

310 2858 390 2884 vett.
403 2854 457 2894 qui
470 2859 602 2886 tautum
616 2863 811 2886 consensum
822 2855 887 2887 Ms.
903 2855 954 2887 Fr.
968 2856 1002 2886 in

1045 1891 1245 1930 tangebatur
1265 1894 1437 1921 memorat.
1479 1889 1567 1921 Tum
1588 1888 1672 1918 bene
1692 1886 1740 1918 la-

1045 1933 1114 1963 tine
1129 1934 1248 1964 dicitur
1263 1933 1357 1971 tangi
1371 1933 1488 1969 dolore,
1503 1936 1543 1962 ut
1557 1929 1737 1961 Lambinus

1045 1974 1157 2005 docuit
1174 1986 1183 2013 3
1211 1976 1291 2014 angi
1305 1975 1410 2005 dolore
1421 1983 1488 2004 non
1502 1979 1570 2004 tam
1586 1976 1738 2002 accurate

1048 2017 1175 2047 dicitur.
1190 2027 1265 2048 nam
1280 2017 1408 2057 proprie
1419 2026 1472 2047 res
1485 2016 1604 2046 dicitur
1615 2022 1740 2052 angere

1047 2058 1228 2096 hominem,
1243 2060 1388 2090 animum
1403 2058 1558 2093 hominis,
1573 2055 1659 2087 unde
1673 2055 1738 2086 ori-

1046 2109 1103 2131 tur
1124 2101 1228 2140 dolor,
1243 2111 1308 2131 non
1325 2101 1413 2130 dolor
1426 2101 1493 2140 ipse
1508 2111 1517 2138 3
1540 2107 1738 2138 quamquam

1048 2143 1161 2173 Cia-ero
1183 2144 1228 2174 sic
1251 2143 1331 2173 dixit
1358 2142 1439 2182 Epp.
1463 2142 1503 2173 ad
1526 2141 1601 2172 Div.
1625 2139 1683 2176 IV,
1705 2141 1738 2176 3,

1045 2185 1118 2215 init.
1138 2186 1199 2216 nisi
1221 2186 1265 2215 ibi
1286 2194 1413 2224 quoque
1435 2185 1530 2222 tangi
1552 2181 1736 2222 legendum.

1045 2227 1090 2257 Et
1105 2232 1155 2257 est
1178 2228 1311 2258 verbum
1333 2227 1414 2266 angi
1429 2226 1530 2257 etiam
1545 2225 1577 2256 h.
1595 2224 1618 2254 l.
1642 2223 1738 2254 vehe-

1045 2270 1202 2307 mentius,
1218 2279 1314 2309 quam
1329 2278 1388 2308 pro
1403 2279 1445 2299 re.
1490 2268 1590 2299 Recte
1605 2266 1739 2296 Lambi-

1046 2320 1106 2341 nus
1118 2312 1197 2342 dicit
1209 2312 1337 2342 literam
1351 2310 1489 2351 primam
1501 2311 1536 2341 in
1545 2308 1673 2347 tangeb.
1683 2307 1739 2339 ab·

1044 2354 1166 2384 sorberi
1193 2354 1336 2394 potuisse
1363 2363 1384 2383 a
1409 2353 1502 2383 finali
1523 2350 1738 2392 praecedentis

1043 2396 1153 2426 verbi:
1176 2395 1262 2435 quod
1284 2395 1464 2435 praesertim
1485 2394 1525 2425 de
1546 2392 1741 2432 antiquiori-

1044 2438 1104 2467 bus
1119 2438 1208 2468 libris
1223 2447 1332 2467 verum
1348 2441 1408 2466 est.

1086 2481 1127 2513 92
1143 2478 1358 2519 pervulgata]
1391 2478 1551 2508 Gruterus
1565 2477 1660 2508 edere
1680 2485 1738 2507 vo-

1044 2520 1108 2551 luit
1130 2525 1318 2561 pervagata
1341 2530 1359 2551 e
1385 2521 1464 2552 Mss.
1485 2525 1646 2559 quatuor:
1680 2518 1737 2550 sed

1045 2573 1153 2602 operae
1178 2573 1244 2593 non
1270 2572 1415 2602 paruere.
1451 2562 1598 2592 Graevius
1621 2566 1737 2592 tamen

1047 2605 1180 2645 recepit,
1194 2605 1248 2644 qui
1260 2609 1294 2635 et
1307 2605 1339 2633 in
1353 2604 1432 2634 Cod.
1446 2604 1497 2634 Fr.
1509 2603 1639 2644 reperit.
1665 2602 1738 2643 Ego

1047 2651 1139 2677 vetus
1155 2648 1359 2687 pervulgata
1380 2646 1516 2683 servavi,
1531 2645 1618 2684 quod
1640 2645 1738 2676 famae

1045 2690 1153 2729 aptius
1177 2692 1240 2725 est,
1268 2689 1448 2728 praesertim
1476 2688 1510 2718 in
1537 2687 1598 2717 hac
1630 2687 1738 2719 forma.

1042 2731 1131 2770 apud
1152 2740 1268 2761 omnes.
1312 2729 1422 2761 Etiam
1435 2729 1510 2760 infr.
1533 2739 1562 2759 c.
1583 2731 1636 2760 42.
1651 2738 1700 2766 re,
1714 2738 1738 2760 a

1043 2777 1074 2803 te
1085 2773 1151 2812 ipso
1157 2774 1361 2812 pervulgata
1374 2772 1446 2802 edd.
1463 2776 1544 2802 vett.
1554 2772 1736 2812 pervulga-

1044 2819 1092 2851 ιιι,
1107 2814 1162 2844 ubi
1177 2814 1435 2845 evidentissimus
1449 2817 1499 2844 est
1512 2823 1612 2844 error.
1649 2813 1735 2845 Cum

1039 2861 1244 2898 pervagatus
1255 2856 1319 2889 dici
1330 2856 1414 2889 solet
1427 2857 1473 2887 ad
1484 2865 1602 2887 omnes.
