1907 3231
613 104 679 146 IN
708 104 756 145 L.
784 102 1135 143 CATILINAM.
1511 106 1592 143 658

151 209 366 263 viderem3
395 223 539 252 carere
567 224 639 252 me
668 211 879 266 adspectu·
905 209 1081 260 civium,
1103 221 1234 264 quam
1263 205 1430 248 infestis
1453 207 1591 250 oculi-s

151 268 347 309 omnium
381 266 575 323 conspici
611 268 807 310 mallem:
849 276 912 319 tu,
950 281 1048 309 cum
1083 265 1348 307 conscientia
1382 265 1590 306 scelerum

149 333 323 366 tuorum
353 339 561 379 agnoscas
594 324 742 366 odium
773 325 968 367 omnium
991 324 1175 380 justum,
1206 330 1250 362 et
1276 321 1371 376 jam
1402 323 1483 363 tibi
1513 323 1589 364 diu

148 381 361 432 debitum,
391 381 579 433 dubitas,
608 396 793 437 quorum
822 392 987 423 mentes
1019 393 1250 434 sensusque
1282 378 1492 430 vulneras,
1516 395 1590 421 eo-

150 453 245 480 rum
265 439 517 494 adspectum
541 439 903 495 praesentiamque
923 440 1086 480 vitare?
1112 437 1156 478 Si
1179 445 1222 477 te
1244 445 1442 492 parentes
1464 437 1590 478 time-

149 505 244 537 rent
264 504 392 550 atque
415 496 607 538 odissent
629 498 708 548 tui,
729 511 868 552 neque
890 511 962 538 eos
988 495 1074 537 ulla
1102 494 1271 536 ratione
1300 493 1468 549 placare
1490 509 1590 549 pos-

149 567 240 605 ses;
272 561 320 595 ut
354 553 523 609 opinor,
555 555 610 595 ab
643 568 792 595 eorum
825 554 961 596 oculis
989 554 1133 607 aliquo
1163 550 1418 593 concederes
1431 568 1444 592 ε.
1473 565 1587 593 nunc
1602 564 1632 593 1‘·
1651 554 1722 583 ¹0¹·

149 618 192 650 te
213 610 366 667 patria,
388 625 486 665 quae
506 611 749 653 communis
770 622 836 652 est
857 611 1051 653 omnium
1080 609 1277 650 nostrum
1307 622 1475 664 parens,
1497 608 1590 649 odit
1601 607 1630 626 ²²·

146 674 197 708 ao
219 668 388 718 metuit,
409 676 453 709 et
467 667 637 723 jamdiu
659 669 712 709 de
736 678 777 709 te
798 669 905 709 nihil
921 668 1106 723 judicat,
1122 670 1162 702 47
1174 666 1257 707 nisi
1282 666 1335 706 de
1358 665 1588 722 parricidio

137 739 228 766 -suo
249 725 457 781 cogitare.
491 725 637 782 Hujus
660 735 707 766 tu
728 740 867 781 neque
888 725 1191 766 auctoritatem
1213 724 1429 775 verebere,
1451 737 1590 779 neque

144 781 362 838 judicium
403 797 592 838 sequere,
633 797 774 837 neque
815 783 903 823 vim
941 781 1243 838 pertimesces?
1293 795 1392 836 quae
1430 790 1589 833 tecum,
1605 788 1655 822 18

152 838 356 891 Catilina,
379 840 441 881 sic
463 840 570 896 agit,
591 848 635 880 et
654 839 976 894 quodammodo
1001 839 1134 880 tacita
1154 838 1358 892 loquitur.
1412 838 1592 879 Nullum

149 897 315 952 aliquot
329 897 425 952 jam
445 897 568 939 annis
589 897 756 937 facinus
779 897 964 948 exstitit,
987 896 1068 936 nisi
1091 909 1166 952 per
1188 904 1256 936 te:
1282 893 1446 935 nullum
1469 897 1594 952 flagi-

152 955 261 996 tium
283 955 374 995 sine
397 964 466 996 te:
500 954 578 995 tibi
602 955 677 994 uni
701 954 937 995 multorum
959 954 1120 995 civium
1150 966 1292 1003 neces,
1314 952 1394 993 tibi
1419 954 1593 994 vexatio

149 1012 422 1068 direptioque
444 1011 660 1052 sociorum
680 1011 895 1068 impunita
915 1011 1000 1052 fuit
1021 1026 1071 1052 ac
1092 1010 1251 1051 libera:
1278 1019 1324 1050 tu
1346 1024 1433 1050 non
1455 1010 1593 1051 solum

150 1069 205 1110 ad
229 1069 509 1125 negligendas
539 1069 655 1124 leges
686 1084 736 1110 ac
766 1069 1044 1124 quaestiones,
1067 1082 1215 1109 verum
1237 1067 1368 1107 etiam
1399 1067 1455 1109 ad
1475 1082 1595 1109 ever-

151 1126 300 1167 tendas
322 1125 733 1182 perfringendasque
755 1126 941 1168 valuisti.
974 1126 1204 1181 Superiora
1224 1124 1310 1175 illa,
1333 1139 1595 1181 quamquam

149 1182 326 1224 ferenda
355 1198 444 1224 non
474 1184 664 1235 fuerunt,
686 1192 845 1234 tamen,
871 1192 916 1225 ut
947 1184 1086 1240 potui,
1111 1182 1214 1223 tuli:
1246 1196 1362 1223 nunc
1394 1197 1496 1224 vero
1526 1197 1599 1223 me

150 1250 289 1282 totam
311 1255 402 1282 esse
424 1241 468 1282 in
491 1249 609 1282 metu
633 1251 809 1298 propter
832 1252 873 1282 te
895 1256 1054 1282 unum:
1087 1239 1296 1295 quidquid
1318 1239 1596 1295 increpuerit,

153 1298 388 1340 Catilinam
410 1299 576 1341 timeri:
608 1299 772 1340 nullum
804 1299 939 1340 videri
967 1308 1118 1339 contra
1146 1312 1215 1337 me
1236 1297 1464 1338 consilium
1496 1298 1595 1338 iniri

148 1370 290 1413 posse,
329 1356 445 1411 quod
478 1372 503 1398 a
535 1365 610 1397 tuo
650 1356 808 1398 scelere
844 1356 1097 1407 abhorreat3
1128 1370 1216 1396 non
1252 1363 1318 1396 est
1353 1354 1593 1396 ferendum.

153 1413 450 1460 Quamobrem
502 1414 689 1466 discede,
730 1424 859 1468 atque
902 1414 1015 1454 hunc
1056 1412 1164 1453 mihi
1205 1412 1406 1453 timorem
1447 1413 1593 1468 eripe:

149 1473 191 1502 48
207 1471 242 1511 si
263 1481 329 1512 est
350 1485 488 1522 verus,
506 1485 561 1511 ne
583 1471 830 1527 opprimar3
851 1471 916 1511 sin
935 1471 1080 1521 falsus,
1098 1479 1148 1510 ut
1169 1470 1342 1510 tandem
1363 1469 1594 1526 aliquando

151 1527 304 1569 timere
332 1528 542 1569 desinam.
602 1528 716 1570 Haec
747 1529 781 1568 si
812 1537 971 1578 tecum,
992 1537 1042 1569 ut
1071 1527 1179 1578 dixi,
1210 1527 1350 1583 patria
1380 1527 1641 1582 loquatur,8

151 1599 295 1627 nonne
322 1585 552 1642 impetrare
574 1586 743 1636 debeat,
766 1586 935 1627 etiamsi
957 1586 1045 1626 vim
1077 1584 1282 1625 adhibere
1311 1598 1400 1627 non
1431 1585 1657 1641 possit?19

153 1643 302 1690 Quid?
333 1643 449 1698 quod
479 1653 527 1684 tu
559 1654 601 1684 te
631 1644 724 1699 ipse
753 1643 798 1684 in
820 1644 1063 1685 custodiam
1089 1642 1270 1683 dedisti?
1301 1642 1434 1697 quid?
1464 1643 1597 1698 quod,

153 1700 343 1743 vitandae
375 1701 632 1756 suspicionis
663 1715 806 1752 causa,
838 1701 952 1757 apud
986 1700 1053 1741 M.
1089 1700 1300 1756 Lepidum
1331 1709 1373 1740 te
1404 1699 1599 1741 habitare

152 1757 261 1799 velle
282 1757 461 1800 dixisti?
491 1773 518 1799 a
538 1773 624 1813 quo
646 1772 735 1799 non
756 1768 969 1815 receptus,
985 1759 1117 1799 etiam
1139 1757 1191 1799 ad
1214 1771 1283 1798 me
1304 1756 1448 1798 venire
1469 1772 1598 1799 ausus

153 1829 223 1857 es:
256 1824 400 1871 atque,
423 1825 472 1856 ut
492 1815 611 1857 domi
632 1830 741 1857 meae
774 1826 816 1857 te
846 1830 1120 1866 asservarem,
1144 1814 1322 1871 rogasti.
1345 1829 1444 1855 cum
1475 1831 1501 1855 a
1530 1830 1599 1857 me

152 1887 327 1928 quoque
356 1873 400 1914 id
421 1888 674 1929 responsum
696 1873 878 1924 tulisses,
899 1888 968 1914 me
997 1873 1114 1914 nullo
1137 1872 1268 1914 modo
1292 1887 1417 1928 posse
1446 1872 1600 1914 iisdem

154 1930 392 1986 parietibus
424 1940 519 1972 tuto
549 1945 640 1972 esse
670 1940 829 1982 tecum,
859 1932 933 1987 qui
964 1945 1124 1987 magno
1156 1931 1200 1971 in
1230 1929 1422 1986 periculo
1446 1944 1598 1982 essem,

135 1988 271 2043 2quod
293 1988 446 2029 iisdem
467 1989 689 2030 moenibus
711 1989 1054 2040 contineremur3
1087 1988 1141 2030 ad
1163 1988 1221 2034 Q.
1237 1987 1466 2029 'Metellum
1489 2002 1601 2043 prae-

136 2055 295 2087 ctorem
329 2046 498 2087 venisti.
530 2061 556 2086 a
584 2061 670 2102 quo
703 2047 966 2102 repudiatus,
993 2047 1046 2087 ad
1077 2046 1263 2087 sodalem
1298 2054 1437 2095 tuum,
1459 2047 1600 2086 virum

155 2103 387 2159 optimum,
411 2103 479 2145 M.
504 2102 761 2146 Marcellum
782 2105 1058 2160 demigrasti:
1090 2118 1218 2159 quem
1250 2113 1297 2144 tu
1328 2102 1530 2143 videlicet
1558 2112 1604 2144 et

155 2160 210 2202 ad
230 2161 563 2202 custodiendum
586 2170 628 2202 te
649 2161 1045 2218 diligentissimum,
1067 2172 1111 2202 et
1132 2161 1185 2202 ad
1207 2161 1513 2217 suspicandum
1537 2175 1603 2201 sa-

156 2218 452 2274 gacissimum,
481 2227 526 2259 et
555 2219 607 2260 ad
640 2219 948 2260 vindicandum
980 2219 1266 2260 fortissimum
1298 2217 1390 2259 fore
1423 2218 1601 2275 putasti.

156 2275 243 2316 Sed
273 2290 403 2331 quam
435 2276 564 2333 longe
588 2276 757 2332 videtur
787 2291 812 2318 a
832 2291 1003 2318 carcere
1033 2287 1163 2332 atque
1193 2291 1218 2317 a
1238 2275 1421 2317 vinculis
1453 2276 1645 2321 abesseb,

156 2333 328 2385 debere,
359 2336 401 2368 49
414 2333 487 2389 qui
527 2348 572 2374 se
609 2334 701 2390 ipse
735 2334 830 2390 jam
863 2335 1045 2391 dignum
1081 2333 1279 2376 custodia
1309 2333 1601 2388 judicaverit?

156 2390 271 2438 Quae
301 2405 402 2433 cum
422 2391 485 2432 ita
506 2391 606 2443 sint,
630 2390 833 2445 Catilina,
855 2392 1042 2444 dubitas,
1065 2395 1106 2424 50
1119 2392 1153 2433 si
1184 2391 1256 2432 hic
1285 2390 1444 2432 morari
1476 2405 1601 2447 aequo
1612 2402 1665 2438 ρο

197 2524 240 2556 47
261 2522 326 2553 nisi
348 2523 388 2554 de
403 2522 586 2563 parricidio
610 2533 636 2553 s.
661 2521 704 2562 e.]
729 2524 782 2554 An
805 2534 859 2555 ex·
945 2526 985 2555 50
1007 2524 1034 2555 si
1050 2524 1102 2554 hie
1116 2511 1240 2554 morari
1262 2530 1348 2563 oequo
1362 2532 1395 2553 α.
1409 2532 1443 2553 n.
1461 2522 1512 2563 p.]
1539 2522 1608 2554 Ne-

157 2563 238 2594 cidit
253 2568 285 2595 te
297 2570 372 2605 post
385 2566 471 2596 niti?
493 2565 580 2596 Ante
595 2571 645 2596 est
659 2566 698 2596 de
712 2570 756 2603 to,
771 2576 860 2597 nunc
902 2566 982 2604 scio,
1005 2577 1064 2597 cui·
1087 2567 1121 2597 in
1143 2567 1206 2596 hoc
1233 2566 1333 2595 verbo
1355 2566 1481 2596 morari
1503 2565 1608 2596 haese-

158 2607 254 2637 tede.
902 2609 971 2640 rint
995 2609 1056 2640 viri
1082 2609 1184 2645 docti,
1207 2609 1432 2647 atquesemori
1452 2608 1607 2647 praetule·

199 2651 241 2679 48
263 2649 291 2678 si
304 2649 413 2690 verus]
432 2649 609 2680 Graeviuse
625 2649 705 2681 Mss.
722 2651 808 2681 suis:
831 2652 860 2681 si
901 2651 983 2690 rint,
1009 2657 1048 2681 ut
1075 2656 1109 2682 et
1133 2651 1282 2682 Graevius
1304 2650 1392 2681 feeit.
1436 2650 1515 2680 Non
1533 2651 1608 2689 jam

157 2694 205 2737 ²:³²
214 2700 321 2722 verus.
331 2698 429 2730 recte.
441 2692 604 2731 Cogitavi,
615 2693 642 2722 si
652 2695 862 2723 verum-—sin
903 2698 955 2724 est
972 2703 1080 2724 sermo
1096 2692 1135 2724 de
1157 2698 1277 2730 morte,
1293 2702 1365 2732 quae
1388 2702 1482 2731 aequo
1496 2694 1608 2722 animo

146 2733 297 2771 Jalsurn.
340 2734 403 2775 Sed
424 2735 537 2765 durius
560 2735 595 2766 in
617 2735 680 2766 hoc
702 2739 862 2767 contextu
904 2736 1074 2771 subeatur,
1090 2735 1146 2765 sed
1167 2735 1207 2766 de
1228 2735 1310 2772 vita,
1325 2745 1398 2774 quae
1421 2744 1514 2774 aequo
1538 2735 1608 2764 ani-

159 2774 300 2806 videtur.
905 2788 974 2815 mo,
997 2781 1133 2819 propter
1154 2777 1211 2808 illa
1232 2781 1305 2809 tam
1327 2778 1435 2809 multa
1449 2778 1561 2808 odiosa
1575 2782 1610 2806 et

201 2819 243 2850 49
265 2818 321 2857 qui
346 2828 380 2849 se
405 2817 767 2860 ‘clusum—judicaverit]
798 2819 863 2851 Hic
906 2820 1059 2857 molesta,
1074 2822 1128 2860 agi
1151 2830 1219 2850 non
1243 2821 1364 2861 possit:
1388 2825 1421 2851 et
1438 2820 1540 2849 vitam
1555 2828 1610 2849 ur-

159 2868 286 2900 quoque
302 2861 531 2901 corrigendum
546 2871 579 2892 se
592 2863 670 2904 ipse,
686 2867 726 2894 ut
739 2872 848 2904 supra.
904 2863 1026 2896 bairam
1047 2863 1164 2896 suadet
1191 2873 1269 2895 eum
1295 2863 1443 2895 solitaria
1463 2871 1611 2893 commu·
