1907 3231
335 137 411 172 302
795 157 799 160 -
853 135 942 180 JN
969 129 1243 175 VERREM

336 236 417 289 Tu,
440 253 538 280 cum
569 239 796 282 civitatum
818 240 977 283 Siciliae
999 240 1130 297 vulgo
1160 253 1288 281 omne
1318 237 1581 282 frumentum
1604 238 1770 296 imprp-¹

337 294 427 345 bas,
460 310 561 337 num
590 311 645 338 ex
683 296 894 354 AEgypto‚
925 307 1000 338 aut
1030 311 1087 339 ex
1122 297 1246 352 Syria
1277 296 1542 338 frumentum
1578 295 1765 338 Romam

336 352 501 396 mittis?
542 353 767 410 improbas
805 354 1075 404 Halesinum,
1113 353 1538 409 Cephaloeditanum,
1568 352 1765 395 Thermi-

206 416 238 447 1³-
257 409 500 460 187·tanum‚
534 410 889 462 Amestratinum,
921 410 1279 467 Tyndaritanum,
1312 410 1588 462 Herbitense,
1611 409 1765 451 multa-

293 459 323 481 ³·
335 481 428 507 rum
450 478 657 523 praeterea
686 469 928 510 civitatum.
991 467 1109 514 Quid
1132 468 1292 510 accidit
1322 469 1510 519 tandem,
1532 477 1580 509 ut
1610 466 1764 509 horum

334 526 592 581 populorum
621 526 711 580 agri
744 525 1005 566 frumentum
1041 524 1268 578 ejusmodi,
1291 535 1333 566 te
1362 536 1562 582 praetore,
1590 523 1764 576 ferrent,

333 583 448 636 quod
483 597 714 637 numquam
745 589 884 632 antea,
920 590 968 622 ut
1000 595 1138 636 neque
1172 581 1291 632 mibi,
1328 596 1466 637 neque
1499 582 1595 633 tibi,
1624 595 1765 637 neque

332 639 494 695 populo
519 639 716 679 Romano
742 648 884 694 posset
916 638 1103 696 probari,
1126 638 1364 694 praesertim
1393 654 1492 680 cum
1524 653 1580 681 ex
1612 637 1763 680 iisdem

333 696 461 751 agris,
498 696 776 750 ejusdemque
820 696 918 737 anni
963 695 1224 736 frumentum
1256 710 1309 736 ex
1345 696 1535 737 decumis
1576 695 1763 737 Romam

331 753 550 808 mancipes
574 753 877 794 advexissent?
909 753 1011 808 quid
1034 752 1262 803 acciderat,
1287 760 1333 794 ut
1355 767 1408 793 ex
1431 754 1582 794 eodem
1604 753 1760 795 horreo

333 809 617 850 decumanum
659 811 926 866 probaretur,
966 820 1159 867 emptum
1198 824 1284 850 non
1320 810 1598 866 probaretur?
1668 809 1762 852 Du-

335 866 510 907 biumne
526 877 605 918 est,
637 868 740 922 quin
769 868 853 908 ista
875 868 1014 908 omnis
1047 867 1306 924 improbatio
1339 868 1545 924 cogendae
1568 867 1762 923 pecuniae

248 928 321 967 173
335 938 463 965 causa
483 934 584 965 nata
602 925 655 965 sit
672 927 685 966 ?
745 924 873 966 Esto:
906 924 1122 980 improbas
1141 924 1417 966 Halesinum:
1450 924 1582 966 habes
1603 925 1658 965 ab
1676 924 1760 966 alio

333 982 509 1037 populo,
543 982 657 1037 quod
691 983 858 1037 probeS.
890 995 984 1022 eme
1014 981 1131 1032 illud,
1165 982 1281 1037 quod
1312 982 1476 1038 placet:
1508 982 1660 1022 missos
1691 981 1760 1023 fac

331 1052 421 1089 θος,
444 1053 625 1094 quorum
658 1039 921 1079 frumentum
944 1039 1214 1094 improbasti.
1276 1038 1359 1080 Sed
1391 1040 1445 1080 ab
1476 1039 1543 1090 iis,
1564 1053 1673 1094 quos
1694 1052 1759 1079 re-

335 1097 502 1151 pudias,
535 1096 676 1152 exigis
709 1096 1119 1151 tantum‘pecuniae,
1151 1105 1360 1150 quantum
1389 1097 1443 1137 ad
1474 1110 1573 1137 eum
1610 1110 1761 1137 nume-

331 1167 424 1193 rum
447 1153 650 1194 frumenti
673 1153 774 1194 satis
798 1153 866 1203 sit,
889 1168 1015 1208 quem
1038 1153 1204 1194 civitati
1228 1153 1425 1209 imperas.
1469 1152 1663 1194 Dubium
1680 1163 1759 1204 est,

329 1211 432 1265 quid
456 1211 621 1267 egeris?
683 1210 734 1251 In
754 1211 970 1252 medimna
993 1210 1162 1266 singula
1184 1209 1309 1251 video
1326 1225 1380 1251 ex
1404 1210 1556 1251 litteris
1574 1210 1759 1266 publicis

329 1268 410 1308 tibi
436 1268 664 1309 Halesinos
688 1267 787 1316 H-S
810 1268 963 1324 quinos
985 1268 1116 1308 denos
1137 1268 1318 1308 dedisse.
1362 1267 1599 1309 Ostendam
1617 1281 1671 1308 ex
1694 1276 1760 1308 ta-

296 1325 443 1383 „bulis
471 1325 904 1381 locupletissimorum
938 1334 1168 1376 aratorum,
1211 1325 1362 1366 eodem
1396 1334 1590 1382 tempore
1620 1325 1755 1365 nemi-

248 1370 318 1429 70
331 1397 428 1424 nem
451 1383 493 1423 in
517 1383 665 1424 Sicilia
685 1382 815 1439 pluris
838 1382 1100 1424 frumentum
1123 1383 1378 1423 vendidisse.
1427 1383 1540 1430 Quae
1561 1391 1627 1423 est
1650 1395 1755 1438 ergo

331 1441 413 1481 ista
434 1441 557 1492 ratio,
589 1449 663 1481 aut
692 1455 789 1495 quae
819 1440 964 1496 potius
995 1440 1196 1490 amentia,
1220 1439 1481 1481 frumentum
1513 1440 1773 1496 improbare*

329 1498 388 1549 id,
411 1498 526 1552 quod
548 1512 602 1538 ex
625 1512 676 1538 eo
698 1498 793 1539 loco
817 1499 886 1548 sit,
907 1512 962 1538 ex
984 1512 1070 1552 quo
1100 1507 1270 1538 senatus
1304 1507 1347 1538 et
1377 1496 1560 1554 populus
1597 1496 1759 1538 Roma-

328 1569 408 1595 nus
439 1556 522 1595 emi
547 1554 753 1596 voluerit:
786 1569 840 1596 ex
863 1569 914 1595 eo
945 1568 1114 1604 acervo,
1147 1568 1201 1595 ex
1234 1569 1320 1610 quo
1352 1564 1515 1610 partem
1548 1563 1591 1594 tu
1628 1553 1755 1604 idem,

328 1612 603 1653 decumarum
636 1613 823 1662 nomine,
857 1612 1074 1668 probaris:
1107 1611 1261 1652 deinde
1292 1627 1316 1652 a
1345 1611 1594 1652 civitatibus
1626 1625 1757 1667 pecu-

326 1670 433 1720 nias,
458 1670 510 1710 ad
542 1670 770 1711 emendum
802 1668 1081 1719 frumentum,
1104 1682 1274 1724 cogere,
1296 1682 1395 1709 cum
1423 1683 1478 1709 ex
1510 1668 1661 1710 aerario
1683 1682 1754 1709 ac-

326 1727 517 1782 ceperis?
550 1727 705 1768 Utrum
729 1734 771 1767 te
793 1726 860 1766 lex
884 1725 1085 1767 Terentia
1102 1725 1343 1767 Siculorum
1365 1725 1546 1781 pecunia
1562 1725 1753 1766 frumen-

326 1793 416 1824 tum
439 1798 577 1824 emere
598 1799 622 1824 a
645 1783 812 1834 Siculis,
830 1798 883 1824 an
899 1783 1047 1839 populi
1072 1783 1257 1824 Romani
1287 1783 1470 1840 pecunia
1491 1782 1755 1823 frumentum

233 1849 311 1886 ,174
325 1842 378 1881 ab
402 1841 555 1882 Siculis
578 1855 717 1882 emere
732 1841 890 1896 jussit?
919 1840 1019 1883 Jam
1041 1855 1141 1881 vero
1161 1840 1215 1882 ab
1238 1840 1320 1881 isto
1343 1854 1516 1881 omnem
1548 1838 1664 1880 illam
1696 1853 1751 1880 ex

324 1899 474 1939 aerario
507 1899 750 1955 pecuniam,
783 1912 912 1953 quam
953 1897 1020 1938 his
1051 1898 1245 1953 oportuit
1275 1897 1524 1938 civitatibus
1556 1910 1633 1952 pro
1663 1895 1753 1937 fru-

319 1966 467 1996 mento
497 1956 603 2007 dari,
631 1955 898 1996 lucrifactam
932 1954 1101 1996 videtis.
1133 1955 1293 2011 accipis
1322 1954 1436 1996 enim
1460 1954 1559 1995 H-S
1583 1967 1647 1993 xv
1671 1968 1751 2010 pro

319 2013 554 2053 medimno,
586 2016 625 2047 77
642 2013 750 2053 tanti
779 2013 894 2053 enim
916 2021 981 2052 est
1011 2011 1082 2053 illo
1120 2021 1312 2068 tempore
1335 2012 1617 2053 medimnum.
1649 2010 1751 2051 reti-

319 2084 394 2110 nes
410 2070 508 2111 H-S
524 2085 674 2111 xv111.
699 2070 805 2110 tanti
825 2070 940 2110 enim
962 2078 1028 2110 est
1049 2068 1313 2110 frumentum
1334 2069 1557 2110 Siciliense
1578 2081 1633 2108 ex
1656 2067 1752 2124 lege

272 2128 595 2169 b.aestimatum.
658 2127 776 2174 Quid
799 2127 976 2167 interest
996 2135 1139 2167 utrum
1172 2126 1256 2167 hoc
1286 2125 1452 2178 feceris,
1474 2140 1528 2166 an
1559 2124 1766 2166 frumen-⁷

316 2194 408 2225 tum
432 2199 514 2225 non
540 2185 810 2240 improbans,
833 2184 905 2225 sed
929 2184 1145 2224 frumento
1168 2184 1351 2240 probato
1382 2192 1426 2224 et
1455 2191 1650 2239 accept0‚
1673 2196 1750 2238 pe-

313 2243 487 2282 cuniam
521 2242 738 2298 publicam
778 2241 964 2282 tenueris
995 2255 1185 2292 omnem,
1224 2255 1362 2295 neque
1399 2240 1635 2296 quidquam
1675 2239 1751 2280 ulli

313 2299 558 2340 dissolveris
598 2299 781 2349 civitati,
814 2313 912 2339 cum
945 2298 1176 2339 aestimatio
1207 2297 1314 2354 legis
1354 2297 1568 2353 ejusmodi
1601 2296 1671 2347 sit,
1702 2306 1751 2336 ut

312 2357 465 2398 ceteris
489 2357 756 2412 temporibus
780 2355 1012 2396 tolerabilis
1033 2354 1203 2406 Siculis,
1219 2365 1259 2395 te
1274 2366 1459 2411 praetore
1478 2354 1609 2395 etiam
1623 2362 1748 2409 grata

309 2427 401 2455 esse
423 2414 643 2454 debuerit?
688 2412 764 2454 Est
796 2414 910 2454 enim
946 2413 1115 2454 modius
1146 2412 1239 2468 lege
1263 2412 1363 2453 H-S
1392 2425 1451 2454 111
1492 2411 1746 2452 aestimatus.

309 2471 394 2512 fuit
416 2481 574 2521 autem,
599 2481 640 2511 te
671 2480 871 2527 praetore,
894 2479 942 2510 ut
965 2479 1010 2510 tu
1034 2470 1076 2510 in
1101 2469 1245 2510 multis
1276 2468 1469 2525 epistolis
1502 2467 1554 2509 ad
1585 2467 1768 2508 amicos.

309 2539 406 2570 tuos
445 2527 656 2583 gloriaris,
701 2527 799 2578 H-S
838 2542 892 2569 11.
966 2526 1049 2568 Sed
1090 2526 1220 2567 fuerit
1263 2526 1362 2567 H-S
1407 2539 1486 2567 111.
1539 2524 1755 2578 quoniam.

308 2597 354 2626 tu
379 2594 546 2626 tantum
566 2600 590 2625 a
611 2585 862 2626 civitatibus
884 2585 928 2625 in
949 2584 1115 2625 modios
1139 2583 1329 2639 singulos
1344 2581 1547 2637 exegisti.
1571 2595 1687 2632 cum,
1711 2581 1745 2621 si

308 2642 493 2684 solveres
517 2642 672 2683 Siculis
697 2652 880 2694 tantum,
902 2650 1114 2697 quantum
1136 2651 1178 2681 te
1201 2639 1384 2697 populus
1408 2639 1632 2680 Romanus
1647 2638 1744 2693 jus-

347 2770 385 2801 77
404 2767 490 2797 tanti
504 2776 529 2796 e.
545 2771 591 2796 est
605 2767 661 2796 illo
672 2766 838 2807 temp.m.]
864 2766 1003 2797 Videtur
1044 2764 1303 2800 demonstrabat,
1329 2774 1361 2793 v.
1385 2773 1413 2793 c.
1437 2765 1495 2800 813
1532 2766 1590 2793 aut
1615 2762 1744 2798 Cicero,

305 2808 482 2848 legendum
495 2813 578 2839 erac.
606 2808 638 2838 Si
662 2809 832 2849 vulgatum
847 2814 896 2838 est
914 2819 932 2839 a
948 2808 1002 2838 Ci-
1045 2809 1099 2846 qui
1114 2807 1232 2846 accipis
1252 2804 1335 2836 dixit
1356 2814 1416 2845 pro
1429 2805 1591 2844 accepisti,
1606 2805 1636 2837 ei
1657 2808 1745 2835 texu-

307 2861 436 2887 eerone,
452 2850 705 2890 intelligendum
715 2852 750 2881 in
758 2851 879 2881 tabulis
894 2856 1001 2880 arato·
1046 2860 1106 2891 pus
1121 2850 1156 2882 in
1171 2849 1233 2881 hoc
1247 2847 1518 2881 accommodavit.

309 2903 381 2925 rum
396 2900 429 2925 et
441 2893 705 2934 publicanorum,
728 2893 813 2925 unde
828 2902 872 2924 sc.
887 2893 1001 2925 Cicero
