1907 3231
677 102 795 143 PRO
820 103 868 147 A.
896 101 1147 141 CAECINA.
1555 105 1634 140 485

182 198 407 262 dejecerit.
465 205 536 249 Ad
557 206 654 249 haec
675 209 763 251 duo
784 222 941 265 genera
963 221 1118 258 rerum,
1141 221 1276 253 unum
1301 206 1493 258 verbum,
1515 207 1633 263 quod

184 265 290 305 satis
310 265 548 307 declararet
567 274 770 322 utrasque
791 281 873 318 ΓΕΒ,
895 267 1174 310 invenerunt:
1210 274 1270 314 ut,
1290 264 1380 305 sive
1401 279 1455 306 ex
1479 265 1630 314 fundo,

183 321 276 363 sive
303 338 329 364 a.
357 322 493 364 fundo
522 323 718 379 deJ'ectus
749 339 903 376 essem,
929 338 1026 364 uno>
1049 332 1179 378 atque
1211 322 1364 363 eodem
1397 321 1628 373 interdicto

182 380 442 431 restituerer,
468 394 607 422 UNDE
639 395 718 423 Tu.
781 382 882 423 Hoc
905 382 1100 432 verbum,
1125 393 1279 432 UNDE,
1304 387 1533 435 utrumque
1555 380 1629 421 de-

181 435 416 479 clarat2et
445 453 500 479 ex
532 453 619 494 quo
650 440 762 490 loco,
783 450 828 481 et
858 455 882 480 a
911 454 997 495 quo
1019 439 1131 480 loco.
1197 437 1318 479 Unde
1347 436 1541 491 dejectus
1563 445 1629 478 est

182 492 352 537 Cinna?
381 509 439 536 ex
463 496 582 537 urbe.
642 497 820 539 eaUnde
849 497 1115 552 dejectussst?
1146 497 1200 537 ab
1224 496 1343 536 urbe.
1411 494 1532 536 Unde
1554 494 1627 537 de-

162 548 280 605 ,jecti
309 552 469 595 «Gall-i?
500 569 525 595 a
561 554 798 612 Capitolio.
859 555 1002 606 Unde,
1043 554 1117 609 qui
1156 568 1255 595 cum
1293 551 1497 593 Graccho
1533 552 1624 598 fue-

175 611 303 653 runt?
334 624 390 651 ex
414 610 652 668 Capitolio.
712 612 880 654 Videtis
911 613 1060 668 igitur,
1085 611 1167 667 hoe
1193 626 1278 652 uno
1302 611 1434 652 verbo
1457 609 1623 667 signifi·
1634 614 1685 648 88

156 667 262 710 ‚cari
286 682 351 708 res
373 667 493 720 duas,
515 680 559 712 et
578 685 635 711 ex
657 686 759 726 quo,
781 680 827 711 et
847 685 872 710 a
893 685 980 724 quo
1004 669 1115 710 loco.
1178 668 1292 710 Cum
1318 678 1461 710 autem
1484 682 1536 709 eo
1557 682 1623 708 re-
1635 675 1665 704 P·
1683 665 1756 695 302.

166 723 456 780 stituijubet,
479 727 710 784 itajubet:
742 737 804 779 ut,
827 727 860 767 si
886 727 1001 768 Galli
1036 742 1061 767 a
1090 726 1328 781 majoribus
1357 726 1514 767 nostris
1546 717 1664 782 po-a‘

160 781 396 835 rotularem,
418 793 467 825 ut
488 799 539 826 eo
559 787 900 835 restituerentur,
923 784 1037 825 unde
1058 784 1217 838 dejecti
1239 792 1397 834 essent,
1415 794 1459 824 et
1481 783 1625 840 aliqua

153 839 216 880 ἀντὶ
249 840 334 885 hoc
364 843 536 898 assequi
568 851 768 899 possent:
801 856 904 892 non,
933 841 1103 897 opinor,
1125 856 1198 882 eos
1231 842 1328 882 89in
1357 841 1623 892 cuniculum,

168 907 262 952 qua>
276 901 468 955 aggressi
488 910 628 952 erant,
647 901 720 942 sed
737 900 780 941 in
802 899 1070 955 Capitolium
1091 899 1257 940 restitui
1282 907 1515 955 oporteret.
1539 899 1623 941 hoc

166 956 285 997 enim
311 957 584 1015 intelligitur.
619 971 755 1000 UNDE
790 971 851 998 'ru
879 970 1158 1008 DEJECISTI,
1182 957 1272 998 sive
1305 971 1359 997 ex
1393 971 1479 1011 quo
1508 957 1621 1009 loco,

166 1013 259 1055 sive
288 1017 578 1070 aquo-loco:
614 1030 676 1057 Eo
704 1028 995 1056 RESTITUAS.
1025 1014 1110 1056 hoc
1136 1014 1232 1070 jam
1266 1014 1451 1070 simplex
1474 1025 1552 1066 est,
1577 1015 1621 1056 in

152 1084 266 1114 veum
287 1071 432 1114 locum
455 1073 681 1116 restituas:
715 1074 804 1115 sive
826 1087 880 1113 ex
904 1073 989 1114 hoc
1020 1073 1116 1113 loco
1139 1072 1351 1128 dejecisti,
1373 1072 1552 1113 restitue
1573 1073 1619 1115 in

163 1127 282 1170 hunc
313 1128 483 1174 locum:
517 1131 606 1173 sive
638 1132 692 1173 ab
714 1132 798 1172 hoc
824 1130 936 1182 loco,
960 1131 1137 1171 restitue
1161 1131 1202 1171 in
1226 1145 1322 1172 eum
1348 1130 1507 1182 locum,
1530 1145 1619 1173 non

162 1200 219 1228 ex
242 1201 345 1242 quo,
368 1189 441 1230 sed
467 1205 492 1230 a
513 1204 599 1245 quo
622 1189 817 1245 dejectus
841 1199 919 1229 est.
984 1188 1043 1230 Ut
1073 1188 1106 1229 si
1130 1189 1203 1244 qui
1227 1204 1280 1229 ex
1304 1188 1407 1239 alm,
1431 1203 1530 1229 cum
1563 1189 1618 1232 ad

145 1245 348 1300 patriam
380 1249 646 1298 accessisset,
669 1255 925 1303 tempestate
956 1246 1100 1287 subito
1128 1246 1313 1301 rejectus
1345 1255 1529 1302 optaret,
1553 1257 1616 1298 ut,
1649 1270 1651 1273 ·

161 1317 262 1344 cum
294 1313 408 1345 esset
437 1321 463 1347 a
493 1306 631 1361 patria
663 1305 872 1360 dejectus,
894 1319 945 1345 eo
969 1304 1289 1346 restitueretur:
1324 1304 1422 1355 hoc,
1444 1304 1615 1359 opinor,

160 1371 348 1416 optaret,
372 1371 434 1414 ut,
465 1378 491 1403 a
523 1378 610 1428 Quo
642 1363 739 1404 loco
768 1362 972 1418 depulsus
1002 1374 1128 1414 esset,
1162 1362 1205 1402 in
1236 1377 1335 1402 eum
1366 1376 1411 1402 se
1439 1361 1616 1405 fortuna

157 1419 418 1471 restitueret,
440 1435 527 1462 non
551 1436 595 1461 m
619 1421 771 1471 salum,
794 1419 866 1460 sed
899 1420 943 1460 in
975 1420 1113 1476 ipsam
1144 1421 1310 1470 urbem,
1332 1434 1462 1475 quam
1496 1429 1615 1476 pete-

158 1475 258 1517 bat:
292 1477 369 1528 sic,
407 1479 635 1533 (quoniam
669 1479 756 1520 vim
794 1477 1022 1519 verborum
1055 1478 1296 1518 necessario
1331 1476 1614 1519 similitudine

154 1547 294 1575 rerum
328 1538 631 1592 aucupamur,)
662 1536 737 1591 qui
770 1535 974 1591 postulat,
1008 1545 1071 1585 ut,
1107 1550 1132 1576 a
1164 1550 1250 1590 quo
1282 1534 1378 1576 loco
1411 1535 1606 1590 dejectus

152 1599 233 1642 est,
257 1590 340 1633 hoc
362 1602 442 1644 est,
464 1594 579 1635 unde
601 1594 796 1649 dejectus
818 1602 897 1644 est,
919 1596 1021 1634 90eo
1042 1593 1316 1645 restituatur3
1351 1592 1433 1647 hoc
1457 1603 1606 1648 postu-

152 1648 226 1701 lat,
252 1658 300 1691 ut
320 1650 365 1692 in
386 1666 484 1692 eum
510 1651 652 1708 ipsum
674 1651 819 1693 locum
842 1651 1108 1693 restituatur.
1162 1650 1275 1692 Cum
1300 1648 1432 1692 verba
1455 1665 1530 1692 nos
1552 1665 1603 1692 eo
1617 1645 1685 1694 31

150 1707 333 1759 ducunt,
364 1718 457 1750 tum
477 1723 557 1753 ,res
589 1709 684 1766 ipsa
712 1709 796 1750 hoc
831 1709 989 1751 sentire
1025 1719 1155 1764 atque
1189 1708 1430 1765 intelligere
1468 1710 1668 1765 cogit.89

138 1763 345 1817 .Etenim‚
385 1767 503 1819 Piso,
541 1768 689 1821 (redeo
722 1782 839 1809 nunc
879 1768 934 1809 ad
975 1767 1048 1808 illa
1086 1767 1302 1823 principia
1341 1766 1606 1808 defensionis

148 1825 296 1874 meae,)
316 1824 352 1865 si
374 1825 470 1880 quis
494 1834 536 1866 te
557 1840 613 1867 ex
636 1825 803 1866 aedibus
827 1825 910 1866 tuis
935 1825 975 1866 vi
999 1825 1250 1866 hominibus
1279 1825 1456 1865 armatis
1477 1825 1607 1873 9¹,de-

141 1879 316 1936 Jecerit‚
337 1883 442 1938 quid
475 1886 606 1940 ages?
637 1883 808 1940 opinor,
831 1882 917 1925 hoc
950 1883 1198 1934 interdicto,
1221 1898 1308 1938 quo
1338 1897 1418 1924 nos
1449 1885 1510 1923 usi
1535 1898 1606 1924 su-

189 2025 230 2055 88
257 2024 345 2055 unde
371 2023 559 2065 dejectam]
594 2025 668 2056 Hoc
695 2025 852 2056 vitiosum

145 2072 374 2104 esse,1omnes
409 2068 606 2099 concedunt.
648 2069 778 2101 Natum
805 2069 853 2099 vi-

144 2109 234 2140 tium
250 2109 284 2140 in
299 2110 362 2141 hoc
379 2111 477 2140 verbo
492 2116 542 2142 est
557 2122 595 2141 ex
610 2121 662 2148 eo,
678 2112 764 2150 quod
779 2111 851 2142 edd.

142 2161 193 2191 pr.
211 2152 378 2184 habebant
392 2158 470 2183 ante
491 2153 635 2184 θαι-ξηαπ
658 2154 769 2193 itaque
787 2153 850 2184 hoc

143 2193 186 2225 ad
210 2195 385 2226 AEbutium
405 2196 606 2233 retulerunt,
628 2202 663 2226 et
690 2195 850 2227 dederunt

143 2235 301 2277 dejecisti,
315 2239 393 2278 quia
405 2249 528 2270 nomen
543 2239 721 2275 exciderat,
738 2240 771 2270 in
786 2249 851 2279 quo

143 2281 350 2315 restituendo
379 2283 467 2313 varie
500 2281 656 2313 hariolati
685 2286 765 2312 sunt
790 2283 851 2312 viri

142 2321 246 2360 docti,
271 2333 352 2363 quos
379 2334 440 2364 ego
469 2334 537 2355 non
562 2325 685 2355 imitor.
730 2326 851 2365 Scripsi

141 2366 256 2396 aut'em
292 2365 436 2407 dejectus
467 2377 545 2398 cum
581 2368 676 2407 signo
711 2366 849 2398 lacuna?-

141 2406 233 2439 Nam
266 2408 393 2440 clarum
423 2414 486 2447 est,
514 2411 710 2441 Ciceronem
736 2411 784 2441 bis
814 2412 849 2441 in

140 2449 315 2491 singulari,
330 2452 379 2483 bis
394 2452 429 2483 in
445 2453 566 2494 plurali
581 2452 711 2483 dixisse.

185 2495 226 2528 89
248 2494 284 2524 z'n
307 2495 514 2535 cuniculum]
539 2497 610 2526 dac.
638 2496 780 2526 Gronov.
809 2495 849 2526 ad

122 2532 213 2566 *Lim
234 2536 277 2573 V,
298 2539 351 2572 47.
371 2539 508 2578 corrigit
533 2539 733 2574 colliculum,
762 2538 849 2578 quod

141 2586 211 2608 non
241 2588 299 2618 per
329 2580 500 2612 cuniculos
535 2582 678 2620 aggressi
705 2581 848 2612 Romam

138 2619 317 2651 tradantur
331 2623 429 2654 Galli.
474 2623 538 2655 Sed
561 2625 684 2654 iterum
702 2623 848 2654 cuniculi

133 2661 173 2692 'in
212 2662 385 2702 Gallorum
422 2668 672 2708 oppugnatione
720 2667 848 2697 mentio

138 2704 228 2744 apud
248 2705 444 2740 Ciceronem
468 2709 611 2751 Philipp.
633 2710 698 2748 111,
719 2713 750 2741 8.
795 2709 848 2740 De

138 2755 174 2777 re
190 2756 220 2777 v.
237 2747 409 2781 Drakenb.
427 2751 467 2782 ad
482 2752 554 2783 Liv.
567 2752 589 2782 1.
604 2764 632 2783 e.

179 2792 222 2824 90
244 2800 278 2821 eo
299 2794 510 2825 restituatur.
550 2795 633 2826 Cum
652 2794 766 2834 verba]
793 2795 846 2825 Sic

137 2831 210 2880 edd.
237 2843 363 2866 omnes.
407 2835 578 2868 Lacunam
605 2848 674 2869 esse
698 2842 775 2878 post
795 2847 847 2867 re-

134 2878 310 2916 statuatur,
323 2887 439 2910 omnes
453 2885 652 2920 agnoscunt.
696 2880 846 2913 Graevius

896 2035 915 2055 e
933 2025 1014 2057 Cod.
1031 2025 1101 2056 Erf.
1126 2025 1171 2056 sic
1194 2024 1350 2065 explevit,
1371 2029 1410 2055 ut
1433 2024 1602 2056 edidimus.

897 2067 977 2099 Fere
1005 2069 1119 2100 eodem
1156 2068 1255 2098 modo
1291 2077 1349 2108 per
1377 2069 1603 2106 coniecturam

896 2111 1067 2151 explevere
1095 2111 1330 2141 Hotomannus
1351 2116 1384 2140 et
1410 2110 1604 2142 Lambinus.

895 2163 954 2184 nec
970 2159 1040 2185 erat
1057 2154 1200 2189 difficile,
1218 2154 1263 2183 sic
1280 2153 1421 2193 explere.

935 2200 973 2230 91
1000 2196 1166 2238 dejecerit,
1196 2196 1276 2235 quid
1301 2206 1418 2234 ageres·
1446 2195 1519 2235 &c.]
1546 2195 1602 2226 Vi-

895 2239 1016 2270 derunt
1051 2240 1185 2279 quidam
1220 2239 1281 2268 viri
1318 2238 1419 2274 docti,
1450 2242 1603 2278 tempora

896 2292 964 2312 non
979 2283 1177 2313 consentire.
1222 2281 1338 2320 Itaque
1361 2280 1444 2311 alius
1466 2281 1602 2320 corrigit

895 2325 1060 2363 dejiceret,
1088 2325 1172 2355 alius
1199 2333 1287 2363 ages.
1315 2328 1349 2354 ct
1380 2324 1425 2354 sic
1452 2324 1487 2354 in
1514 2333 1600 2364 seqq.

896 2366 999 2398 Faber
1024 2373 1150 2403 autem,
1174 2372 1300 2397 veteres
1322 2376 1388 2396 non
1416 2376 1546 2406 semper
1566 2367 1602 2397 in

894 2409 956 2441 hoc
979 2420 1099 2450 genere
1122 2414 1294 2441 accuratos
1314 2410 1427 2446 fuisse,
1442 2409 1602 2448 exemplis

892 2453 1119 2484 demonstrare
1147 2451 1307 2482 instituit.
1352 2451 1414 2481 Sed
1442 2452 1601 2490 quoniam

894 2495 1190 2526 innumerabilibus
1218 2493 1380 2533 exemplis
1409 2494 1535 2531 notavi,
1566 2500 1601 2525 et

893 2548 979 2579 saepe
1011 2539 1112 2569 etiam
1143 2537 1285 2572 ostendi,
1315 2537 1402 2567 hanc
1429 2536 1600 2576 negligen-

890 2582 974 2612 tiam
995 2591 1064 2611 essc
1087 2592 1106 2612 a
1129 2579 1269 2610 librariis
1294 2579 1455 2610 seriorum
1468 2584 1599 2620 tempo-

892 2634 979 2660 rum,
1006 2625 1108 2654 etiarn
1144 2622 1197 2653 hie
1225 2622 1271 2652 sic
1301 2626 1426 2658 statuo,
1454 2622 1600 2653 scriben—

891 2666 1034 2705 dumque
1051 2669 1599 2706 ages—persequere—ages—ute-

891 2719 947 2739 re.-
974 2709 1157 2750 praesertim
1184 2717 1261 2738 cum
1291 2707 1403 2747 paullo
1434 2712 1509 2748 post
1541 2709 1598 2744 sit,

890 2753 1146 2782 interdicerit—
1155 2750 1347 2780 restituaris
1353 2750 1600 2790 ——interpreta-

891 2796 974 2825 bere.
1017 2795 1106 2825 Nam
1134 2792 1284 2835 profecto
1309 2802 1377 2823 non
1405 2793 1522 2824 Cicero
1551 2792 1599 2822 di-

890 2838 989 2868 versis
1008 2837 1123 2867 formis
1145 2844 1223 2865 usus
1239 2840 1289 2865 est
1311 2835 1347 2866 in
1364 2834 1481 2867 eodem
1504 2835 1597 2866 locor

892 2890 933 2911 nc
950 2890 1009 2918 nos
1022 2878 1156 2919 quidem
1172 2877 1204 2908 id
1218 2877 1402 2909 fecerimus.

817 2923 910 2966 1i3
