1907 3231
458 115 579 157 ACT.
606 116 659 156 11.
704 113 888 155 LIBER
912 113 1186 153 TERTIUS.
1463 117 1561 151 285·

95 233 188 275 que
221 219 363 273 sociis,
394 220 624 276 vectigalia
657 221 804 278 populi
846 219 1033 262 Romani
1070 219 1158 260 sint
1196 217 1443 270 deminuta3
1475 232 1540 261 res

102 278 396 330 frumentaria,
427 288 705 330 commeatus,
737 278 892 335 copiae,
923 277 1034 319 salus
1065 277 1184 318 urbis
1215 284 1343 330 atque
1374 276 1542 317 exerci-

103 344 227 376 tuum
258 344 503 377 nostrorum
537 336 580 376 in
611 337 905 391 posteritatem
933 335 1057 376 istius
1093 332 1275 374 avaritia
1302 333 1538 385 interierit;

101 392 253 433 saltem
273 393 502 433 commoda
531 392 678 449 populi
711 393 897 435 Romani
928 392 1143 448 respicite,
1165 391 1200 430 si
1231 389 1359 431 sociis
1381 388 1540 430 fidelis-

102 449 221 490 simis
250 451 496 506 prospicere
526 465 612 490 non
643 450 860 493 laboratis.
919 449 1079 505 Atque,
1108 458 1158 489 ut
1186 446 1452 502 intelligatis,
1482 447 1537 487 ab
1553 445 1626 479 128

101 504 199 557 isto,
231 521 320 562 prae
351 508 485 557 luero,
517 507 748 562 praedaque
778 508 994 563 praesenti,
1026 521 1104 548 nec
1135 504 1429 561 vectigalium,
1457 517 1538 545 nec

100 564 364 617 posteritatis
387 564 579 605 habitam
602 579 693 605 esse
714 565 950 618 rationem3
972 563 1238 620 cognoscite,
1260 561 1364 618 quid
1385 561 1440 601 ad
1462 575 1539 601 ex-

100 629 283 661 tremum
315 622 476 663 scribat
508 621 726 662 Metellus.
760 635 814 663 IN
848 635 1111 674 RELIQUUM
1145 633 1343 661 TEMPUS
1370 632 1540 660 vEOT1-

101 689 315 719 GALIBUS
343 692 607 720 PROSPEXI.
669 678 720 719 In
743 679 952 734 reliquum
976 689 1145 735 tempus
1167 678 1228 718 ait
1250 692 1293 718 se
1315 676 1539 732 vecti-gali-

99 733 179 774 bus
201 737 488 791 prospexisse.
509 751 597 777 non
627 736 846 787 scriberet,
869 750 912 776 se
935 736 1217 791 vectigalibus
1249 735 1536 790 prospexisse,

95 791 180 832 nisi
214 791 298 833 hoc
336 794 462 835 vellet
493 794 732 844 ostendere,
771 803 814 833 te
846 794 1075 848 vectigalia
1108 792 1356 848 perdidisse.
1417 786 1580 838 Quidb·

96 848 214 889 enim
235 859 340 901 erat,
363 851 477 905 quod
501 851 784 906 vectigalibus
813 850 1077 906 prospiceret
1107 849 1312 890 Metellus
1343 849 1386 889 in
1408 849 1539 890 decu-

96 906 193 957 mis,
216 917 260 948 et
282 908 325 948 in
348 917 439 949 tota
460 923 504 949 re
525 908 819 959 frumentaria,
842 908 875 947 si
909 907 990 947 iste
1017 922 1103 948 non
1129 906 1358 961 vectigalia
1388 906 1539 962 populi

98 962 288 1005 Romani
311 980 387 1006 suo
410 975 575 1020 quaestu
599 965 902 1021 pervertisset?
932 963 1075 1019 Atque
1105 965 1197 1020 ipse
1220 963 1441 1014 Metellus,
1463 965 1537 1019 qui
1560 968 1563 970 '

97 1022 384 1078 vectigalibus
417 1023 638 1078 prospicit,
670 1023 744 1077 qui
778 1022 962 1077 reliquos
998 1032 1184 1063 aratores
1216 1020 1400 1076 colligit,
1432 1021 1545 1077 quid.

97 1080 352 1135 assequitur,
375 1079 457 1120 nisi
489 1080 586 1131 hoc,
610 1090 657 1120 ut-
688 1090 823 1130 arent,
847 1081 880 1120 si
904 1079 1007 1134 quid
1039 1088 1232 1135 possunt,
1255 1079 1412 1134 quibus
1444 1093 1538 1119 ara·

97 1144 210 1177 trum
263 1137 412 1178 saltem
462 1136 636 1192 aliquod
681 1137 846 1178 satelles
898 1137 1022 1177 istius
1065 1135 1283 1192 Apronius
1323 1136 1540 1191 reliquum

96 1192 226 1247 fecit3
258 1195 332 1250 qui
356 1204 498 1235 tamen
529 1195 572 1235 in
604 1195 718 1250 agris
752 1209 827 1250 spe
858 1205 987 1249 atque
1011 1194 1335 1249 exspectatione
1366 1192 1538 1235 Metelli

94 1255 419 1294 remanserunt?
453 1252 572 1298 Quid
594 1252 723 1293 ceteri
748 1251 909 1293 Siculi?
933 1251 1035 1306 quid
1060 1251 1128 1291 ille
1151 1251 1365 1291 maximus
1388 1265 1538 1292 nume·-

94 1322 166 1349 rus
187 1319 418 1361 aratorum,
441 1309 515 1365 qui
538 1324 625 1350 non
648 1309 776 1350 modo
800 1323 854 1349 ex
886 1309 1000 1364 agris
1023 1308 1151 1363 ejecti
1176 1318 1286 1359 sunt,
1309 1308 1380 1349 sed
1404 1309 1540 1352 etiam.

94 1380 150 1407 ex
172 1367 427 1408 civitatibus
449 1367 550 1418 suis,
572 1381 627 1407 ex
650 1366 888 1422 provincia,
909 1365 1095 1420 denique
1118 1365 1241 1405 bonis
1265 1365 1536 1421 fortunisque

94 1425 296 1465 omnibus
319 1425 491 1481 ereptis,
515 1423 829 1481 profugerunt?
851 1438 936 1478 qua
954 1424 1121 1463 ratione
1143 1423 1173 1462 ii
1195 1423 1538 1465 revocabuntur?

94 1490 202 1537 quot
240 1492 474 1538 praetorum
512 1481 760 1522 innocentia
793 1481 1089 1536 sapientiaque
1123 1493 1231 1535 opus
1267 1490 1344 1530 est,
1384 1491 1432 1520 ut
1466 1481 1538 1522 illa

93 1548 310 1580 aratorum
332 1539 565 1581 multitudo
588 1538 818 1593 aliquando
842 1539 884 1578 in
909 1539 994 1579 suis
1026 1537 1141 1593 agris
1172 1551 1222 1578 ac
1254 1538 1424 1578 sedibus
1447 1537 1535 1578 col-

91 1595 285 1640 locetur?
314 1596 396 1649 Ac,
419 1612 473 1637 ne
494 1596 724 1646 miremini,
745 1607 908 1637 tantam
930 1594 1253 1636 multitudinem
1277 1594 1534 1651 profugisse,
1549 1587 1620 1641 56

91 1664 299 1709 quantam
332 1670 387 1696 ex
425 1655 578 1696 litteris
618 1654 817 1710 publicis,
852 1663 1156 1708 aratorumque
1196 1652 1536 1707 professionibus
1552 1665 1623 1700 129

93 1713 389 1768 cognovistis;
442 1713 611 1762 scitote,
655 1721 820 1752 tantam
864 1711 1145 1752 acerbitatem
1188 1709 1326 1760 istius,
1367 1719 1538 1753 tantum

92 1769 229 1811 scelus
264 1770 309 1810 in
348 1780 536 1812 aratores
576 1769 721 1819 fuisse,
760 1768 1031 1821 (incredibile
1069 1767 1189 1809 dictu
1228 1775 1307 1818 est,
1336 1766 1536 1822 judices:

93 1827 168 1869 sed
198 1837 242 1868 et
268 1827 448 1879 factum,
480 1838 523 1868 et
556 1836 649 1868 tota
679 1826 826 1867 Sicilia
860 1826 1160 1882 pervulgatum
1181 1827 1212 1877 ς)
1245 1834 1292 1865 ut
1327 1824 1539 1876 homines,

91 1894 269 1943 propter
298 1886 478 1941 injurias
511 1885 816 1938 licentiamque
851 1885 1202 1933 decumanorum,
1235 1892 1420 1924 mortem
1456 1883 1537 1924 sibi

92 1943 173 1999 ipsi
199 1944 502 1984 consciverint.
566 1941 900 1997 Centuripinum
929 1941 1145 1991 Dioclem,
1167 1939 1387 1980 hominem
1420 1938 1540 1982 locu·

91 2000 267 2057 pletem,
299 2001 570 2056 suspendisse
602 2014 645 2040 se
675 2008 861 2050 constat,
894 2014 979 2053 quo
1010 1999 1078 2039 die
1106 1998 1161 2038 sit
1199 1997 1238 2037 ei
1274 1997 1539 2049 nuntiatum,

89 2057 335 2114 Apronium
371 2059 574 2099 decumas
612 2057 856 2097 redemisse.
917 2059 956 2087 '28
973 2054 1310 2111 Dyrrachinuni,
1350 2056 1539 2111 primum

90 2116 296 2167 civitatis,
319 2116 469 2157 eadem
501 2116 668 2157 ratione
698 2123 882 2155 mortem
914 2114 1145 2170 oppetisse,
1169 2112 1283 2153 dixit
1314 2113 1429 2169 apud
1461 2128 1539 2155 vo»

89 2173 224 2215 homo
245 2173 554 2225 nobilissimus,
576 2171 848 2213 Archonidas
873 2170 1088 2221 Elorinus,
1110 2184 1208 2211 cum
1231 2170 1421 2212 audisset
1443 2180 1538 2212 tan-

91 2240 182 2272 tum
214 2231 502 2273 decumanum
535 2230 775 2288 professum
805 2243 897 2270 esse
934 2242 989 2269 ex
1019 2230 1161 2269 edicto
1195 2227 1318 2268 istius
1349 2228 1432 2269 sibi
1463 2228 1538 2269 dee

91 2290 197 2341 beri,
233 2300 445 2345 quantum
479 2289 549 2330 ille
586 2287 710 2329 bonis
746 2286 833 2328 suis
872 2286 1074 2328 omnibus
1110 2286 1280 2327 efficere
1315 2299 1404 2326 non
1436 2300 1537 2343 pos-

88 2357 167 2391 set.

149 2404 263 2447 Haec
285 2413 348 2456 tu,
379 2404 550 2446 tametsi
578 2403 774 2445 omnium
801 2401 1029 2443 hominum
1061 2399 1417 2442 dissolutissimus
1440 2415 1538 2442 cru·

88 2463 415 2518 delissimusque
437 2476 604 2519 semper
636 2460 772 2510 fuisti,
805 2470 949 2500 tamen
982 2471 1219 2513 numquam
1252 2467 1537 2514 perpeterere,

89 2521 256 2576 29qu0d
279 2520 338 2561 illi
360 2520 548 2577 gemitus
572 2519 797 2574 luctusque
820 2516 1057 2574 provinciae
1082 2516 1135 2556 ad
1158 2515 1222 2556 tui
1244 2516 1399 2571 capitis
1422 2517 1537 2572 peri-

89 2578 235 2622 culum
255 2579 551 2635 pertinebant:
585 2592 687 2628 non,
719 2576 911 2631 inquam,
944 2583 1227 2630 perpeterere,
1260 2583 1309 2613 ut
1339 2573 1535 2615 homines
1548 2592 1580 2624 p.
1598 2585 1667 2619 1775.

1550 2636 1578 2659 a.

131 2744 171 2773 28
194 2741 483 2782 Dyrrhachinum]
513 2740 644 2773 Excidit
666 2746 788 2771 nomen
873 2740 915 2773 29
949 2737 1034 2775 quod
1059 2738 1111 2769 illi
1141 2736 1301 2778 gemitus]
1331 2736 1394 2769 Ms.
1422 2737 1535 2770 Naum

87 2784 258 2826 proprium
286 2783 441 2822 hominis,
469 2790 528 2815 aut
555 2785 692 2814 verbum
718 2794 788 2814 eor·
832 2781 923 2814 addit
941 2784 1130 2821 propterea,
1149 2779 1236 2820 quod
1257 2780 1403 2812 Graevius
1425 2788 1536 2811 neces-

89 2833 226 2867 ruptum
253 2831 321 2856 est:
349 2836 427 2857 narn
453 2826 686 2867 Dyrrachium
714 2826 788 2856 nul·
831 2825 955 2856 sarium
969 2823 1127 2864 putabat:
1151 2832 1212 2863 ego
1228 2832 1295 2854 non
1309 2823 1402 2854 item.

88 2869 160 2901 lum
175 2870 240 2900 fuit
253 2869 287 2900 in
304 2869 424 2899 Sicilia.
