1907 3231
503 112 627 150 ACT.
656 110 705 150 112
745 109 934 148 LIBER
959 109 1243 149 QUINTUS.
1510 111 1592 146 421

136 224 240 258 &um
261 215 375 267 dico,
398 224 591 257 versatur
620 216 727 257 mihi
758 219 858 257 ante
879 213 1027 256 oculos
1057 213 1295 270 indignitas
1317 211 1590 255 calamitatis.

143 272 363 315 Eorumne
392 273 651 330 populorum
676 274 807 326 cives,
829 287 1035 315 eorumne
1063 285 1267 328 agrorum
1299 271 1510 322 alumnos,
1531 284 1587 311 ex
1600 271 1674 329 47

140 331 300 386 quibus
321 332 513 372 maxima
533 331 596 371 vis
619 331 826 373 frumenti
846 330 1078 388 quotannis
1107 329 1222 385 plebi
1247 327 1474 379 Romanae,
1496 327 1591 368 illo-

142 398 235 428 rum
270 388 412 445 operis
447 403 500 430 ac
531 388 752 430 laboribus
785 389 1008 444 quaeritur,
1041 388 1115 443 qui
1148 401 1173 428 a
1211 385 1479 441 parentibus,
1516 399 1591 440 spe

141 446 278 486 nostri
318 446 504 500 imperii,
547 455 794 502 nostraeque
836 445 1069 502 aequitati5‚
1101 443 1291 500 suscepti
1332 441 1592 497 educatique

143 512 257 554 sunt,
279 503 334 544 ad
357 502 409 544 C.
433 503 575 546 Verris
601 504 807 545 nefariam
833 503 1163 553 immanitatem,
1184 511 1230 548 et
1258 501 1312 541 ad
1343 500 1437 556 ejus
1468 513 1590 540 secu-

140 573 229 600 rem
254 559 466 602 funestam
500 576 591 602 esse
623 565 840 604 servatos?
880 561 993 603 Cum
1025 560 1132 601 mihi
1163 557 1446 615 Tyndaritani
1476 555 1588 598 illius
1604 565 1677 600 124

141 617 260 658 venit
282 618 554 673 inmentem‚
575 634 674 660 cnm
698 620 940 675 Segestani,
961 628 1054 659 tum
1078 618 1181 673 jura
1211 616 1339 657 simul
1359 615 1589 657 civitatum

137 684 268 730 atque
289 675 435 717 officia
455 678 695 719 considero.
745 678 865 723 Quas
888 678 1014 717 urbes
1040 675 1090 716 P.
1113 674 1344 715 Africanus
1365 673 1497 714 etiam
1519 686 1589 713 or-

125 733 301 774 rnaudas
329 747 420 775 esse
454 735 601 791 spoliis
640 735 831 776 hostium
863 735 1096 774 arbitratus
1128 742 1206 782 est,
1235 746 1307 772 eas
1348 730 1400 772 C.
1434 730 1587 771 Verres

133 802 223 831 non
249 790 387 832 solum
414 792 494 834 illis
518 792 796 842 ornamentis,
820 791 893 832 sed
914 791 1045 831 etiam
1071 790 1170 830 viris
1201 788 1481 829 nobilissimis
1513 802 1588 828 ne-

135 847 246 889 fario
269 850 426 890 scelere
447 850 649 906 privavit.
712 848 779 889 En
805 848 922 903 quod
944 846 1228 903 Tyndaritani
1259 846 1444 886 libenter
1474 860 1586 902 prae-

133 904 305 948 dicent:
340 906 427 948 Nos
453 909 499 949 in
527 905 800 962 septemdecim
823 905 988 961 populis
1016 903 1170 946 Sicilia:
1199 918 1483 944 numeramur:
1515 918 1714 960 uosp,261‚

131 977 285 1019 semper
306 964 348 1005 in
370 966 555 1007 omnibus
573 964 749 1005 Punicis
771 963 1129 1018 Siciliensibusque
1151 960 1264 1002 bellis
1284 960 1584 1014 arnicitiamfi-
1597 973 1626 993 a.

129 1019 298 1078 demque
324 1023 472 1077 populi
506 1022 689 1064 Romani
719 1021 843 1062 secati
869 1035 1023 1063 sumus:
1053 1035 1079 1061 α
1118 1019 1233 1060 nobis
1265 1018 1400 1059 omnia
1426 1017 1583 1073 populo

134 1076 324 1120 Romano
342 1094 496 1135 semper
516 1088 555 1122 et
577 1079 672 1121 belli
690 1078 926 1136 adjumenta
945 1085 983 1120 et
997 1077 1114 1133 pacis
1134 1082 1374 1122 ornamenta
1394 1078 1435 1106 43
1449 1075 1582 1117 admi-

128 1135 304 1177 nistrata
332 1145 440 1178 sunt.
502 1138 697 1179 Multum
733 1152 834 1178 vero
874 1138 968 1178 haec
1006 1136 1070 1176 bis
1107 1134 1208 1190 jura
1242 1134 1498 1191 profuerunt
1534 1134 1579 1175 in

128 1192 252 1234 istius
276 1195 457 1251 imperio
479 1211 530 1237 ac
562 1205 792 1252 potestate.
852 1195 1028 1236 Vestros
1051 1193 1268 1248 quondam
1302 1201 1453 1232 nautas
1473 1205 1578 1233 con-
1594 1197 1665 1232 125

129 1259 196 1291 tra
230 1252 544 1309 Karthaginem
576 1253 724 1309 Scipio
747 1252 888 1293 duxit.
919 1263 964 1293 at
994 1265 1109 1292 nunc
1136 1264 1265 1291 naves
1288 1260 1440 1291 contra
1468 1264 1580 1306 prae-

127 1308 262 1350 dones
285 1325 410 1367 paene
432 1312 578 1352 inanes
603 1311 856 1352 Cleomenes
888 1309 1024 1351 ducit.
1086 1308 1325 1349 Vobiscum
1347 1306 1580 1348 Africanus

126 1365 319 1410 hostium
352 1369 502 1424 spolia,
533 1379 577 1410 et
607 1368 788 1424 praemia
816 1367 954 1408 laudis
989 1365 1344 1407 communicavit.
1381 1374 1426 1406 at
1463 1379 1581 1407 nunc

127 1438 204 1479 per
236 1440 305 1467 me
340 1427 526 1482 spoliati,
560 1439 668 1466 nave
700 1441 726 1466 a
760 1425 1038 1481 praedonibus
1069 1423 1272 1473 abducta,
1305 1423 1387 1479 ipsi
1420 1423 1463 1464 in
1501 1422 1580 1464 ho-

126 1483 267 1524 stium>
282 1499 459 1525 numero
482 1484 663 1539 locoque
685 1483 918 1524 ducemini.
983 1481 1102 1528 Quid
1125 1484 1254 1522 vero?
1284 1480 1358 1521 illa
1379 1480 1579 1536 Segesta-

123 1554 278 1581 norum
301 1556 389 1582 non
420 1542 560 1583 solum
590 1541 743 1582 litteris
767 1541 938 1592 tradita,
960 1553 1100 1595 neque
1121 1548 1462 1580 commemorata
1484 1552 1576 1580 ver,-

125 1597 206 1648 bis,
228 1599 301 1640 sed
333 1599 479 1640 multis
500 1600 656 1641 officiis
687 1599 858 1640 illorum
889 1608 1095 1654 usurpata
1118 1605 1161 1637 et
1191 1596 1478 1652 comprobata
1502 1610 1577 1637 co·-

122 1657 289 1712 gnatiO,
312 1672 420 1713 quos
443 1658 615 1698 tandem
638 1657 804 1698 fructus
826 1656 1008 1711 hujusce
1029 1653 1357 1696 necessitudinis
1381 1653 1425 1694 in
1447 1654 1573 1695 istius

123 1714 306 1770 imperio
346 1715 471 1757 tulit?
505 1716 675 1772 Nempe
707 1715 791 1756 hoc
821 1714 907 1755 fuit
935 1714 1051 1770 jure,
1077 1711 1264 1768 judiceS‚
1304 1721 1353 1753 ut
1384 1725 1440 1753 ex
1477 1711 1575 1752 sinu

123 1772 257 1828 patris
290 1774 583 1814 nobilissimus
616 1772 877 1824 adolescens,
911 1782 955 1813 et
989 1786 1012 1812 e
1041 1770 1274 1827 complexu
1302 1769 1452 1810 matris
1482 1783 1574 1810 ere·-

123 1839 223 1885 ptus
254 1830 460 1872 innocens
491 1831 617 1882 filius,
648 1831 772 1872 istius
793 1830 986 1871 carnifici
1022 1829 1163 1870 Sestio
1185 1828 1426 1869 dederetur.
1488 1826 1573 1869 Cui

121 1887 290 1929 civitati
313 1889 498 1944 majores
529 1889 665 1930 nostri
697 1889 912 1930 maximos
941 1902 1068 1944 agros
1099 1896 1229 1941 atque
1256 1885 1447 1941 optimos
1468 1899 1574 1926 con—

119 1956 364 1988 cesserunt:
396 1962 526 2003 quam
548 1947 785 1988 immunem
807 1961 898 1988 esse
917 1947 1170 1987 voluerunt:
1195 1944 1291 1984 haec
1314 1952 1435 1984 tanta
1455 1942 1573 1999 apud

121 2013 164 2044 te
185 2005 476 2060 cognationis,
499 2004 735 2056 fidelitatis,-
757 2004 982 2046 vetustatis
1006 2002 1279 2052 auctoritate,
1298 2015 1352 2041 ne
1373 2000 1457 2041 hoc
1473 2000 1570 2056 qui÷
1622 2042 1627 2044 .

119 2061 218 2103 dem
234 2063 346 2118 juris
368 2064 574 2114 obtinuit,
598 2072 645 2103 ut
666 2063 792 2104 unius
818 2061 1109 2103 honestissimi
1142 2070 1271 2115 atque
1301 2058 1569 2099 innocentis-

119 2119 214 2162 simi
248 2121 355 2161 civis
386 2131 570 2162 mortem
599 2130 643 2161 et
675 2121 929 2177 sanguinem
959 2120 1275 2175 deprecaretur.
1336 2116 1438 2163 Quo
1462 2114 1649 2163 con-48

118 2176 290 2234 fugient
327 2179 462 2221 socii?
507 2193 634 2234 quem
677 2178 998 2234 implorabunt?
1046 2191 1132 2232 qua
1170 2189 1244 2231 spe
1282 2174 1482 2229 denique,
1517 2182 1654 2226 ut1c26

116 2235 262 2279 vivere
285 2236 432 2288 velint,
455 2238 732 2288 tenebuntur,
754 2236 788 2277 si
811 2251 886 2277 vos
908 2250 981 2277 eos
1003 2233 1223 2275 deseritis?
1243 2232 1348 2273 44ad
1371 2241 1567 2273 senatum

158 2363 199 2394 43
222 2364 460 2394 administrata
484 2364 574 2404 sant]
602 2364 622 2393 i.
649 2374 676 2394 e.
702 2371 819 2403 suppe·
862 2371 938 2392 cum
968 2361 1048 2392 alias
1084 2359 1214 2391 dicatur
1249 2358 1340 2388 cibus
1368 2357 1569 2391 ministrari.

115 2405 222 2437 ditata
247 2411 326 2437 sunt
350 2406 533 2437 ministerio
560 2413 684 2436 nostro.
729 2405 818 2435 Grae-
862 2404 1015 2435 similiter
1028 2403 1123 2434 Verr.
1147 2402 1195 2438 Π,
1219 2403 1270 2431 54.
1294 2401 1490 2431 administer
1511 2410 1569 2430 cu·

115 2449 186 2479 vius
221 2460 261 2480 ex
294 2459 361 2480 uno
390 2450 454 2480 Ms.
482 2450 564 2489 Reg.
594 2449 695 2479 edidit
724 2449 818 2477 mini·
856 2447 1040 2486 peditatum
1066 2455 1125 2485 pro
1154 2443 1317 2474 minister.
1362 2443 1480 2483 ltaque
1507 2453 1568 2473 nec

115 2495 238 2530 strata,
257 2492 523 2532 quod‘facilitate
549 2503 610 2522 sua
630 2490 816 2523 blanditur:
863 2489 1082 2520 necessarium
1105 2491 1189 2522 erat,
1203 2486 1303 2517 Tuse.
1324 2485 1367 2522 V,
1385 2487 1437 2516 252.
1459 2486 1568 2515 admi-

116 2538 179 2564 ηερ
198 2539 324 2573 tamen,
345 2535 525 2566 secundum
545 2535 606 2565 viri
627 2534 716 2564 iliius
735 2542 818 2572 prae-
862 2534 1066 2567 uistratores,
1103 2529 1190 2569 quod
1225 2534 1276 2558 est
1310 2528 1345 2558 in
1375 2528 1447 2558 edd.
1483 2533 1566 2558 vett.

116 2576 196 2606 clari
232 2581 398 2618 praecepta
433 2578 466 2608 in
502 2577 574 2608 aliis
610 2576 703 2613 locis,
733 2585 818 2605 unus
863 2580 993 2605 mutare
1008 2575 1043 2604 in
1058 2573 1309 2603 ministratores.
1321 2580 1350 2600 v.
1363 2574 1398 2600 et
1412 2570 1453 2600 ad
1464 2570 1566 2601 Tusc.

116 2619 230 2656 codex,
257 2620 313 2660 qui
347 2621 439 2651 nobis
466 2629 544 2649 sane
570 2619 678 2650 muita
704 2628 723 2648 a
749 2628 820 2648 cor·
863 2617 892 2653 1,
909 2617 961 2648 ⁶26.
1005 2616 1116 2647 Habet
1138 2619 1252 2645 tamen
1273 2618 1308 2644 et
1330 2612 1396 2644 Ms.
1416 2613 1480 2643 Gu.
1505 2614 1568 2644 mi-

115 2666 244 2692 rectore
265 2663 383 2693 habere
406 2663 546 2699 videtur,
570 2661 752 2692 sufficiebat
777 2660 817 2690 ad
860 2659 1038 2690 ‘nistmnda
1051 2669 1078 2688 s.
1094 2666 1153 2698 pro
1168 2656 1371 2687 ministrata.

117 2705 310 2736 mutandam
327 2705 514 2736 lectionem.
555 2705 736 2744 vulgatum
752 2713 819 2732 ser·
903 2705 946 2733 44
969 2701 1016 2732 αιί
1041 2703 1194 2731 senatum
1215 2698 1382 2729 devenient
1394 2698 1424 2737 ἕ]
1456 2697 1567 2729 Facile

113 2747 183 2777 vari
211 2749 338 2787 potest:
362 2747 693 2788 intelligendumque,
711 2746 821 2775 admi·
862 2750 914 2775 est
939 2745 1100 2783 corrigere
1129 2743 1270 2778 venient,
1297 2745 1337 2771 ut
1361 2740 1468 2771 fecere
1494 2741 1567 2782 plu-

115 2791 260 2820 πιέειν-ωε
284 2790 347 2821 dici
374 2800 439 2831 pro·
455 2789 694 2830 suppeditando
722 2789 819 2818 uiini-
863 2797 926 2823 res,
952 2786 1040 2826 quod
1065 2790 1100 2816 et
1134 2784 1169 2815 in
1197 2783 1277 2814 Mss.
1302 2783 1384 2822 Reg.
1413 2783 1477 2814 Gu.
1505 2787 1565 2813 est.

116 2838 233 2869 strare,
269 2833 488 2872 suppeditare.
534 2833 587 2862 Sic
620 2832 717 2862 Rosc.
743 2830 819 2860 Am.
864 2829 926 2859 Sed
944 2829 1112 2859 devenient
1135 2827 1218 2857 bene
1236 2826 1347 2857 habet.
1373 2835 1451 2856 nam
1475 2825 1565 2855 deve-

113 2885 142 2906 ε.
159 2877 209 2906 28.
226 2880 276 2906 est
291 2877 396 2906 victus
415 2875 597 2916 quotidiani
612 2873 819 2909 administer,
863 2873 935 2902 πῖνε
965 2876 1052 2902 recte
1079 2870 1200 2901 dicitur
1226 2869 1267 2901 de
1295 2869 1346 2907 iis,
1371 2869 1427 2907 qui
1453 2868 1565 2907 aliquo

781 2929 807 2956 n
830 2929 853 2955 e
876 2921 900 2957 3
