1907 3231
307 135 357 168 58
898 127 1146 167 ORATIO

307 232 420 282 citis,
442 231 651 287 ejusmodi
676 232 774 280 sint,
800 240 845 272 ut
865 245 916 272 ea
944 232 1089 273 dedita
1117 245 1246 286 opera
1266 246 1291 271 a
1312 229 1434 271 nobis
1464 235 1613 272 contra
1633 242 1729 271 vos-

224 301 297 335 105
310 289 513 345 metipsos
547 290 682 330 facere
704 289 959 330 videamini?
989 288 1085 344 Age
1116 301 1242 338 nunc,
1266 287 1335 328 illa
1362 287 1591 336 videamus,
1610 286 1730 341 judi-

198 351 394 394 }‘-36-ce5,
424 361 520 401 quau
553 346 695 387 statim
727 355 957 387 consecuta
986 355 1098 386 sunt.
1159 345 1225 384 Ad
1252 344 1490 385 Volaterras
1521 343 1564 384 in
1589 351 1730 385 castra

266 403 297 422 ³·
317 403 362 443 L.
388 403 514 444 Sullae
548 417 658 443 mors
690 402 792 443 Sex.
825 401 987 449 Roscii,
1014 402 1256 456 quatriduo,
1277 415 1362 455 quo
1388 401 1421 440 is
1452 400 1618 441 occisus
1648 408 1729 449 est,

223 457 293 511 37
313 459 597 515 Chrysogono
629 458 862 499 nuntiatur.
923 458 1144 504 Qua-ritui·
1173 458 1301 498 etiam
1340 472 1467 506 nuuc,
1501 456 1595 511 quis
1632 470 1730 496 eum

308 517 506 557 nuntium
548 516 735 557 miserit?
789 514 944 554 Nonne
987 514 1257 569 perspicuum
1297 524 1376 564 est,
1417 514 1614 563 eundem,
1655 511 1729 567 qui

304 573 549 613 Ameriam?
572 574 706 613 Curat
725 570 1047 625 Chrysogonus,
1063 580 1109 610 ut
1127 569 1218 624 ejus
1240 571 1351 611 bona
1368 579 1545 611 veneant
1561 569 1730 619 statim3

303 630 375 684 qui
401 645 485 670 non
509 639 632 669 norat
655 628 871 668 homiuem
900 637 974 667 aut
1002 640 1103 667 rem.
1163 625 1224 667 At
1248 627 1320 681 qui
1343 627 1380 667 ei
1406 627 1522 668 venit
1543 626 1584 667 in
1608 639 1728 666 men-

306 697 405 735 tem,
441 686 601 741 praedia
634 683 937 738 concupiscere
975 682 1160 724 hominis
1200 682 1352 738 ignoti,
1387 697 1514 738 quem
1550 681 1728 723 omnino

304 757 535 797 numquam
567 741 754 782 viderat?
787 740 956 789 Soletis,
977 753 1074 781 cum
1099 739 1260 794 aliquid
1290 738 1586 794 hujuscemodi
1608 737 1728 779 audi-

305 800 373 849 tis,
398 799 584 853 judices,
613 798 819 839 continuo
850 796 1004 846 dicere,
1038 811 1208 837 necesse
1240 805 1318 846 est,
1353 796 1538 851 aliquem
1569 795 1730 836 dixisse

304 857 565 911 municipem
601 865 674 895 aut
708 854 910 894 vicinum.
951 854 977 894 ii
1019 854 1266 909 plerumque
1297 852 1508 894 indicant:
1552 866 1626 907 per
1655 865 1729 892 eos

220 929 292 963 106
305 912 494 969 plerique
516 912 767 968 produntur.
828 909 914 951 Hic
938 910 1042 950 nihil
1064 919 1142 960 est,
1164 910 1278 965 quod
1307 909 1593 965 suspicionem
1621 908 1730 948 hanc

306 971 479 1025 putetis.
541 970 640 1010 Non
663 969 778 1008 enim
800 981 881 1023 ego
908 967 967 1007 ita
987 967 1238 1022 disputabo:
1272 965 1497 1007 verisimile
1518 975 1596 1016 est,
1621 964 1731 1005 Ros-

302 1027 392 1066 cios
415 1027 538 1067 istam
561 1040 647 1066 rem
667 1025 719 1065 ad
736 1023 1068 1079 Chrysogonum
1086 1022 1299 1063 detulisse.
1319 1032 1409 1063 erat
1428 1023 1542 1063 enim
1555 1021 1616 1062 eis
1629 1035 1728 1062 cum

306 1083 592 1138 Chrysogono
611 1081 702 1135 jam
727 1089 850 1120 antea
874 1081 1078 1120 amicitia.
1102 1095 1199 1120 nam
1223 1094 1319 1120 euin
1345 1079 1501 1120 multos
1524 1087 1686 1119 veteres
1708 1093 1734 1118 a

301 1140 537 1194 majoribus
564 1138 708 1178 Roscii
733 1147 934 1192 patronos
954 1136 1228 1192 hospitesque
1250 1136 1470 1186 haberent,
1489 1149 1636 1177 omnes
1658 1148 1731 1175 eos

303 1196 441 1237 colere
462 1208 589 1250 atque
614 1195 839 1235 observare
868 1193 1136 1243 destiterunt,
1160 1208 1209 1233 ac
1233 1207 1276 1233 se
1301 1193 1342 1232 in
1377 1191 1650 1247 Chrysogoni
1681 1191 1731 1232 fi-

219 1253 400 1298 107dem
431 1263 473 1293 et
502 1251 744 1294 clientelam
773 1251 1059 1291 contulerunt.
1121 1249 1232 1290 llaec
1260 1263 1432 1304 possum
1463 1249 1608 1289 omnia
1633 1261 1731 1289 vere

301 1310 464 1351 dicere:
504 1309 575 1349 sed
608 1309 651 1349 in
684 1308 763 1348 hac
793 1322 921 1348 causa
951 1307 1201 1361 conjectura
1231 1306 1337 1347 nihil
1367 1319 1474 1358 opus
1505 1314 1583 1346 est.
1615 1304 1730 1360 ipsos

300 1376 419 1407 certo
439 1367 526 1407 scio
545 1380 630 1406 non
651 1378 820 1420 negare,
834 1364 884 1404 ad
907 1364 999 1405 haec
1022 1365 1132 1404 bona
1152 1363 1484 1418 Chrysogonum
1504 1361 1732 1403 accessisse

299 1423 484 1478 impulsu
517 1437 608 1463 suo.
669 1422 713 1462 Si
739 1435 852 1470 eum,
874 1421 946 1475 qui
980 1420 1125 1461 indicii
1153 1430 1316 1475 partem
1347 1419 1574 1474 acceperit,
1596 1417 1731 1459 oculis

302 1481 508 1531 cernetis3
539 1478 790 1535 poteritisne
822 1477 1032 1527 dubitare,
1059 1477 1244 1531 judices,
1277 1476 1350 1530 qui
1385 1475 1607 1517 indicarit?
1643 1474 1732 1521 Qui

301 1548 402 1577 sunt
425 1537 556 1592 igitur
578 1536 621 1576 in
643 1535 732 1575 istis
751 1534 889 1585 bonis,
908 1535 1063 1589 quibus
1086 1544 1248 1589 partem
1270 1533 1580 1588 Chrysogonus
1602 1531 1733 1572 dede-

301 1594 382 1635 rit?
412 1594 497 1634 duo
522 1592 686 1633 Roscii.
750 1591 867 1632 Num
891 1591 1086 1645 quisnam
1110 1591 1347 1646 praeterea?
1378 1603 1504 1630 nemo
1522 1587 1733 1642 est‚judi-

302 1664 386 1691 ees.
448 1650 563 1691 Num
587 1663 690 1704 ergo
715 1648 895 1688 dubium
925 1656 1003 1698 est,
1025 1647 1128 1702 quin
1156 1647 1183 1687 ii
1216 1645 1451 1687 obtulerint
1481 1645 1591 1686 hanc
1620 1659 1731 1701 prae-

302 1707 400 1747 dam
429 1707 731 1762 Chrysogono,
754 1705 826 1760 qui
850 1705 903 1745 ab
930 1719 981 1745 eo
1013 1713 1176 1759 partem
1210 1703 1366 1759 praedae
1393 1702 1604 1744 tulerunt?
1635 1700 1732 1758 Age

218 1781 290 1815 108
304 1778 431 1815 nunc,
462 1765 568 1803 68ex
601 1763 734 1817 ipsius
766 1761 1040 1817 Chrysogoni
1068 1760 1238 1815 judicio
1275 1759 1531 1800 Rosciorum
1567 1758 1731 1800 factum

301 1821 633 1862 consideremus.
693 1818 738 1859 δί
770 1818 877 1859 nihil
901 1819 946 1859 in
970 1818 1051 1858 ista
1075 1832 1221 1873 pugna
1252 1816 1416 1865 Roscii,
1441 1815 1555 1870 quod
1586 1829 1728 1871 operae

302 1879 485 1933 pretium
505 1886 629 1926 esset,
649 1873 852 1926 fecerant,
865 1889 994 1930 quam
1013 1874 1069 1915 ob
1089 1888 1259 1915 causam
1280 1887 1304 1913 a
1325 1872 1616 1928 Chrysogono
1637 1881 1730 1912 tan-

301 1935 355 1975 tis
386 1934 575 1990 praemiis
606 1933 901 1974 donabantur?
933 1931 977 1972 Si
1004 1930 1111 1971 nihil
1140 1930 1254 1971 aliud
1285 1929 1494 1979 fecerunt,
1527 1928 1607 1970 nisi
1640 1942 1729 1969 rem

299 1992 557 2040 detulerunt,
583 2003 725 2030 nonne
759 1989 860 2029 satis
895 1987 990 2037 fuit,
1025 1987 1089 2028 his
1123 1987 1281 2042 gratias
1315 1987 1414 2042 agi?
1453 1985 1651 2040 denique,
1682 1993 1731 2025 ut

255 2066 284 2096 b,
301 2047 606 2104 perliberaliter
638 2055 849 2102 ageretur,
885 2044 1058 2086 lionoris
1100 2043 1259 2098 aliquid
1302 2043 1478 2084 haberi?
1522 2042 1610 2084 Cur
1649 2041 1732 2083 tria

301 2105 463 2159 praedia
496 2114 624 2144 tantae
660 2103 853 2158 pecuniae
886 2101 1030 2142 statim
1063 2100 1267 2156 Capitoni
1298 2100 1480 2141 dantur?
1511 2113 1601 2150 eur,
1631 2113 1729 2153 qua>

299 2162 460 2217 reliqua
482 2171 595 2210 sunt,
618 2161 698 2200 iste
722 2159 904 2199 Roscius
929 2158 1071 2199 omnia
1099 2172 1197 2198 cum
1226 2156 1513 2212 Chrysogono
1536 2169 1729 2197 commu-

298 2218 410 2259 niter
436 2218 653 2274 possidet?
686 2216 842 2257 Nonne
865 2215 1138 2270 perspicuum
1168 2223 1246 2264 est,
1271 2213 1457 2268 judices,
1487 2214 1527 2247 69
1541 2212 1616 2253 has
1638 2225 1729 2252 ma-

215 2287 286 2333 538
302 2275 451 2316 nubias
481 2274 650 2315 Rosciis
676 2273 1024 2327 Chrysogonum,
1047 2285 1090 2312 re
1112 2272 1302 2327 cognita,
1326 2268 1612 2311 concessisse?
1644 2268 1728 2309 Ve-

215 2357 286 2390 100
302 2333 364 2372 nit
390 2332 433 2372 in
462 2329 782 2385 decem-primis
804 2329 968 2384 legatus
1000 2328 1043 2368 in
1063 2337 1203 2369 castra
1225 2326 1396 2382 Capito.
1423 2334 1558 2367 totam
1579 2325 1727 2376 vitam,

264 2384 272 2392 “
300 2399 509 2439 naturam,
540 2401 764 2441 moresque
793 2385 979 2426 hominis
1010 2400 1064 2426 ex
1096 2385 1189 2441 ipsa
1217 2383 1431 2439 legatione
1461 2381 1727 2438 cognoscite.

299 2446 395 2486 hisi
419 2444 728 2493 intellexeritis,
744 2442 929 2497 judiees,
953 2442 1115 2482 nullum
1136 2455 1227 2482 esse
1245 2439 1452 2489 officium,
1475 2437 1727 2492 nullumjus

297 2513 383 2543 tam
415 2513 609 2542 sanctum
641 2509 769 2555 atque
801 2499 1031 2554 integrum,
1053 2498 1167 2553 quod
1200 2512 1284 2538 non
1310 2497 1402 2551 ejus
1433 2495 1569 2536 scelus
1597 2503 1726 2549 atque

293 2559 473 2614 perfidia
505 2558 674 2598 violarit.
703 2566 747 2597 et
778 2555 1064 2607 imminuerit3
1104 2555 1243 2596 virum
1269 2553 1484 2609 optimum
1508 2565 1599 2592 esse
1627 2565 1731 2594 eum.⁴

280 2741 283 2743 .
329 2716 369 2747 63
385 2725 424 2745 ω·
441 2711 781 2754 (Vn-ysagonijmlicio]
799 2711 837 2741 de
853 2710 988 2751 pra‘mio
1029 2709 1106 2749 quia
1126 2709 1222 2739 duces
1245 2708 1293 2739 illi
1316 2708 1349 2738 in
1372 2708 1433 2739 hoc
1456 2706 1597 2737 facinore
1624 2705 1727 2741 fuere,

287 2768 379 2796 cape,
393 2758 484 2795 cujus
500 2764 573 2797 post
588 2755 722 2785 mentio.
739 2765 766 2782 v.
782 2754 873 2784 Clav.
885 2754 919 2783 in
924 2753 984 2794 ju·
1029 2751 1101 2782 ideo
1121 2751 1291 2791 praemium
1314 2750 1484 2782 manubias
1506 2747 1662 2790 appellat,
1685 2747 1723 2778 de

281 2800 418 2832 dicium.
1028 2793 1146 2833 quibus
1161 2802 1191 2822 v.
1208 2792 1297 2824 Clav.

329 2842 370 2876 69
391 2845 450 2872 [ms
467 2841 639 2870 manubias
654 2837 711 2878 R]
729 2837 981 2868 Venustissime:
