1907 3231
348 154 424 194 62¹4
904 153 1159 196 ORATIO
1188 153 1260 191 III.

349 266 470 297 rctnc
499 256 685 312 signum.
745 256 926 299 Annuit.
990 262 1026 291 19
1041 257 1118 297 Est
1144 271 1260 322 vero,
1291 257 1482 322 inquam,
1514 256 1684 314 signum
1707 272 1785 298 no-

354 323 461 364 tum,
494 313 638 370 imago
671 314 738 355 avi
770 315 848 365 tui,
879 313 1102 355 clarissimi
1133 314 1229 366 viri,
1258 315 1331 370 qui
1359 315 1520 355 amavit
1552 316 1678 356 unice
1709 329 1785 370 pa-

355 371 481 411 triam
515 380 558 412 et
589 371 704 412 cix-es
736 387 854 412 suos:
887 385 983 425 quae
1003 371 1177 425 quidem
1210 381 1252 412 te
1274 388 1299 412 a
1320 381 1439 413 tanto
1472 371 1626 413 scelere
1655 372 1786 413 etiam

297 431 475 469 llmuta
508 443 707 470 revocare
738 428 901 468 debuit.
964 427 1186 483 Leguntur
1212 430 1360 470 eadem
1387 429 1552 469 ratione
1584 429 1638 470 ad
1667 438 1787 469 sena-

356 493 447 526 tum
471 484 755 541 Allobrogum
782 460 1074 540 populumque
1095 484 1264 526 litter.ae
1292 486 1325 525 si
1349 486 1452 541 quid
1482 485 1535 527 de
1569 486 1634 527 his
1659 485 1786 526 rebus

354 542 496 583 dicere
519 543 657 592 v,ellet
652 532 762 582 feci
784 551 1056 597 potestatem
1098 540 1243 596 Atque
1266 541 1334 582 ille
1356 543 1494 598 primo
1517 543 1691 598 quidem
1711 556 1787 583 ne-

354 601 495 656 gzwit:
531 610 627 654 post
655 607 798 639 autem
831 598 1066 662 aliquanto,
1089 599 1230 654 totoj·
1223 613 1292 639 1111
1315 599 1475 641 indicio
1501 600 1702 656 exposito
1724 608 1789 639 at-

354 672 437 720 que
458 657 600 705 edito,
613 656 820 697 surrexit·
853 655 1055 710 quaesivit
1087 671 1112 696 a
1145 655 1295 707 Gallis,
1325 656 1429 710 quid
1452 657 1533 701 sibi
1555 667 1667 698 esset
1688 671 1787 697 cum

354 729 426 754 ns:
459 713 738 768 quamobrem
774 712 951 753 domum
988 727 1106 753 suam
1141 714 1381 765 venissent3
1414 713 1601 769 itemque
1627 729 1652 755 a
1683 713 1788 754 Vul-

354 770 507 810 turcio.
542 770 616 826 qui
653 785 748 811 cum
782 769 842 810 illi
876 771 1063 810 breviter
1092 747 1424 825 constanterque
1456 771 1789 834 respondissent,

355 841 430 883 pei
451 842 578 882 quem
609 827 661 868 ad
695 842 808 879 eum,
830 826 1085 891 quotiesque
1110 827 1341 876 venissent,
1373 827 1713 882 quaesissentque
1733 828 1788 868 ab

354 899 420 934 eo,
444 884 606 925 nihilne
629 899 773 926 secum
796 893 907 925 esset
928 884 980 925 de
1011 884 1110 925 fatis
1136 859 1358 948 Sibyllinis
1380 884 1573 926 locutus:
1607 894 1698 925 tum
1721 884 1790 925 ille

356 941 514 992 subito,
539 941 694 983 scelere
716 942 905 992 demens,
928 951 1089 996 quanta
1110 941 1386 982 co‘nscientiae
1413 941 1474 982 vis
1499 950 1624 992 esset,
1647 950 1790 983 osten-

355 999 433 1039 dit.
457 1014 571 1049 nam,
595 1014 693 1040 cum
716 999 759 1040 id
782 1007 927 1062 posset
954 999 1145 1049 infitiari,
1168 1007 1342 1055 iepente
1364 1007 1520 1054 praeter
1541 999 1791 1055 opinionem

356 1057 550 1096 omnium
572 1057 793 1097 confessus
814 1065 893 1096 est.
915 1055 976 1096 ita
993 1070 1091 1096 eum
1111 1070 1197 1096 non
1219 1056 1348 1096 modo
1367 1056 1590 1111 ingenium
1609 1056 1727 1106 illud,
1749 1065 1793 1096 et

356 1113 527 1154 dicendi
558 1114 829 1164 exercitatio,
860 1128 945 1167 qua
977 1127 1144 1169 semper
1173 1112 1320 1163 valuit,
1345 1113 1417 1153 sed
1447 1113 1592 1164 etiam,
1615 1121 1793 1170 propter

359 1171 444 1210 vim
474 1170 642 1212 sceleris
673 1170 890 1211 manifesti
924 1179 1053 1225 atque
1088 1170 1356 1226 deprehensi,
1392 1171 1674 1226 impudentia,
1707 1185 1793 1225 qua

300 1236 346 1270 12
360 1229 589 1283 superabat
620 1242 783 1279 omnes,
815 1227 1156 1283 improbitasque
1187 1227 1361 1268 defecit.
1422 1227 1668 1269 Vulturcius
1690 1242 1792 1267 vero

359 1285 503 1326 subito
526 1284 706 1341 proferri
728 1285 890 1326 litteras
913 1295 1042 1340 atque
1064 1284 1217 1341 aperiri
1233 1285 1380 1340 jussit,
1402 1299 1506 1340 quas
1531 1285 1611 1326 sibi
1634 1300 1659 1325 a
1683 1284 1794 1324 Len-

359 1341 448 1382 tulo
471 1342 523 1383 ad
548 1342 782 1383 Catilinam
804 1343 924 1382 datas
947 1357 1038 1383 esse
1060 1342 1247 1383 dicebat.
1307 1341 1453 1397 Atque
1475 1342 1536 1383 ibi
1563 1341 1792 1383 vehemen-

356 1399 520 1440 tissime
555 1401 827 1456 peiturbatus
864 1399 1084 1450 Lentulus,
1121 1408 1265 1440 tamen
1303 1407 1346 1439 et
1380 1400 1550 1463 signum
1591 1403 1715 1440 suum
1750 1406 1794 1439 et

355 1470 409 1496 m·
402 1472 530 1497 inum
553 1458 775 1513 cognovit.
799 1467 921 1498 elant
942 1466 1086 1497 autem
1106 1456 1278 1512 seliptae
1299 1456 1388 1497 sine
1409 1471 1595 1507 nomme,
1619 1456 1691 1497 sed
1712 1456 1792 1497 ita:

310 1510 342 1541 b.
361 1513 446 1559 Qui
464 1513 553 1564 sim,
576 1529 622 1554 er
648 1529 706 1564 eo,
729 1528 844 1570 quem
870 1513 926 1554 ad
947 1521 984 1554 te
1004 1514 1110 1564 misi,
1131 1527 1349 1569 cognosces.
1371 1529 1484 1564 cura,
1515 1521 1560 1554 ut
1589 1513 1653 1555 vir
1668 1513 1733 1563 sis,
1756 1519 1793 1553 et

356 1586 473 1626 quem
506 1570 551 1612 in
585 1571 715 1612 locum
745 1586 797 1611 εις
822 1586 952 1627 pr00'1
954 1585 1054 1611 essm
1085 1573 1125 1602 20
1139 1548 1289 1626 coogitffi
1309 1577 1346 1611 et
1365 1570 1468 1620 zide,
1491 1571 1693 1626 quidjam
1716 1570 1794 1610 tibi

354 1628 408 1668 sit
430 1642 590 1669 necesse.
613 1643 725 1679 ι’·ιινα,
750 1635 793 1669 ut
822 1643 1000 1669 ommam
1022 1628 1100 1668 tibi
1124 1627 1281 1668 aemilia
1309 1627 1541 1692 adjungas,-
1556 1628 1678 1669 etiam
1699 1627 1741 1667 in
1775 1652 1794 1660 ·

355 1700 527 1726 morum.
589 1685 802 1726 Gabinius
838 1685 992 1726 deinde
1030 1685 1314 1734 introductus,
1347 1699 1444 1725 cum
1480 1684 1619 1740 primo
1651 1684 1794 1740 impu-

359 1742 509 1783 denter
531 1743 786 1798 respondeie
813 1743 1035 1798 coepisset,
1057 1741 1110 1782 ad
1133 1751 1375 1782 extlemum
1400 1741 1506 1782 nihil
1528 1756 1583 1782 ex
1606 1741 1673 1791 iis,
1694 1756 1791 1796 quae

301 1800 346 1834 13
361 1799 475 1841 Galli
511 1799 830 1851 insimulabant,
866 1800 1057 1855 negavit.
1115 1798 1182 1840 Ac
1219 1798 1325 1839 mihi
1362 1799 1550 1854 quidem,
1585 1798 1793 1849 Quirites,

358 1871 456 1898 cum
480 1855 550 1897 illa
571 1857 809 1898 certissima
830 1834 948 1897 511111ῦ
952 1856 1043 1897 visa
1073 1866 1328 1912 argumenta
1360 1865 1488 1911 atque
1521 1855 1681 1897 indicia
1703 1870 1793 1896 sce-

357 1913 470 1965 leris,
499 1913 683 1964 tabellae,
720 1915 858 1971 signa,
896 1928 1063 1962 manus,
1099 1913 1284 1968 denique
1313 1912 1650 1969 uniuscujusque
1688 1927 1792 1954 con-

358 1970 502 2021 fessio,
525 1980 616 2011 tum
641 1971 776 2012 multo
810 1971 882 2012 illa
908 1985 977 2012 cel
983 1972 1105 2034 tiora,
1128 1970 1260 2021 00101,
1283 1969 1412 2020 001111,
1435 1970 1592 2021 vultus,
1615 1970 1794 2011 tacitur-

357 2029 484 2069 nitas.
509 2029 570 2069 sic
588 2028 702 2069 enim
726 2030 1053 2084 obstupuerant,
1073 2028 1134 2068 510
1150 2036 1303 2068 terram
1318 2028 1610 2078 intuebantur,
1630 2027 1691 2067 sic
1705 2026 1795 2067 fur-

360 2086 438 2126 tim
462 2100 784 2140 nonnumquam
807 2086 918 2126 inter
939 2099 983 2125 se
1004 2085 1316 2141 adspiciebant,
1341 2094 1387 2126 ut
1407 2085 1600 2140 nonjam
1621 2085 1676 2125 ab
1698 2084 1792 2124 aliis

363 2143 560 2191 indicari,
582 2142 706 2183 sslsed
729 2143 918 2183 indicare
941 2156 984 2183 se
1007 2144 1088 2198 ipsi
1111 2142 1371 2183 videlentur.

423 2175 598 2240 1111110115
621 2200 830 2256 expositis
860 2209 989 2254 atque
1018 2199 1159 2250 editis,
1182 2200 1389 2249 Quirites,
1413 2207 1607 2240 senatum
1639 2213 1796 2239 consu-

458 2257 558 2298 2‘lde
581 2272 747 2298 summa
768 2257 988 2315 republica
1019 2257 1123 2312 quid
1153 2256 1242 2297 fieri
1267 2257 1468 2313 placeret
1529 2255 1673 2297 Dictae
1697 2264 1797 2297 sunt

313 2177 350 2231 6

354 2257 463 2309 1111,

404 2407 440 2437 19
463 2402 528 2434 Est
541 2413 628 2439 vero,
655 2405 676 2433 ι’.
698 2404 832 2442 signum
853 2401 981 2441 notum]
1000 2402 1053 2432 Sic

355 2445 428 2476 edd.
445 2455 492 2485 pr.
508 2446 577 2476 sine
591 2446 719 2484 quidem
732 2458 740 2474 :
763 2445 850 2484 quod
863 2445 898 2475 in
912 2444 1054 2484 vulgatis

356 2493 420 2523 cst,
437 2498 496 2518 nec
510 2488 542 2518 h.
555 2487 579 2517 l.
595 2488 660 2517 vim
673 2487 783 2518 habet.

387 2533 428 2561 20
445 2531 553 2568 cogita
565 2534 595 2560 et
608 2530 694 2569 vide]
713 2529 813 2560 Hunc
825 2528 973 2558 ordinem
987 2536 1058 2558 ver-

356 2571 475 2602 borum
489 2572 588 2602 habet
603 2572 652 2602 ed.
663 2572 715 2602 W.
729 2573 782 2610 qui
796 2575 846 2601 est
860 2571 975 2600 melior
988 2569 1058 2599 vul-

358 2620 436 2653 gato
452 2619 482 2643 et
497 2615 606 2652 engira
620 2618 723 2653 q.—et
740 2614 820 2649 vide,
836 2612 924 2652 quod
937 2618 986 2642 est
999 2612 1059 2642 du-

359 2666 432 2686 rum
445 2667 451 2685 :
478 2666 537 2686 nec
551 2656 762 2686 Graevianum
774 2655 846 2685 virle
858 2659 888 2685 et
903 2654 1023 2694 placet.

401 2701 436 2729 ΞΗ
463 2699 616 2737 sedipsia
627 2708 658 2728 se
674 2698 754 2736 vid]
780 2698 832 2727 Sic
841 2696 890 2727 ed.
902 2697 954 2726 W.
971 2696 1058 2735 quod

357 2739 440 2770 benc
455 2739 596 2770 latinum
612 2744 671 2770 est.
716 2739 779 2770 Sed
799 2749 892 2769 aures
909 2749 976 2768 non
996 2739 1058 2769 im-

357 2782 441 2822 plet,
467 2791 527 2812 nec
551 2788 600 2812 est
626 2783 697 2812 soni
717 2781 936 2813 Ciceroniani.
973 2781 1058 2811 Scri-

358 2825 474 2864 psisset
487 2830 573 2854 certe
585 2836 591 2853 ι
608 2834 669 2854 ‘non
676 2822 756 2864 jam
769 2824 809 2854 ab
823 2825 909 2860 aliis,
922 2823 977 2853 sed
991 2833 1012 2853 α
1026 2833 1060 2853 se

356 2868 419 2906 ipsi
434 2867 574 2897 indicari
587 2867 652 2896 vid.
690 2867 802 2905 ltaque
819 2865 950 2906 praetuli
965 2865 1058 2895 lecti-

358 2918 455 2940 onem
471 2908 543 2940 edd.
554 2909 594 2940 R.
616 2911 704 2943 [480.
727 2908 781 2938 ΒΓ.
804 2908 891 2939 Med.
906 2908 962 2939 secl
973 2908 1057 2938 indi-

1096 2412 1172 2432 care
1183 2412 1215 2432 se
1227 2403 1288 2443 ipsi
1300 2413 1330 2433 v.
1342 2402 1428 2441 quod
1439 2402 1517 2432 olim
1532 2400 1673 2432 deseruit
1682 2399 1799 2438 Aldus,

1098 2445 1243 2475 restituit
1264 2445 1424 2482 Graevius,
1445 2444 1536 2475 nulla
1557 2443 1629 2474 edd.
1645 2448 1796 2474 veterum

1098 2488 1267 2517 mentione
1295 2487 1392 2517 facta.
1436 2487 1481 2516 At
1502 2486 1548 2516 illi
1574 2486 1647 2515 libri
1674 2491 1798 2516 veteres

1100 2529 1223 2559 Mureti
1239 2535 1328 2566 sunt,
1344 2535 1382 2559 ut
1397 2530 1524 2569 opinor,
1537 2526 1584 2558 illi
1600 2527 1691 2558 editi.
1735 2526 1798 2558 Sed

1101 2572 1236 2600 omnino
1250 2571 1395 2601 Grfevius
1406 2572 1439 2601 in
1450 2571 1499 2601 his
1511 2571 1714 2600 orationibus
1723 2569 1796 2600 edd.

1100 2618 1238 2649 veteres,
1253 2623 1332 2653 quas
1347 2613 1474 2649 habuit,
1489 2622 1555 2643 non
1571 2612 1725 2642 contulit.

1144 2657 1184 2686 22
1206 2657 1245 2686 cle
1258 2666 1389 2686 samma
1404 2654 1581 2695 republica]
1613 2654 1677 2684 Hic
1692 2654 1797 2693 recepi

1099 2707 1230 2728 summa
1245 2707 1311 2737 rep.
1327 2708 1385 2737 pro
1398 2708 1528 2728 summa
1534 2697 1623 2736 seip.
1638 2695 1724 2735 quod
1738 2696 1798 2726 ali-

1101 2749 1135 2770 as
1149 2749 1240 2779 aeque
1250 2740 1331 2770 bene
1346 2739 1479 2775 dicitur,
1494 2744 1533 2770 ut
1548 2748 1645 2778 supra
1658 2738 1796 2774 dictum,

1101 2782 1178 2820 quia
1192 2783 1225 2812 in
1238 2782 1287 2812 ed.
1303 2782 1356 2811 w.
1373 2786 1423 2812 est
1436 2782 1474 2812 de
1488 2790 1618 2812 summa
1633 2781 1799 2820 republica

1100 2826 1222 2854 salute:
1246 2833 1322 2854 nam
1334 2825 1441 2854 salute
1454 2829 1502 2854 cst
1519 2834 1536 2854 e
1551 2823 1668 2862 glossa.
1706 2821 1796 2852 Idem

1100 2871 1150 2896 est
1165 2866 1198 2896 iu
1212 2866 1261 2896 ed.
1276 2866 1316 2896 R.
1339 2866 1392 2896 Br.
1407 2875 1539 2896 summa
1556 2865 1600 2896 R.
1617 2864 1660 2894 P.
1679 2866 1796 2894 salute.

1101 2907 1163 2939 Sed
1191 2908 1265 2939 inde
1290 2908 1362 2940 edd.
1394 2911 1484 2940 1480.
1512 2907 1599 2939 Med.
1627 2907 1730 2938 fecere
1758 2905 1797 2935 de
