1907 3231
599 99 664 138 IN
689 98 737 139 L.
763 97 1118 138 CATILINAM,
1499 101 1575 142 ⁶71

139 203 374 261 patefacta,
393 212 617 260 comperta
637 213 737 245 sunt
765 216 841 260 per
860 217 955 256 me3
987 202 1145 245 vobis
1127 218 1221 258 Jam
1244 218 1461 260 exponam
1483 204 1580 246 bre—

138 262 264 314 viter,
289 262 506 309 Quirites:
540 270 588 301 ut
609 270 652 302 et
674 270 873 316 quanta,
868 270 912 302 61
933 276 1062 317 quam
1084 260 1327 324 manifesta,
1349 271 1392 302 et
1413 276 1498 326 qua
1514 276 1580 302 ra-

141 319 261 360 tione
279 319 540 382 investigata
552 327 596 359 et
613 319 926 376 comprehensa
943 319 1042 370 sint,
1055 332 1144 369 VOS,
1158 317 1468 374 quiignoratis,
1492 321 1579 360 5ex

139 376 246 417 actis
270 377 377 417 scire
395 374 584 431 possitis.

198 432 435 488 Principio,
459 442 507 473 ut
538 431 729 474 Catilina
749 434 897 489 paucis
919 442 1019 473 ante
1036 431 1187 473 diebus
1209 431 1351 496 erupit
1381 446 1436 473 ex
1458 433 1578 484 urbe,

136 504 238 531 cum
260 490 428 532 sceleris
451 490 514 530 sui
538 490 677 531 socios
681 490 884 545 ,hujusce
907 489 1058 531 nefarii
1080 489 1179 530 belli
1198 489 1428 530 acerrimos
1451 490 1580 530 duces

140 546 296 588 Romae
340 547 605 602 reliquisset:
649 562 816 612 semper
852 547 1027 603 vigilavi
1069 558 1113 587 et
1152 546 1335 603 providi,
1372 546 1580 597 Quirites,
1592 555 1625 585 b.

139 603 504 659 quemadmodum
536 606 580 645 in
611 606 741 645 tantis
779 614 822 646 et
855 614 944 644 tam
979 604 1245 645 absconditis
1279 604 1444 645 insidiis
1477 579 1580 645 salvi

139 675 232 702 esse
246 675 483 726 possemus.
519 663 632 704 Nam
658 671 763 712 tum,
781 676 879 702 cum
899 676 954 702 ex
971 663 1076 702 urbe
1094 661 1328 703 Catilinam
1341 662 1584 717 ejiciebam,
1598 663 1628 710 2

139 722 248 783 (non
279 719 394 759 enim
420 733 514 774 Jam
546 732 694 760 vereor
723 719 853 774 hujus
876 719 995 759 verbi
1028 719 1249 769 invidiam,
1271 734 1370 760 cum
1402 719 1473 760 illa
1494 733 1584 760 ma·-

139 775 207 833 gis
229 777 284 817 sit
309 777 512 828 timenda,
530 777 644 832 quod
667 777 790 817 vivus
812 775 1002 827 exierit)
1022 777 1093 816 sed
1118 786 1225 826 tum,
1248 791 1345 816 cum
1369 776 1488 817 illum
1507 791 1585 817 ex-

139 833 361 874 terminali
385 809 610 885 volebam,
643 843 716 873 aut
747 832 954 897 reliquam
985 833 1309 888 conjuratorum
1331 848 1507 874 manum
1530 834 1586 874 si-

140 891 231 931 mul
252 892 482 941 exituram,
506 901 581 931 aut
602 905 690 941 eos,
712 905 786 946 qui
808 890 1082 941 restitissent,
1105 890 1298 931 infirmos
1331 891 1421 931 sine
1444 891 1516 932 illo
1535 906 1586 932 ac

141 947 304 989 debiles
327 948 418 989 fore
442 950 664 1003 putabam.
737 946 916 1002 6Atque
945 962 1043 1004 ego,
1068 957 1114 988 ut
1138 947 1240 999 vidi,
1262 962 1369 1003 quos
1392 948 1623 989 maximo4

142 1005 287 1046 furore
312 1016 356 1046 et
392 1005 548 1046 scelere
582 1019 672 1045 esse
702 1005 993 1046 inflammatos
1027 1005 1231 1056 sciebam,
1264 1020 1336 1045 eos
1359 1006 1588 1047 nobiscum

142 1077 248 1113 esse,
270 1073 313 1103 et
335 1061 488 1103 Romae
507 1063 760 1103 remansisse
780 1080 790 1104 ε
815 1062 857 1103 111
881 1076 931 1103 60
954 1076 1103 1103 omnes
1122 1063 1211 1103 dies
1234 1073 1468 1118 noctesque
1485 1078 1590 1104 con-

143 1120 292 1171 sumsi,
324 1131 385 1171 ut,
416 1120 520 1176 quid
551 1129 742 1177 agerent,
765 1120 868 1175 quid
894 1119 1145 1160 molirentur
1177 1121 1379 1160 sentirem
1401 1135 1452 1161 ac
1474 1121 1592 1161 vide-

144 1191 260 1220 rem:
302 1187 366 1228 ut,
407 1178 613 1233 quoniam
652 1178 827 1218 auribus
869 1177 1037 1228 vestris,
1078 1187 1255 1233 propter
1294 1177 1593 1219 incredibilem

144 1234 493 1291 magnitudinem
527 1235 712 1286 sceleris,
735 1235 946 1275 minorem
974 1235 1104 1275 fidem
1137 1234 1299 1275 faceret
1322 1235 1461 1276 oratio
1483 1249 1595 1286 mea,

147 1306 238 1332 rem
261 1292 323 1332 ita
352 1293 777 1348 comprehenderem,
801 1302 847 1332 ut
877 1302 969 1333 111111
1001 1292 1175 1333 (1611111111
1197 1292 1351 1333 animis
1374 1293 1500 1333 saluti
1523 1307 1596 1333 ve-

147 1358 248 1391 strae
282 1349 581 1405 provideretis,
611 1365 709 1391 011111
732 1349 868 1390 0011115
903 1349 1163 1390 maleficium
1199 1350 1342 1405 ipsum
1378 1350 1595 1391 videretis.

149 1405 306 1462 Itaque
338 1416 386 1447 ut
418 1407 625 1463 comperi,
657 1407 823 1462 legatos
845 1405 1147 1463 Allobrogum,
1180 1406 1280 1447 belli
1309 1405 1598 1464 Transalpini,

147 1474 193 1506 et
211 1463 421 1505 tumultus
453 1464 611 1505 Gallici
634 1464 855 1505 excitandi
879 1478 1022 1515 031153,
1045 1479 1069 1504 3
1093 1464 1143 1504 P.
1168 1463 1351 1505 Lentulo
1373 1479 1464 1506 6556
1483 1465 1598 1506 solli-

148 1522 321 1572 citatos,
342 1535 502 1577 eosque
521 1522 564 1561 in
583 1521 770 1562 Galliam
792 1521 844 1561 ad
868 1535 968 1561 suos
989 1521 1121 1572 cives,
1136 1524 1154 1554 7
1169 1522 1407 1576 eodemque
1430 1523 1598 1587 itinere,

148 1593 249 1620 cum
281 1578 435 1619 litteris
463 1578 778 1634 mandatisque,
800 1578 854 1619 ad
889 1577 1122 1619 Catilinam
1152 1593 1243 1619 esse
1271 1579 1440 1630 missos,
1462 1580 1599 1621 comi-

149 1645 323 1691 temque
365 1636 417 1676 iis
447 1636 702 1691 adjunctum
743 1635 1030 1687 Vulturcium,
1053 1646 1183 1693 atque
1220 1636 1323 1678 huic
1354 1637 1475 1677 datas
1507 1652 1600 1678 esse

150 1693 204 1735 ad
228 1692 463 1734 Catilinam
485 1694 671 1735 litterzas
703 1693 956 1734 facultatem
987 1669 1095 1734 niihi
1127 1693 1317 1735 oblatam
1349 1694 1515 1750 putavi,
1537 1703 1601 1746 ut,

151 1750 268 1806 quod
300 1763 392 1791 erat
424 1750 745 1803 difficillimum,
769 1751 971 1806 quodque
1004 1753 1305 1807 egosssemper
1337 1752 1544 1808 optabam
1577 1767 1603 1793 3

152 1807 235 1849 diis
273 1807 604 1859 immortalibus,
636 1818 730 1849 tota
759 1822 824 1848 res
857 1823 943 1849 non
978 1808 1116 1849 solum
1147 1823 1172 1849 a
1201 1823 1283 1860 me,
1315 1810 1388 1850 sed
1422 1810 1554 1850 etiam
1577 1825 1602 1851 a

153 1875 302 1907 senatu
333 1877 378 1906 et
405 1880 430 1906 a
462 1866 586 1906 vobis
616 1865 848 1907 manifesto
879 1865 1288 1921 deprehenderetur.
1350 1866 1504 1922 Itaque
1527 1867 1639 1912 he-5

154 1932 299 1964 sterno
332 1923 402 1963 die
438 1922 487 1963 L.
519 1923 722 1964 Flaccum
746 1933 789 1964 et
823 1922 875 1964 C.
898 1922 1165 1974 Pomtinum‚
1188 1933 1397 1979 praetores
1418 1924 1603 1966 fortissi-

152 1995 263 2032 mos,
291 1990 421 2035 atque
452 1981 770 2021 amantissimos
804 1981 1054 2037 reipublicae
1085 1981 1214 2032 viros,
1244 1981 1297 2022 ad
1325 1996 1395 2022 me
1424 1983 1602 2024 vocavi:

154 2042 175 2073 9
199 2052 289 2078 rem
317 2051 491 2079 omnem
527 2039 738 2094 exposui:
782 2038 886 2093 quid
922 2038 1012 2079 fieri
1049 2038 1250 2094 placeret,
1286 2040 1474 2081 ostendi.
1534 2039 1604 2081 Illi

155 2105 316 2146 autem,
338 2096 411 2150 qui
444 2110 591 2136 omnia
611 2095 664 2137 de
687 2095 908 2160 republica
935 2096 1141 2152 praeclara
1162 2105 1291 2151 atque
1313 2097 1489 2153 egregia
1511 2112 1608 2139 sen-

154 2153 302 2204 tirent,
323 2153 415 2193 sine
437 2153 721 2204 recusatione,
735 2168 784 2194 30
807 2167 897 2194 Sine
922 2153 1006 2194 ulla
1026 2168 1147 2194 mora
1165 2131 1389 2209 negotium
1410 2169 1609 2220 suscepe-

156 2219 273 2262 runt,
295 2220 356 2262 et,
378 2224 477 2252 cum
500 2210 888 2266 advesperasceret
909 2210 1078 2252 occulte
1109 2210 1161 2252 ad
1182 2222 1361 2267 pontem
1388 2212 1609 2254 Mulvium

152 2340 205 2378 V,
219 2341 275 2373 62.
297 2345 332 2371 et
346 2340 432 2372 Phil.
448 2341 476 2378 1,
492 2343 523 2373 2.
548 2350 626 2371 nam
640 2340 685 2371 ibi
701 2339 828 2381 jugum
844 2351 867 2372 a

152 2384 333 2415 cervicibus
353 2383 491 2424 dejicere
505 2393 574 2413 non
587 2383 654 2414 alio
674 2392 772 2413 5611511
787 2384 866 2414 diei-

155 2432 222 2458 tur.
260 2426 341 2456 Mox
356 2431 523 2466 comperta
542 2425 615 2456 edd⁴
641 2435 689 2465 pr.
706 2426 776 2455 sine
791 2436 864 2466 que,

157 2473 196 2500 ut
210 2473 246 2499 et
257 2469 406 2499 Graevius
418 2468 521 2499 edidit
536 2479 554 2499 e
566 2467 648 2498 Mss.
662 2469 779 2499 tribus,

203 2514 222 2542 5
252 2515 284 2542 et
309 2510 518 2551 exspectatis]
555 2511 633 2541 Non
657 2510 764 2550 placet
791 2511 865 2541 hoe.

161 2552 241 2584 Non
255 2553 450 2594 simpliciter
469 2554 516 2584 sic
531 2557 718 2592 exspectare
733 2553 865 2583 dicitur.

163 2595 238 2632 Est,
263 2599 303 2626 ut
326 2597 458 2636 opinor,
485 2596 648 2626 correctio
673 2597 791 2625 veteris
822 2595 868 2626 le-

164 2637 284 2668 ctionis
298 2648 341 2668 ex
352 2639 448 2675 actile,
465 2637 552 2678 quod
573 2642 608 2668 et
630 2637 763 2668 Fulvius
779 2638 816 2668 111
829 2637 869 2668 11-

163 2680 230 2711 bris
244 2679 439 2719 quibusdam
461 2680 591 2721 seriptis
614 2679 750 2720 reperit,
763 2684 798 2710 et
813 2680 868 2711 ha-

163 2722 245 2752 bent
267 2721 340 2754 edd.
361 2733 410 2763 pr.
435 2732 562 2754 omneS.
615 2722 687 2761 Ego
712 2727 806 2752 vetus
830 2733 870 2753 ez·

164 2765 251 2795 actis
265 2765 408 2802 restitui,
418 2765 506 2804 quod
514 2775 583 2796 esse
599 2776 618 2795 a
629 2765 787 2795 Cicerone
802 2774 870 2795 non

164 2816 225 2846 pro
240 2813 332 2838 certo
349 2807 469 2844 dicam,
482 2807 539 2838 sed
548 2814 599 2838 est
610 2812 724 2838 tamen
736 2807 872 2847 vulgato

166 2849 306 2881 melius:
339 2858 382 2881 ex
411 2850 464 2887 115,
490 2860 562 2890 quae
590 2851 627 2881 in
653 2854 772 2880 senatu
798 2857 873 2881 aeta

909 2345 1001 2378 sunt,
1016 2350 1152 2380 quaeque
1176 2341 1210 2371 in
1237 2343 1448 2381 sequentibus
1477 2352 1613 2374 narram-

908 2390 976 2415 tur.
1022 2384 1234 2424 Exspectata
1248 2385 1372 2424 primus
1394 2386 1496 2417 edidit
1511 2387 1545 2417 P.
1557 2387 1615 2418 Vi.

908 2428 1044 2457 etorius.

951 2469 970 2499 6
993 2470 1099 2509 Aeque
1112 2479 1172 2508 ego
1185 2473 1223 2499 ut
1246 2468 1291 2508 v.]
1317 2469 1434 2501 Malim
1457 2470 1513 2502 Ac.
1528 2470 1616 2510 quod

909 2512 943 2542 in
957 2511 1021 2542 Ms.
1037 2513 1159 2551 reperit
1171 2511 1331 2541 Graevius.

952 2557 971 2588 7
995 2554 1166 2594 eodemque
1178 2554 1312 2593 itinere]
1327 2554 1445 2585 Addidi
1460 2556 1615 2595 copulam

910 2607 951 2627 ex
976 2595 1048 2627 edd.
1074 2597 1128 2627 W.
1161 2599 1251 2627 1480.
1278 2598 1398 2637 reperit
1427 2603 1462 2628 et
1488 2598 1523 2628 in
1549 2599 1614 2629 Ms.

911 2639 1072 2669 Graevius.

956 2684 975 2711 8
997 2689 1123 2720 semper
1140 2680 1309 2720 optabam]
1334 2681 1551 2713 Ser-{bendum
1566 2688 1617 2713 est

913 2727 1077 2763 optaram.
1119 2722 1207 2753 Tum
1227 2733 1293 2753 11011
1309 2724 1451 2764 amplius
1465 2725 1618 2765 optabat,

914 2775 991 2796 cum
1008 2775 1076 2796 rem
1090 2765 1194 2804 ipsam
1209 2770 1350 2796 teneret.

957 2811 977 2842 9
1000 2817 1071 2838 rem
1093 2817 1220 2837 omnem
1244 2808 1331 2847 esp]
1353 2808 1491 2839 Omnem
1506 2820 1523 2839 e
1539 2810 1621 2841 Mss.

916 2851 1021 2880 tribus
1037 2849 1157 2881 delevit
1173 2851 1332 2881 Graevius.
1349 2860 1416 2881 non
1433 2852 1529 2883 male.
