1907 3231
293 116 373 156 338
823 118 891 156 IN
924 103 1199 156 VERREM

296 220 372 261 ubi
408 220 586 273 audivit,
621 221 681 263 sic
711 221 949 277 cupiditate
979 221 1270 262 inflammatus
1305 228 1374 275 est
1393 235 1479 262 non
1503 220 1637 262 solum
1661 219 1726 262 in-

295 277 525 333 spiciundi,
548 293 694 319 verum
716 280 846 319 etiam
868 277 1101 328 auferendi,
1125 286 1173 318 ut
1195 275 1436 319 Diodorum
1458 277 1511 319 ad
1533 292 1577 319 se
1599 292 1727 318 voca-

295 343 375 386 ret,
406 350 455 376 ac
486 341 693 391 posceret.
752 334 893 384 4⁷111e,
924 334 997 388 qui
1030 333 1101 375 illa
1132 348 1218 375 non
1249 334 1408 375 invitus
1437 335 1628 384 haberet,
1661 348 1727 375 re-

298 392 482 447 spondet
515 401 558 433 s'e
593 390 773 447 Lilybaei
810 405 896 431 non
935 390 1118 433 habere:
1164 389 1331 432 Melitae
1365 392 1478 448 apud
1513 391 1727 447 quendam

233 461 288 496 39
299 450 590 505 propinquum
607 463 729 489 suum
746 446 978 502 reliquisse.
1037 446 1149 489 Tum
1169 448 1248 488 iste
1265 449 1470 489 continuo
1493 448 1629 488 mittit
1650 447 1729 488 ho—

297 507 434 547 mines
465 515 602 547 certos
635 505 857 545 Melitam:
891 504 1039 545 scribit
1069 505 1122 546 ad
1153 505 1357 560 quosdam
1392 505 1657 556 Melitenses,
1680 512 1729 546 ut

297 577 348 603 ea
370 578 469 603 vasa
490 562 758 617 perquirant:
791 570 915 616 rogat
931 561 1185 612 Diodorum,
1200 572 1246 603 ut
1268 562 1319 603 ad
1342 562 1461 603 illurn
1484 577 1607 603 suum
1629 575 1729 617 pro-

297 620 505 675 pinquum
528 619 600 659 det
621 618 796 658 litteras.
828 617 936 658 nihil
956 619 995 658 ei
1026 618 1196 675 longius
1216 619 1455 670 videbatur,
1478 634 1606 675 quam
1625 619 1730 660 dum

295 676 401 717 illud
426 676 588 715 videret
609 685 850 731 argentum.
912 674 1145 727 Diodorus,
1167 675 1299 716 homo
1322 676 1434 732 frugi
1460 691 1509 717 ac
1533 676 1731 731 diligens,

296 734 371 787 qui
405 747 480 772 sua
503 746 667 773 servare
697 732 836 783 vellet,
875 733 1118 788 propinquo
1153 747 1228 773 suo
1260 733 1423 783 scribit,
1452 742 1501 773 ut
1522 733 1589 783 iis,
1611 732 1684 788 qui
1707 747 1731 772 a

297 790 429 829 Verre
465 789 693 840 venissent,
727 790 1015 846 responderet,
1040 790 1142 830 illud
1166 799 1390 845 argentum
1415 804 1458 829 se
1480 790 1626 845 paucis
1649 788 1730 844 illis

295 847 446 887 diebus
477 847 641 887 misisse
674 847 929 902 Lilybaeum.
991 847 1089 904 Ipse
1120 847 1282 887 interea
1311 847 1484 888 recedit.
1507 848 1655 887 abesse
1677 846 1731 887 ab

295 904 425 944 domo
448 904 676 959 paullisper
694 904 858 954 maluit,
880 919 1008 958 quam
1031 919 1217 961 praesens
1241 903 1342 944 illud
1375 903 1538 959 optime
1568 902 1732 944 factum

297 971 524 1017 argentum
557 962 768 1001 amittere.
829 961 958 1007 Quod
991 962 1063 1002 ubi
1098 962 1263 1002 audivit
1296 961 1389 1012 iste,
1422 975 1554 1015 usque
1585 974 1636 1000 eo
1667 968 1733 1000 est

296 1026 554 1067 commotus,
584 1027 632 1058 ut
669 1018 760 1058 sine
793 1017 877 1058 ulla
911 1018 1183 1059 dubitatione
1224 1019 1411 1058 insanire
1446 1018 1646 1058 omnibus
1683 1032 1734 1058 ac

298 1074 436 1115 furere
467 1076 694 1116 videretur.
727 1075 828 1130 quia
848 1089 935 1115 non
963 1084 1162 1131 potuerat
1195 1085 1420 1131 argentum
1443 1076 1621 1130 eripere,
1646 1074 1736 1130 ipse

297 1147 323 1172 a
346 1131 540 1172 Diodoro
570 1141 718 1188 erepta
751 1132 832 1173 sibi
862 1147 961 1172 vasa
991 1133 1155 1189 optime
1185 1132 1300 1172 facta
1321 1133 1513 1174 dicebat:
1547 1131 1737 1172 minitari

297 1189 465 1229 absenti
491 1188 709 1231 Diodoro:
745 1188 968 1230 vociferari
993 1190 1158 1245 palam:
1190 1189 1398 1244 lacrymas
1422 1190 1636 1229 interdum
1659 1189 1733 1229 vix

296 1254 455 1287 tenere.
519 1245 770 1302 Eriphylam
799 1247 1043 1302 accepimus
1074 1247 1117 1287 in
1149 1246 1303 1288 fabulis
1326 1260 1376 1287 ea
1397 1246 1650 1302 cupiditate,
1672 1254 1735 1296 ut,

296 1318 397 1344 cum
432 1303 610 1344 vidisset
633 1304 808 1353 monile,
841 1313 888 1344 ut
918 1304 1088 1360 opinor,
1121 1319 1175 1344 ex
1209 1317 1312 1344 auro
1348 1313 1390 1345 et
1425 1304 1620 1359 gemmis,
1643 1302 1737 1358 pul-

297 1359 543 1401 chritudine
584 1360 675 1415 ejus
718 1361 904 1411 incensa,
958 1360 1137 1402 salutem
1179 1361 1260 1401 viri
1302 1361 1516 1417 proderet.
1577 1359 1738 1401 Similis

298 1417 422 1458 istius
444 1417 657 1473 cupiditas
677 1435 685 1459 :
718 1417 802 1458 hoc
823 1418 954 1458 etiam
985 1419 1124 1459 acrior
1145 1428 1272 1472 atque
1304 1418 1507 1468 insanior,
1529 1418 1644 1472 quod
1668 1416 1741 1458 illa

299 1475 504 1530 cupiebat
522 1475 579 1525 id,
602 1475 714 1530 quod
741 1475 925 1516 viderat:
949 1475 1076 1530 hujus
1096 1475 1295 1516 libidines
1318 1490 1403 1516 non
1427 1475 1564 1515 solum
1587 1474 1738 1524 oculis,

222 1541 289 1596 19
303 1532 374 1573 sed
396 1531 526 1573 etiam
548 1533 720 1572 auribus
752 1532 1068 1573 excitabantur.
1131 1531 1340 1588 Conquiri
1375 1531 1616 1573 Diodorum
1648 1539 1742 1572 tota.

238 1614 290 1644 40
304 1589 526 1645 provincia
547 1589 689 1644 jubet.
713 1589 782 1630 ille
816 1604 869 1630 ex
894 1589 1041 1630 Sicilia
1062 1588 1156 1643 jam
1179 1599 1318 1630 castra
1346 1598 1553 1640 moverat,
1576 1596 1620 1629 et
1641 1603 1743 1629 vasa

168 1670 200 1700 p.
217 1646 546 1701 209.collegerat.
609 1646 771 1697 Homo,
794 1656 842 1686 ut
861 1646 1004 1701 aliquo
1026 1646 1156 1687 modo
1181 1646 1299 1686 illum
1323 1646 1364 1686 in
1389 1646 1654 1702 provinciam
1676 1659 1741 1686 re-

258 1713 287 1733 a.
302 1712 488 1754 vocaret,
520 1703 630 1745 hanc
660 1704 930 1759 excogitavit
968 1704 1206 1744 rationem:
1250 1704 1283 1744 si
1315 1702 1410 1743 haec
1442 1703 1549 1743 ratio
1581 1702 1742 1758 potius,

299 1775 429 1816 quam
461 1761 649 1801 amentia
678 1760 940 1802 nominanda
970 1769 1048 1801 est.
1108 1760 1306 1816 Apponit
1343 1759 1395 1800 de
1435 1760 1520 1800 suis
1562 1760 1742 1800 canibus

299 1818 529 1872 quendam,
556 1818 629 1873 qui
663 1818 793 1868 dicat,
817 1832 860 1858 se
892 1817 1135 1859 Diodorum
1159 1817 1436 1858 Melitensem
1467 1817 1525 1857 rei
1549 1815 1744 1873 capitalis

298 1889 419 1915 reum
439 1875 545 1915 velle
568 1875 721 1916 facere.
757 1874 903 1916 Primo
925 1875 1082 1916 mirum
1102 1875 1302 1915 omnibus
1323 1873 1471 1924 videri,
1499 1873 1744 1914 Diodorum

299 1946 435 1982 reum,
458 1933 678 1973 hominem
699 1932 1029 1988 quietissimum,
1053 1933 1106 1972 ab
1129 1932 1246 1973 omni
1270 1946 1355 1972 non
1372 1931 1501 1972 modo
1523 1930 1742 1981 facinoris,

302 2003 449 2030 verum
471 1990 602 2031 etiam
621 1989 789 2030 minimi
809 1989 935 2030 errati
953 1989 1198 2046 suspicione
1217 1989 1568 2029 remotissimum.
1590 1987 1746 2028 deinde

301 2060 393 2087 esse
425 2048 714 2103 perspicuum,
751 2046 842 2087 fieri
870 2047 1015 2088 omnia
1046 2046 1117 2087 illa
1148 2055 1323 2103 propter
1354 2054 1594 2101 argentum.
1655 2043 1746 2085 Iste

304 2118 392 2144 non
415 2104 586 2145 dubitat
610 2105 765 2159 jubere
787 2118 945 2145 nomen
968 2103 1145 2145 deferri:
1179 2113 1222 2145 et
1259 2112 1351 2144 tum
1374 2103 1561 2159 primum
1591 2101 1748 2158 opinor

241 2167 289 2202 41
306 2160 435 2202 istum
458 2162 646 2203 absentis
669 2176 825 2202 nomen
848 2162 1073 2217 recepisse.
1117 2161 1204 2202 Res
1226 2160 1340 2201 clara
1357 2160 1505 2201 Sicilia
1528 2168 1632 2210 tota,
1647 2173 1748 2216 pro-

303 2227 400 2275 pter
421 2219 560 2260 caelati
584 2219 750 2275 argenti
773 2219 1055 2274 cupiditatem
1080 2233 1172 2259 reos
1195 2218 1286 2258 fieri
1309 2232 1448 2259 rerum
1469 2216 1745 2273 capitalium:

303 2278 343 2307 48
357 2290 496 2331 neque
536 2276 673 2317 solum
703 2291 796 2317 reos
836 2276 926 2316 fieri
969 2284 1217 2332 praesentes,
1259 2276 1331 2316 sed
1365 2275 1496 2316 etiam
1532 2274 1744 2315 absentes.

306 2332 525 2375 Diodorus
550 2333 703 2374 Romae
726 2333 966 2374 sordidatus
990 2333 1153 2374 circum
1176 2340 1378 2388 patronos
1401 2340 1532 2386 atque
1554 2330 1746 2386 hospites

305 2405 500 2432 cursare:
532 2405 621 2431 rem
654 2391 854 2431 omnibus
889 2405 1074 2431 narrare.
1147 2390 1322 2431 Litterae
1355 2389 1587 2430 mittuntur
1616 2387 1686 2428 isti
1724 2401 1750 2427 a

339 2456 428 2489 atre
449 2448 737 2498 vehementes,
765 2448 819 2489 ab
852 2448 1001 2489 amicis
1024 2448 1144 2498 item,
1169 2446 1345 2497 videret,
1375 2446 1479 2501 quid
1501 2453 1661 2501 ageret,
1691 2443 1746 2484 de

307 2462 504 2546 {Diodoro
523 2521 608 2562 quo
627 2505 976 2562 progrederetur:
999 2519 1089 2546 rem
1108 2503 1266 2546 claram
1287 2518 1378 2545 esse
1397 2511 1442 2544 et
1463 2502 1746 2544 invidiosam:

349 2671 390 2702 47
405 2667 479 2705 Ille,
495 2668 549 2708 qui
563 2668 637 2708 illa]
662 2668 741 2698 Non
765 2666 886 2708 placet.
902 2667 1003 2698 Dele-
1045 2670 1158 2707 estque
1170 2666 1204 2697 in
1214 2666 1285 2697 edd.
1294 2666 1458 2697 veteribus
1470 2665 1636 2703 omnibus,
1644 2663 1747 2694 etiam

307 2707 410 2741 v'erim
423 2711 495 2747 illa,
512 2715 570 2741 aut
580 2709 717 2750 legerim
730 2711 804 2740 ista.
1046 2706 1126 2744 Mss.
1153 2708 1326 2749 plerisque.
1369 2708 1398 2739 A
1425 2708 1487 2739 Gu.
1517 2708 1619 2738 abest.
1663 2704 1747 2736 Reos

349 2755 390 2784 48
407 2762 507 2793 neque
521 2763 544 2782 s.
561 2762 589 2782 r.
593 2752 629 2792 J:
644 2752 832 2792 prees-entes]
857 2751 1002 2783 Restitui
1034 2752 1117 2794 fieri
1142 2750 1330 2787 deleverim,
1353 2755 1392 2780 ut
1408 2750 1487 2781 fecit
1503 2750 1537 2779 P.
1557 2747 1744 2784 Manutius,

309 2795 450 2833 ejectum
466 2805 485 2825 a
498 2795 640 2825 Grutero
649 2799 835 2834 praesentes,
851 2794 950 2834 quod,
965 2799 1004 2825 ut
1045 2794 1101 2825 sed
1127 2803 1194 2824 non
1217 2793 1287 2822 sine
1311 2793 1404 2825 libris
1429 2791 1633 2831 auctoribus,
1662 2797 1746 2830 quos

309 2837 456 2868 Graevius
469 2837 551 2868 bene
565 2836 659 2875 vidit,
676 2837 784 2868 abesse
800 2846 867 2868 non
881 2840 1004 2878 potest,
1047 2835 1156 2869 nullos
1169 2835 1287 2868 habeo.
