1907 3231
326 125 396 160 152
839 120 911 158 IN
949 118 1238 159 VERREM

322 236 378 264 ex
401 221 548 264 multis
573 222 732 265 Siciliae
755 222 1002 265 civitatibus
1024 224 1163 281 priore
1184 225 1353 267 actione
1383 223 1587 275 didicisti,
1611 230 1753 266 tamen

324 279 457 321 etiam
476 281 519 321 in
541 279 622 321 hae
645 281 736 337 ipsa
757 280 932 322 civitate
954 296 1180 338 cognosce.
1231 281 1340 323 Sunt
1360 281 1417 322 illi
1441 280 1613 336 quidem
1635 280 1754 322 dicto

326 337 560 388 audientes,
583 337 786 392 quamdiu
807 337 959 378 adsunt
982 338 1026 388 ii,
1049 338 1120 393 qui
1145 338 1369 394 imperant.
1400 337 1576 379 simulac
1597 337 1756 380 disces-

327 403 485 444 serunt,
513 409 598 435 non
637 393 773 435 solum
807 393 908 435 illud
946 395 1229 450 perscribunt,
1262 395 1376 450 quod
1415 405 1505 435 tum
1545 393 1752 451 prohibiti

329 461 442 500 sunt,
464 451 534 492 sed
557 451 685 492 etiam
709 465 878 492 causam
900 450 1162 501 adscribunt,
1184 465 1259 492 cur
1289 448 1375 492 no'n
1406 460 1495 492 tum
1529 451 1571 492 in
1595 450 1756 492 litteras

266 507 316 542 89
330 507 508 548 relatum
533 509 602 548 sit.
663 506 846 548 Manent
877 507 969 547 istae
1003 507 1155 548 litterae
1182 507 1341 558 Mileti,
1365 517 1550 559 manent,
1572 516 1629 559 et,
1655 507 1759 549 dum

329 565 413 606 erit
442 564 512 605 illa
543 565 694 605 civitas
732 564 981 604 manebunt.
1053 563 1216 605 Decem
1246 565 1360 605 enim
1393 579 1521 606 naves
1547 565 1670 620 jussu
1707 563 1757 605 L.

330 621 529 663 Murenae
553 621 734 677 populus
760 619 954 661 Milesius
976 635 1029 662 ex
1064 621 1244 676 pecunia
1274 620 1472 677 vectigali
1496 621 1642 677 populi
1666 620 1756 663 Ro-

329 678 444 719 mani
466 677 638 729 fecerat,
657 678 767 718 sicut
788 692 864 733 pro
885 692 959 718 sua
980 691 1161 733 quaeque
1193 686 1312 733 parte
1342 677 1457 718 Asiae
1479 686 1631 719 eeterae
1653 678 1759 720 eivi-

331 745 454 776 tates.
482 735 756 788 quamobrem
782 749 909 775 unam
940 749 994 775 ex
1024 735 1186 784 decem,
1210 749 1295 774 non
1327 734 1576 790 praedonum
1607 748 1760 790 repen-

333 792 424 832 tino
446 791 646 841 adventu,
679 791 749 832 sed
773 790 900 847 legati
925 791 1171 844 latrocini03
1203 805 1287 832 non
1322 791 1361 831 vi
1387 791 1665 847 tempestatis,
1687 791 1760 833 sed

331 849 414 889 hac
434 848 625 889 horribili
648 857 900 904 tempestate
919 849 1146 899 sociorum,
1168 848 1383 899 amissam,
1404 847 1446 889 in
1470 848 1630 890 litteras
1652 848 1762 904 pub-

273 905 436 946 90licas
469 905 715 946 retulerunt.
776 906 886 946 Sunt
917 904 1068 946 Romae
1092 905 1220 962 legati
1254 904 1430 954 Milesii,
1461 904 1654 946 homines
1684 920 1767 947 noe

335 962 544 1012 bilissimi,
578 977 626 1003 ac
659 963 872 1018 principes
902 962 1113 1004 civitatis:
1146 962 1234 1017 qui,
1267 962 1435 1003 tametsi
1464 976 1651 1003 mensem
1684 962 1764 1004 Fe-

333 1019 564 1068 bruarium,
596 1029 639 1060 et
659 1018 930 1061 ‘sssconsulum
961 1019 1281 1075 designatorum
1303 1034 1459 1060 nomen
1489 1028 1766 1075 exspectant;

333 1086 475 1117 tamen
500 1075 580 1117 lioc
606 1084 771 1116 tantum
793 1075 957 1116 facinus
979 1080 1018 1111 79
1032 1090 1117 1116 non
1148 1076 1276 1116 modo
1307 1091 1462 1133 negare
1494 1076 1765 1133 interrogati,

334 1134 406 1174 sed
432 1147 484 1173 ne
507 1133 703 1188 producti
736 1132 909 1187 quidem
932 1132 1108 1174 reticere
1140 1142 1361 1189 poterunt:
1394 1133 1551 1184 dicent,
1575 1134 1765 1189 inquam,

334 1200 378 1230 et
400 1189 606 1245 religione
628 1189 816 1240 adducti,
839 1198 880 1230 et
902 1189 1233 1231 domesticarum
1256 1189 1397 1246 legum
1418 1199 1549 1241 metu,
1571 1190 1674 1246 quid
1693 1189 1766 1232 illo

335 1260 599 1302 myoparone
629 1247 792 1287 factum
825 1247 893 1287 sit.
925 1247 1166 1297 ostendent,
1196 1246 1246 1287 C.
1272 1247 1446 1288 Verrem
1478 1247 1520 1288 in
1549 1262 1600 1288 ea
1619 1247 1766 1298 classe,

335 1319 432 1358 quae
455 1312 605 1344 contra
624 1304 781 1360 piratas
801 1303 1014 1345 aedificata
1035 1304 1103 1355 sit,
1126 1305 1306 1360 piratam
1338 1304 1478 1361 ipsum
1505 1303 1767 1346 conscelera-

338 1371 429 1402 tum
452 1360 596 1402 fuisse.

254 1405 326 1460 36
397 1417 448 1459 C.
474 1416 694 1467 Malleolo,
724 1426 938 1472 quaestore
971 1416 1052 1458 Cn.
1087 1416 1338 1469 Dolabellae,
1361 1418 1519 1469 occiso,
1549 1418 1654 1458 duas
1686 1417 1767 1459 sibi

338 1474 594 1516 hereditates
614 1474 777 1515 venisse
796 1474 1025 1515 arbitratus
1047 1484 1135 1516 est:
1161 1489 1288 1516 unam
1306 1475 1548 1531 quaestoria:
1570 1489 1770 1530 procura-

337 1532 490 1583 tionis;
529 1535 569 1563 80
583 1547 679 1572 nam
716 1546 740 1571 a
770 1530 995 1572 Dolabella
1026 1532 1170 1572 statim
1208 1541 1500 1587 proquaestore
1525 1531 1671 1587 jussus
1705 1540 1771 1572 est

274 1588 320 1622 91
337 1603 450 1630 esse:
483 1588 657 1629 alteram
679 1588 846 1640 tutelae3
866 1603 979 1639 nam,
1001 1603 1098 1629 cum
1123 1589 1272 1644 pupilli
1298 1588 1488 1630 Malleoli
1513 1598 1627 1630 tutor
1644 1597 1771 1639 esset,

338 1646 382 1686 in
405 1646 519 1686 bona
541 1645 632 1700 ejus
657 1645 865 1701 impetum
888 1644 1006 1686 fecit.
1042 1660 1139 1686 nam
1173 1645 1399 1687 Malleolus
1432 1646 1474 1687 in
1506 1645 1772 1702 provinciam

337 1703 451 1743 8¹sic
483 1703 657 1758 copiose
689 1701 907 1759 profectus
940 1711 1045 1752 erat,
1075 1712 1123 1742 ut
1153 1703 1270 1743 domi
1306 1717 1475 1758 prorsus
1508 1702 1614 1743 nihil
1645 1701 1772 1744 relin-

225 1786 256 1816 p.
272 1778 323 1810 95.
336 1769 498 1814 queret.
523 1769 729 1815 praeterea
745 1759 944 1816 pecunias
962 1769 1194 1815 occuparat
1212 1760 1324 1815 apud
1346 1759 1540 1815 populos,
1559 1767 1604 1800 et
1623 1760 1663 1789 82
1673 1773 1773 1814 syn-

295 1828 323 1849 a.
337 1815 522 1873 graphas
546 1816 729 1860 fecerat:
762 1815 929 1873 argenti
963 1816 1117 1873 optimi
1151 1816 1291 1858 caelati
1325 1816 1485 1873 grande
1521 1816 1687 1872 pondus
1708 1829 1773 1856 se·

377 1981 417 2012 78
446 1989 521 2009 coss.
548 1979 669 2018 design.
692 1988 806 2010 nomen
833 1978 1031 2019 eoespectant]
1077 1983 1174 2010 erunt
1202 1979 1307 2011 dicere
1336 1980 1375 2011 de
1396 1980 1508 2017 Verre,
1533 1977 1661 2020 qualem
1683 1987 1717 2009 se
1738 1977 1777 2009 in

335 2020 514 2061 Displicuit
541 2022 602 2051 hoc
632 2022 847 2054 Hotomanno
874 2026 907 2051 et
945 2022 1033 2059 aliis3

334 2062 415 2093 item
429 2063 572 2094 Graevio:
597 2073 733 2102 quorum
753 2063 836 2094 alter
850 2067 1035 2103 eas-pectant

359 2105 429 2134 onit
445 2109 518 2145 post
532 2104 624 2136 Febr.
638 2111 670 2135 et
684 2106 716 2135 in
728 2106 791 2136 sine
804 2107 1016 2137 extimescunt
1026 2118 1035 2134 .-

334 2115 388 2177 Eie
414 2157 530 2177 nomen
563 2147 698 2187 corrigit
724 2152 859 2177 nutam:
894 2154 1032 2186 uterque

334 2189 433 2218 nimis
443 2199 592 2229 premens
602 2190 734 2221 verbum
745 2194 941 2229 exspectant.
955 2189 1033 2219 Sen-

334 2239 389 2260 sus
404 2236 470 2261 est:
492 2231 554 2261 etsi
568 2232 688 2268 sciunt,
705 2241 849 2262 mensem
868 2231 960 2263 Febr.
984 2232 1035 2261 in-

334 2279 435 2308 stare,
460 2283 524 2312 quo
547 2283 658 2303 mense
686 2274 829 2313 ipsorum
858 2283 978 2304 caussae
1001 2273 1036 2304 in

336 2319 453 2345 senatu
479 2317 531 2354 agi
561 2322 724 2354 oportere,
751 2321 785 2345 et
809 2316 931 2352 sciunt,
959 2325 1036 2346 con-

337 2356 423 2386 sules
445 2356 643 2396 designatos,
671 2357 727 2387 illo
749 2362 897 2397 tempore
920 2358 1037 2398 praefu-

338 2403 431 2428 turos
458 2399 599 2435 senatui,
625 2400 679 2438 qui
706 2400 772 2429 sint
805 2400 898 2430 Verri
931 2400 1036 2431 amici.

341 2440 367 2469 si
382 2441 516 2471 verbum
531 2446 714 2480 exspectare
734 2441 774 2471 ad
785 2442 894 2471 vivum
919 2451 1038 2472 reseca-

342 2491 428 2519 mus,
443 2492 508 2513 non
523 2483 625 2521 magis
640 2487 754 2524 aptum
770 2489 820 2514 est
833 2484 936 2513 mensi
949 2484 1040 2514 Febr.

345 2533 442 2562 quarn
458 2534 538 2554 coss.
554 2524 619 2555 des.

385 2568 425 2598 79
447 2575 510 2595 non
533 2568 622 2596 modo
638 2567 1036 2608 interrogati—producti]

343 2607 463 2637 Sensus
478 2613 539 2643 est,
555 2618 619 2638 non
636 2609 731 2638 modo
755 2618 820 2638 non
844 2610 1039 2646 reticebunt,

343 2649 369 2678 si
385 2658 482 2689 super
495 2660 532 2679 ea
546 2660 577 2680 re
593 2651 632 2680 ab
646 2661 709 2686 me,
723 2655 921 2687 accusatore,
936 2653 1041 2682 nomi-

345 2691 450 2724 natim
474 2692 781 2731 interrogalmntur3
805 2692 859 2723 sed
880 2693 979 2724 etiam
995 2694 1042 2724 di-

344 2737 433 2768 cent,
449 2733 474 2762 si
489 2742 554 2763 non
573 2734 864 2773 interrogabuntur
877 2736 1045 2775 super-isto

344 2774 501 2811 facinore,
526 2775 582 2805 sed
609 2781 741 2805 tanturn
770 2787 787 2806 e
823 2777 1046 2817 postulatione

346 2825 420 2848 mea
447 2818 595 2848 venerint
630 2818 663 2848 in
683 2817 860 2858 judicium,
895 2823 930 2850 et
959 2820 1044 2860 jussi

1078 2022 1245 2061 provincia
1259 2024 1404 2062 gesserit.

1121 2066 1161 2094 80
1185 2074 1265 2094 uam
1291 2074 1312 2094 α
1339 2063 1528 2105 Dolabella]
1567 2063 1632 2094 Hic
1664 2062 1777 2104 paucis

1077 2105 1221 2135 versibus
1231 2114 1346 2145 quater
1358 2117 1437 2138 nam
1450 2111 1638 2146 usurpatur,
1653 2114 1710 2144 per
1719 2113 1776 2134 ne-

1075 2147 1282 2188 gligentiam,
1299 2148 1474 2179 habentem
1490 2147 1612 2187 aliquid
1623 2146 1775 2177 offensio-

1076 2190 1125 2219 nis
1141 2189 1226 2230 apud
1241 2200 1333 2220 aures
1348 2191 1526 2230 elegantes,
1549 2189 1603 2220 sed
1617 2188 1778 2220 defensio-

1077 2232 1126 2261 nis
1159 2231 1259 2262 etiam
1287 2232 1410 2271 aliquid
1434 2243 1451 2263 e
1478 2232 1692 2270 necessitate·,
1725 2231 1778 2262 vix

1077 2274 1165 2304 enim
1195 2273 1291 2304 aliter
1311 2275 1380 2305 sine
1407 2274 1598 2313 ambagibus
1620 2277 1680 2304 aut
1707 2272 1777 2303 sine

1080 2321 1149 2346 arte
1170 2315 1211 2345 ab
1232 2316 1442 2356 simplicitate
1464 2316 1564 2356 hujus
1587 2315 1650 2346 loci
1670 2314 1780 2346 aliena

1081 2357 1177 2388 aliter
1188 2357 1329 2388 dixisset.

1123 2402 1159 2430 81
1184 2400 1229 2429 sic
1249 2400 1460 2440 copiose—ast]
1490 2399 1614 2440 Copiose
1635 2399 1716 2431 mihi
1741 2398 1781 2430 de

1081 2441 1188 2481 glossa
1200 2447 1388 2482 suspectum
1400 2447 1460 2473 est.
1489 2442 1576 2473 Nam
1593 2442 1706 2472 Cicero
1720 2442 1779 2478 sic,

1081 2485 1144 2519 ita,
1158 2484 1191 2513 in
1205 2483 1265 2514 tali
1278 2493 1311 2514 re
1328 2483 1414 2515 nude
1430 2484 1540 2525 ponit:
1566 2484 1600 2514 in
1614 2493 1714 2523 eoque
1727 2487 1780 2514 est

1083 2525 1257 2564 elegantia.
1270 2536 1300 2556 v.
1313 2526 1337 2556 C
1342 2525 1405 2558 lav.

1125 2570 1164 2598 89
1185 2570 1392 2607 syngraphas
1401 2565 1549 2607 fecerat]
1574 2566 1701 2597 Sudant
1725 2565 1782 2597 hie

1084 2609 1316 2640 Hotomannus
1338 2615 1371 2640 et
1387 2609 1542 2640 Graevius.
1576 2607 1784 2648 Syngraphoe

1085 2652 1250 2692 pertinent
1265 2652 1306 2682 ad
1320 2651 1430 2682 literas
1442 2660 1460 2680 a
1476 2650 1610 2690 privatis
1631 2654 1781 2691 acceptas

1085 2703 1144 2733 pro
1160 2694 1303 2733 pecuniis
1318 2693 1462 2724 creditis:
1480 2696 1557 2722 ante
1569 2691 1609 2722 de
1621 2692 1780 2733 pecuniis,

1087 2745 1165 2775 quas
1186 2735 1366 2766 crediderat
1387 2733 1528 2775 populis,
1551 2733 1572 2764 i.
1588 2743 1616 2765 e.
1639 2733 1782 2765 civitati*

1089 2778 1160 2816 bus,
1173 2777 1207 2808 in
1222 2777 1338 2818 quibus
1352 2776 1545 2819 syngrapha
1559 2785 1626 2808 non
1642 2776 1740 2809 fiunt.
