1907 3231
273 163 351 199 606
791 162 1042 202 ORATIO
1085 161 1137 200 ΙΙ.

273 265 568 320 mescendum,
591 266 708 324 quod
748 267 941 309 audaciae
979 262 1268 317 decemvirali,
1300 266 1712 324 corrumpendarum

275 323 518 366 tabularum
561 325 845 382 publicarum,
886 322 1274 379 fingendorumque
1314 327 1709 369 senatusconsulto-

275 394 386 432 rum,
408 396 504 437 quae
528 381 645 424 facta
665 394 900 435 numquam
925 387 1037 430 sunt,
1060 395 1160 421 cum
1181 395 1237 422 ex
1259 395 1310 422 eo
1332 396 1526 434 numero,
1541 383 1615 438 qui
1634 398 1712 440 per

275 451 349 478 eos
372 453 506 479 annos
539 439 732 481 consules
764 437 953 486 fuerunt,
975 436 1099 477 multi
1133 439 1291 479 mortui
1324 438 1423 490 sint,
1454 454 1614 496 magna
1632 456 1714 497 po-

274 503 408 537 testas
425 497 703 552 permittitur.
736 495 816 535 nisi
839 493 950 535 forte
971 493 1080 535 nihil
1102 502 1166 534 est
1180 509 1367 550 aequum,
1389 511 1465 537 vos
1487 498 1539 539 de
1560 511 1713 540 eorum

277 552 457 594 audacia
475 553 695 608 suspicari,
713 566 895 606 quorum
918 551 1147 608 cupiditati
1166 552 1349 594 nimium
1365 564 1571 610 angustus
1593 555 1710 597 orbis

199 599 485 651 15terrarum
507 623 597 650 esse
620 608 828 650 videatur.
889 608 1075 650 Habetis
1107 623 1239 649 unum
1273 610 1530 654 venditionis
1560 627 1713 669 genUS,

213 667 392 723 38quod
415 681 620 721 magnum
643 666 777 707 videri
808 666 932 707 vobis
954 665 1172 722 intelligo:
1205 667 1277 708 sed
1306 668 1516 710 attendite
1545 666 1712 712 animos

275 725 329 765 ‘ad
362 738 424 775 ea,
447 738 544 778 quae
567 731 910 779 consequuntur:
942 723 1059 764 hunc
1090 723 1211 779 quasi
1235 727 1268 754 5¹
1285 724 1467 780 gradum
1495 727 1711 782 quendam

274 791 403 836 atque
425 781 589 821 aditum
621 781 674 822 ad
696 790 838 822 cetera
852 780 1022 837 jactum
1044 780 1308 838 intelligetis.
1335 796 1420 835 9¹³1
1445 797 1580 836 AGRI,
1601 798 1710 838 915AE

275 851 418 888 LOCA,
443 852 552 890 QUAE
572 852 826 880 AEDlFlCIA.
879 839 998 885 Quid
1021 848 1085 880 est
1107 842 1340 895 praeterea?
1370 839 1507 882 multa
1529 841 1573 882 in
1591 856 1714 884 man-

239 911 242 913 *
271 895 411 951 cipiis‚
435 896 477 936 in
513 910 684 952 pecore,
718 911 836 947 auro,
868 904 1068 953 argento,
1099 898 1243 948 ebore,
1275 906 1409 948 veste,
1442 912 1489 939 su
1525 897 1712 952 ellectili,

271 953 424 994 ceteris
443 953 585 994 rebus.
646 953 767 1000 Quid
788 954 958 995 dicam?
990 953 1252 995 invidiosum
1276 963 1469 1010 putasset
1489 913 1574 997 ξος
1604 955 1712 1009 fore,

271 1010 307 1050 si
327 1010 472 1051 omnia
492 1011 783 1052 nominasset?
815 1025 901 1051 non
922 1011 1077 1052 metuit
1093 1011 1315 1052 invidiam.
1339 1012 1442 1068 quid
1459 1015 1587 1070 ergo?
1618 1013 1713 1055 lon-

271 1082 375 1123 gum
417 1068 602 1123 putavit,
643 1076 688 1109 et
724 1067 885 1119 timuit,
922 1082 977 1109 ne
1011 1069 1115 1125 quid
1157 1070 1417 1125 praeteriret:
1469 1070 1712 1127 adscripsit,

272 1137 492 1167 ALIUDVE
519 1139 658 1176 oum.
690 1140 775 1181 qua
808 1125 1021 1166 brevitate
1051 1140 1141 1167 rem
1177 1126 1336 1167 nullam
1369 1142 1460 1169 esse
1481 1137 1712 1185 exceptam

271 1183 442 1224 videtis.
504 1183 730 1239 Quidquid
752 1197 856 1239 ergo
888 1183 945 1224 sit
977 1192 1101 1224 extra
1131 1182 1320 1235 Italiam,
1341 1184 1460 1242 quod
1488 1186 1713 1242 publicum

272 1240 422 1297 populi
445 1239 634 1282 Romani
666 1239 829 1282 factum
853 1240 924 1292 sit,
949 1240 998 1282 L.
1022 1240 1153 1293 Sulla,
1186 1241 1243 1288 Q.
1268 1241 1494 1298 PompeiO,
1525 1242 1713 1285 consuli-

210 1303 260 1336 39
275 1299 368 1349 bus,
384 1307 460 1339 aut
481 1308 645 1354 postea,
668 1298 712 1340 id
734 1299 1000 1340 decemviros
1015 1298 1145 1354 jubet
1163 1299 1362 1341 vendere.
1423 1298 1524 1341 Hoc
1554 1301 1714 1358 capite,

159 1360 192 1391 P·
209 1354 260 1386 74·
275 1356 481 1406 Quirites,
505 1370 654 1397 omnes
676 1365 842 1412 gentes,
863 1356 1074 1408 nationes,
1097 1356 1356 1414 provinciaS,
1376 1370 1522 1413 regna,
1541 1358 1714 1400 decem-

229 1404 413 1455 a'virum
443 1413 815 1469 ditioni,judici0,
837 1414 1127 1470 potestatique
1158 1414 1366 1470 permissa
1395 1425 1439 1456 et
1468 1416 1714 1458 condonata

268 1485 360 1512 esse
376 1472 490 1512 dico.
533 1473 572 1502 5⁶2
588 1471 782 1512 Primum
800 1472 916 1512 enim
930 1472 1013 1512 hoc
1030 1483 1193 1527 quaero,
1215 1473 1289 1527 qui
1304 1472 1478 1513 tandem
1500 1472 1712 1516 locusus-

267 1543 397 1583 quam
413 1528 482 1580 sit,
498 1543 626 1584 quem
645 1544 731 1570 non
745 1529 912 1586 possint
924 1529 1154 1570 decemviri
1172 1529 1313 1570 dicere
1327 1529 1549 1585 publicum
1560 1530 1710 1588 populi

268 1585 456 1627 Romani
476 1601 566 1627 esse
588 1586 767 1628 factum.
786 1601 900 1636 nam,
924 1601 1022 1627 cum
1044 1586 1157 1627 idem
1175 1586 1535 1642 possitjudicare,
1549 1589 1623 1644 qui
1645 1589 1711 1630 di-

268 1644 383 1685 xerit
396 1661 406 1696 3
423 1643 527 1699 quid
541 1653 619 1695 est,
630 1644 745 1700 quod
758 1659 846 1685 non
858 1644 987 1685 liceat
999 1643 1037 1684 ei
1051 1644 1206 1694 dicere,
1220 1644 1290 1685 cui
1303 1644 1429 1685 liceat
1444 1644 1712 1700 eidemjudi-

269 1704 394 1743 care?
426 1702 717 1743 Commodum
731 1702 811 1742 erit
827 1701 1101 1757 Pergamum,
1117 1701 1359 1756 Smyrnam,
1372 1700 1548 1754 Tralles,
1566 1701 1711 1759 Ephe-

270 1773 379 1810 sum,
403 1758 623 1810 Miletum,
655 1758 881 1816 Cyzicum,
911 1767 1048 1800 totam
1080 1758 1263 1814 denique
1297 1757 1461 1810 Asiam,
1484 1774 1581 1815 quae
1611 1768 1712 1816 post

273 1815 322 1857 L.
346 1816 522 1868 Sullam,
555 1817 612 1864 Q.
637 1816 911 1874 Pompeium,
942 1815 1153 1868 consules,
1185 1825 1436 1872 recuperata
1457 1816 1526 1869 sit,
1557 1817 1709 1874 populi

207 1874 259 1908 40
274 1873 460 1915 Romani
483 1874 643 1915 factam
664 1889 755 1915 esse
777 1874 931 1916 dicere,
975 1874 1132 1916 Utrum
1147 1873 1285 1914 oratio
1308 1873 1361 1915 ad
1383 1873 1475 1930 ejus
1497 1874 1556 1915 rei
1569 1877 1608 1906 53
1622 1875 1710 1916 dis-

268 1932 541 1987 putationem
568 1931 729 1975 deerit:
762 1947 831 1983 an,
862 1946 961 1973 cum
987 1931 1100 1972 idem
1129 1940 1172 1972 et
1202 1930 1394 1981 disseret,
1417 1931 1710 1987 etjudicabit‚

266 1989 429 2046 impelli
453 2003 539 2030 non
570 1990 747 2047 poterit,
778 1999 827 2030 ut
856 1988 1011 2030 falsum
1026 1988 1228 2044 judicet?
1258 2003 1328 2040 an,
1359 1989 1392 2029 si
1418 1989 1710 2031 condemnare

265 2046 416 2087 Asiam
451 2046 582 2099 volet,
617 2055 823 2088 terrorem
856 2046 1146 2088 damnationis
1179 2055 1222 2087 et
1252 2046 1390 2087 minas
1422 2061 1524 2098 non,
1557 2047 1709 2102 quanti

268 2104 396 2155 volet,
436 2105 699 2147 aestimabit?
759 2107 798 2135 54
814 2104 933 2151 Quid
969 2104 1105 2159 (quod
1142 2104 1356 2159 disputari
1399 2113 1551 2145 contra
1589 2103 1708 2146 nullo

267 2171 397 2217 pacto
417 2171 575 2217 potest,
597 2161 802 2218 quoniam
826 2171 1033 2203 statutum
1065 2177 1089 2202 a
1119 2161 1244 2202 vobis
1273 2171 1338 2202 est
1359 2170 1403 2201 et
1427 2161 1711 2217 judicatum,)

266 2233 396 2274 quam
419 2219 812 2274 hereditatemjam
843 2220 1070 2269 crevimus,
1102 2233 1283 2276 regnum
1317 2219 1562 2276 Bithyniae?
1592 2220 1710 2274 quod

264 2285 382 2317 certe
404 2276 626 2333 publicum
649 2287 714 2318 est
735 2277 884 2333 populi
907 2276 1092 2318 Romani
1114 2276 1302 2317 factum:
1335 2275 1545 2332 numquid
1567 2291 1711 2319 causae

265 2343 344 2385 est,
366 2334 472 2389 quin
495 2349 643 2376 omnes
663 2350 804 2391 agros,
827 2335 967 2387 urbes,
987 2337 1026 2365 55
1040 2334 1210 2385 stativa,
1233 2343 1398 2391 portuS,
1429 2343 1566 2375 totam
1588 2334 1710 2376 deni-

309 2446 345 2475 51
374 2444 520 2483 gradum
547 2449 644 2485 atque
667 2446 796 2476 aditum
815 2444 966 2485 jactum]
1013 2445 1130 2475 tionem
1147 2447 1196 2474 est
1210 2443 1250 2474 ab
1264 2442 1360 2474 AldO.

268 2484 482 2518 Scribendum
507 2487 731 2528 putofactum
745 2501 754 2517 .·
776 2497 848 2527 quae
870 2487 969 2518 verba.
1054 2489 1095 2518 54
1107 2486 1210 2527 Quid,
1225 2486 1310 2526 quod
1321 2484 1396 2526 &c.]
1421 2484 1520 2515 Hune
1534 2483 1645 2516 locum
1659 2486 1706 2518 sic

267 2538 352 2569 saepe
373 2529 407 2559 in
421 2529 512 2559 libris
535 2531 728 2569 permutari,
745 2540 765 2560 a
778 2530 892 2560 multis
909 2539 967 2559 no·
1010 2529 1216 2570 interpunxit
1233 2529 1391 2565 Graevius,
1415 2533 1454 2558 ut
1476 2534 1637 2569 punctum
1660 2529 1709 2560 fa-

266 2576 377 2601 tatum
408 2577 467 2602 est.
494 2573 618 2602 muniri
645 2573 756 2603 aditus
789 2572 870 2609 scio,
899 2581 966 2601 non
1009 2575 1097 2602 ceret
1124 2575 1200 2611 post
1226 2571 1398 2607 crevimus,
1426 2574 1464 2600 ut
1489 2576 1538 2600 est
1566 2571 1599 2600 in
1633 2571 1707 2601 edd.

257 2612 351 2653 jaci:
368 2623 427 2643 nec
441 2614 559 2653 gradus
575 2615 707 2651 iacitur,
723 2614 778 2644 sed
793 2614 843 2645 fit.
879 2614 965 2645 Tur·
1008 2619 1089 2644 vett.
1133 2613 1196 2643 Sed
1211 2613 1382 2643 manifeste
1397 2612 1468 2642 haec
1480 2623 1553 2643 cum
1568 2623 1706 2652 sequen-

267 2655 370 2686 nebus
385 2656 827 2696 comparatfundamentum
833 2655 963 2698 jacere,
1007 2657 1093 2687 tibus
1104 2655 1284 2692 eohaerent,
1294 2664 1353 2685 nec
1362 2654 1494 2695 plenam
1506 2656 1707 2687 sententiam

266 2697 366 2728 sedid
387 2707 453 2727 non
467 2699 544 2729 satis
561 2699 666 2730 simile
678 2704 738 2729 est.
1006 2699 1165 2729 efficiunt.
1211 2699 1366 2728 Ceterum
1389 2698 1495 2728 oratio
1517 2703 1568 2728 est
1582 2697 1704 2728 durior.

309 2743 349 2770 52
374 2739 531 2770 Primum
553 2743 639 2771 enim
662 2743 719 2772 7100
732 2741 855 2781 quoero]
881 2741 964 2772 Edd.
1006 2743 1058 2772 An
1074 2742 1120 2772 sic
1136 2739 1384 2780 corrigendum:
1409 2741 1561 2779 quoniam
1583 2740 1708 2770 heredi-

264 2792 314 2823 pr.
338 2782 495 2813 Primum
512 2785 571 2813 hoc
582 2793 688 2823 quaro
700 2785 798 2820 enim,
815 2783 902 2823 quod
915 2794 963 2814 re·
1007 2788 1109 2814 tatem
1114 2781 1192 2823 jam
1216 2785 1376 2812 crevimus
1389 2794 1397 2810 :
1422 2792 1563 2821 regnum
1585 2781 1708 2822 Bithya

264 2825 377 2855 stituit
391 2825 548 2855 Graevius.
1004 2828 1068 2857 711*oe
1083 2829 1168 2857 certe
1178 2825 1345 2864 publicum
1359 2829 1405 2854 est
1412 2835 1449 2864 p.
1466 2825 1508 2858 R.
1511 2823 1663 2866 sactum.

306 2870 345 2898 53
368 2868 633 2908 disputationem]
650 2868 702 2898 Sic
717 2867 788 2899 edd.
799 2878 847 2908 pr.
862 2877 964 2907 usque
1047 2871 1086 2901 55
1109 2866 1246 2908 stativa]
1264 2877 1294 2898 v.
1311 2866 1456 2898 Clavem.

262 2909 304 2941 ad
318 2909 414 2944 Juut.
436 2916 535 2950 atque
556 2911 657 2942 etiam
680 2910 760 2942 Mss.
789 2910 963 2951 Discepta-

1872 1379 1876 1386 ,
1868 1349 1870 1357 ,
1860 978 1872 1332 -.ma—ww.»-
