1907 3231
454 132 578 175 AcT.
605 129 657 173 Π.
703 125 890 172 LIBER
922 124 1194 172 TERTms
1464 134 1542 176 2⁴73

109 236 284 281 alterius
316 239 476 296 injuria
492 254 595 282 sese
627 239 868 295 despectos,
889 238 1236 296 dignitatemque
1257 236 1419 278 ordinis
1438 251 1543 279 con·

109 305 320 353 temptam
341 306 384 339 et
412 296 643 352 abjectam.
674 296 790 352 quod
824 295 1080 347 mehercule,
1096 294 1283 351 judiceS,
1319 293 1427 334 mihi
1451 309 1540 335 non

107 355 382 397 mediocriter
403 355 628 397 ferendum
652 354 835 396 videtur.
897 354 1046 395 Habet
1067 353 1182 394 enim
1201 350 1416 407 quendam
1439 366 1541 392 acu-
1570 376 1573 377 ν

107 410 221 453 leum
254 412 530 463 contumelia,
552 426 679 468 quem
712 413 801 468 pati
825 412 1032 468 pudentes
1054 426 1104 452 ac
1129 410 1207 451 viri
1242 409 1343 451 boni
1366 407 1538 449 difficil-

107 467 210 510 lime
230 479 426 525 possunt.
488 470 691 526 Spoliasti
713 470 895 512 Siculos.
927 469 1066 510 solent
1094 467 1211 509 enim
1233 465 1359 508 inulti
1380 479 1471 506 esse
1492 465 1534 506 in
1548 468 1599 505 96

108 525 278 580 injuriis
301 527 387 568 suis
407 529 706 585 provinciales.
738 528 905 569 vexasti
937 526 1244 584 negotiatores.
1267 522 1393 565 inviti
1421 522 1538 564 enim

111 580 298 625 Romam
320 599 501 640 raroque
522 586 760 627 decedunt:
793 589 831 617 88
844 585 1034 640 equitem
1055 583 1302 625 Romanum
1324 581 1377 622 ad
1397 579 1541 637 Apro-

106 639 168 680 nii
191 640 369 697 injurias
394 643 565 684 dedisti.
596 644 701 699 quid
730 643 844 684 enim
860 643 954 698 jam
987 655 1143 683 nocere
1171 648 1364 697 possunt,
1383 638 1541 694 quibus

107 711 197 738 non
219 698 320 740 licet
334 699 560 755 judicare?
591 701 710 756 quid,
733 703 774 735 89
787 713 886 741 cum
908 709 1149 741 senatorem
1173 697 1350 739 summis
1370 695 1540 752 injuriis

108 754 274 798 afficis?
304 758 407 812 quid
439 758 552 799 aliud
576 759 699 808 dicis,
731 757 814 798 nisi
850 757 961 799 hoc?
993 756 1100 798 cedo
1122 755 1228 797 mihi
1250 755 1382 796 etiam
1405 754 1539 795 istum

105 822 373 856 senatorem:
406 826 453 856 ut
495 816 577 857 hoc
610 814 922 870 amplissimum
952 828 1111 855 nomen
1154 812 1416 854 senatorium
1449 825 1538 852 non

105 871 236 913 modo
259 873 311 914 ad
334 872 541 914 invidiam
564 873 877 929 imperitorum,
901 871 973 913 sed
1004 872 1133 912 etiam
1157 870 1208 912 ad
1229 869 1536 912 contumeliam

104 927 403 984 improborum
425 939 572 971 natum
597 944 687 971 esse
710 929 919 970 videatur.
982 929 1136 985 Neque
1157 928 1240 970 hoc
1260 928 1304 969 in
1323 941 1409 968 uno
1433 926 1600 975 fecit97

104 985 293 1038 Anneio,
317 988 389 1028 sed
414 987 457 1028 in
480 988 681 1028 omnibus
704 987 995 1029 senatoribus:
1027 995 1076 1027 ut
1093 986 1256 1028 ordinis
1274 999 1432 1026 nomen
1451 999 1540 1025 non

105 1053 274 1085 tantum
297 1045 350 1085 ad
381 1045 604 1095 honorem,
627 1054 837 1100 quantum
865 1045 918 1085 ad
941 1044 1226 1101 ignominiam
1254 1043 1426 1085 valeret.
1489 1041 1542 1082 In

104 1101 157 1142 C.
193 1101 359 1153 Cassio,
391 1102 484 1143 viro
517 1102 755 1143 clarissimo
780 1112 824 1143 et
856 1101 1109 1153 fortissimo,
1147 1117 1245 1143 curn
1288 1101 1323 1142 is
1355 1114 1405 1141 eo
1446 1099 1543 1155 ipso

106 1167 314 1215 tempore,
340 1160 480 1216 primo
503 1160 626 1200 istius
658 1174 771 1201 anno
794 1159 944 1201 consul
965 1168 1091 1210 esset,
1113 1167 1235 1200 tanta
1263 1157 1544 1214 improbitate

101 1230 202 1257 usus
226 1226 305 1268 est,
329 1226 390 1269 ut,
408 1233 506 1259 cum
526 1217 618 1272 ejus
641 1232 767 1269 uxor,
790 1217 974 1258 foemina
1005 1217 1221 1274 primaria,
1243 1225 1442 1274 paternas
1466 1214 1542 1255 ha-

100 1273 221 1315 beret
242 1275 454 1316 arationes
486 1275 527 1315 in
565 1275 792 1326 Leontino,
824 1274 1086 1315 frumentum
1120 1289 1248 1316 omne
1270 1275 1313 1314 in
1336 1273 1540 1314 decumas

100 1331 267 1373 auferre
281 1331 475 1387 jusserit.
537 1332 669 1373 Hunc
692 1340 736 1373 tu
761 1332 804 1372 in
826 1331 908 1373 hac
930 1347 1060 1373 causa
1080 1340 1248 1382 testem,
1270 1331 1439 1382 Verres,
1460 1329 1538 1370 ha-

101 1386 250 1431 bebis:
289 1389 510 1444 quoniam,
543 1389 783 1445 90judicem
827 1404 881 1430 ne
913 1389 1108 1440 haberes,
1144 1388 1388 1445 providisti.
1446 1387 1535 1428 Vos
1547 1390 1598 1426 98

99 1455 258 1498 autem,
285 1447 472 1502 judices,
501 1456 653 1504 putare
683 1446 864 1498 debetis,
907 1462 998 1488 esse
1029 1447 1234 1503 quiddam
1267 1446 1393 1486 nobis
1426 1445 1538 1486 inter

99 1517 177 1544 nos
199 1519 429 1546 commune
447 1515 577 1560 atque
598 1503 898 1560 conjunctum.
932 1504 1068 1546 multa
1089 1512 1189 1546 sunt
1210 1503 1415 1560 imposita
1435 1503 1537 1543 huic

98 1561 237 1603 ordini
272 1576 463 1614 munera,
493 1562 618 1603 multi
648 1563 832 1614 labores,
866 1563 1002 1603 multa
1039 1561 1242 1619 pericula,
1275 1575 1362 1601 non
1398 1560 1537 1601 solum

97 1618 243 1675 legum
281 1635 332 1661 ac
358 1620 642 1676 judiciorum,
680 1620 752 1661 sed
791 1620 921 1661 etiam
945 1635 1165 1662 rumorum
1188 1635 1238 1661 ac
1276 1628 1536 1674 temporum.

98 1676 171 1718 Sic
192 1686 258 1719 est
277 1677 350 1719 hic
371 1678 477 1719 ordo
499 1678 620 1733 quasi
645 1677 892 1734 propositus
915 1687 1044 1734 atque
1064 1678 1206 1719 editus
1238 1676 1281 1717 in
1315 1676 1464 1726 altum,
1488 1674 1579 1737 ut}
1597 1665 1665 1698 ¹⁶9·

97 1735 152 1775 ab
172 1736 373 1776 omnibus
397 1736 536 1777 ventis
559 1736 735 1776 invidiae
767 1735 1027 1776 circumflari
1051 1750 1178 1792 posse
1209 1734 1422 1776 videatur.
1484 1732 1535 1774 In
1570 1729 1576 1736 '

98 1791 180 1833 h'ac
203 1801 292 1833 tam
313 1793 470 1834 misera
497 1802 540 1834 et
569 1793 719 1848 iniqua
746 1793 998 1834 conditione
1026 1794 1142 1844 vitae,
1167 1807 1220 1834 ne
1253 1791 1338 1832 hoc
1359 1791 1535 1847 quidem

97 1849 394 1901 retinebimus,
410 1851 596 1906 judices,
615 1859 665 1891 ut
687 1850 1014 1907 magistratibus
1038 1851 1194 1892 nostris
1217 1850 1261 1891 in
1295 1848 1534 1890 obtinendo

90 1907 192 1961 jure
223 1917 371 1950 nostro
394 1923 448 1949 ne
470 1908 831 1964 contemptissimi
856 1923 905 1950 ac
937 1908 1247 1964 despectissimi
1276 1921 1367 1948 esse
1389 1906 1534 1947 videa-

95 1968 221 2007 mur?
251 1964 521 2007 Thermitani
551 1966 775 2017 miserunt,
798 1966 871 2022 qui
903 1966 1105 2007 decumas
1127 1974 1318 2007 emerent
1340 1964 1432 2020 agri
1453 1954 1616 2004 sui.4⁶2

94 2020 253 2081 Elagni
272 2038 347 2064 sua
360 2024 573 2080 putabant
585 2024 803 2074 interesse,
819 2023 992 2079 publice
1006 2025 1150 2081 potius
1164 2023 1361 2079 quumvis
1374 2036 1534 2078 magno
1547 2027 1597 2063 99

75 2080 196 2134 emi,
211 2096 339 2136 quam
363 2082 406 2123 in
428 2081 614 2137 aliquem
629 2081 751 2122 istius
777 2082 1262 2123 emissariumincidere.
1295 2079 1536 2137 Appositus

95 2147 187 2179 erat
217 2139 454 2180 Venuleius
488 2139 680 2194 quidam,
714 2138 787 2194 qui
818 2147 993 2181 emeret.
1056 2138 1098 2180 Is
1130 2139 1249 2181 liceri
1277 2153 1365 2179 non
1404 2137 1561 2178 desti—‘

94 2195 163 2237 tit.
183 2196 259 2248 illi,
282 2197 425 2252 quoad
447 2197 675 2241 videbatur
696 2195 795 2237 ferri
819 2196 963 2252 aliquo
985 2197 1116 2238 modo
1140 2210 1279 2254 posse,
1301 2195 1536 2237 contende-

94 2263 217 2296 runt:
250 2265 469 2311 postremo
492 2254 610 2296 liceri
630 2254 902 2295 destiterunt.
926 2255 1140 2296 addicitur
1162 2252 1373 2295 Venuleio
1398 2252 1531 2293 tritici

93 2311 291 2353 modium
330 2315 368 2347 91
385 2326 479 2353 viu
517 2312 722 2353 millibus.
786 2312 974 2368 Legatus
1010 2312 1266 2353 Possidorus
1301 2310 1536 2352 renuntiat.

94 2369 208 2411 Cum
230 2369 431 2411 omnibus
453 2370 537 2411 hoc
556 2369 872 2411 intolerandum
894 2370 1125 2420 videretur,
1147 2378 1290 2410 tamen
1324 2367 1536 2409 Venuleio

91 2427 263 2479 dantur,
303 2429 346 2462 92
358 2443 413 2469 ne
455 2428 647 2478 accedat,
690 2427 823 2468 tritici
870 2428 988 2469 mod.
1034 2441 1144 2468 V111.
1188 2435 1396 2482 praeterea
1435 2424 1534 2466 H-S

94 2494 172 2526 cio
193 2499 288 2527 cm.
334 2484 402 2527 Ex
413 2501 499 2541 quo
520 2485 645 2527 facile
662 2493 854 2541 apparet,
871 2500 968 2539 quae
990 2499 1153 2526 merces
1175 2484 1418 2535 decumani,
1436 2497 1535 2538 quae

92 2544 291 2599 praetoris
314 2544 461 2600 praeda
482 2558 574 2585 esse
604 2543 815 2585 videatur.
878 2542 999 2584 Cedo
1026 2542 1405 2584 Thermitanorum
1427 2539 1536 2582 mihi

131 2659 171 2688 88
194 2659 332 2698 equitem
354 2657 465 2698 Rom]
491 2658 565 2689 Hoc
591 2668 702 2689 verum
728 2661 792 2694 est,
878 2661 919 2692 90
933 2657 1082 2699 judicem
1108 2667 1148 2687 ne
1180 2656 1325 2693 haberes,
1344 2654 1535 2695 providisti]

91 2707 160 2730 non
172 2701 292 2740 equites
305 2700 348 2731 R.
363 2698 414 2732 Ad
426 2711 529 2732 unum
543 2702 632 2731 enim
647 2701 794 2742 pertinet
836 2710 954 2740 nempe
983 2699 1174 2739 rejiciendo,
1208 2709 1283 2730 cum
1319 2708 1378 2740 per
1412 2702 1536 2728 sortem

89 2746 124 2773 et
138 2742 184 2771 sic
198 2742 271 2773 edd,
286 2753 335 2783 pr.
833 2742 1061 2780 exissetjndex
1076 2743 1109 2772 in
1126 2752 1212 2773 eum.

134 2787 174 2818 89
189 2794 263 2816 cum
271 2786 465 2826 senatorem]
486 2786 537 2816 Sic
547 2783 619 2817 dedi
634 2796 693 2826 pro
703 2785 791 2825 mig.
877 2789 912 2819 91
939 2794 1003 2816 vm
1031 2784 1129 2825 mill]
1163 2785 1215 2815 Sic
1242 2783 1309 2814 ΜΒ.
1344 2781 1471 2813 Nannii
1498 2786 1538 2813 ut

90 2831 264 2858 senatores.
280 2838 358 2859 nam
373 2829 496 2870 pariter
508 2829 548 2860 ad
570 2837 674 2859 unuin
693 2829 793 2869 perti·
836 2836 923 2858 mox.

92 2873 163 2905 net,
180 2867 220 2899 ad
232 2870 399 2903 Annaeum
423 2871 624 2909 Brocchum,
646 2878 686 2902 ut
699 2875 794 2913 patet
879 2872 920 2904 92
935 2880 974 2900 ne
988 2868 1136 2909 accedat]
1154 2870 1216 2901 int.
1232 2867 1273 2900 ad
1287 2877 1321 2899 se
1334 2872 1368 2899 et
1385 2866 1427 2901 ad
1440 2865 1539 2898 decu—

91 2923 110 2942 e
124 2922 214 2951 seqq.
837 2922 908 2944 mas
920 2911 1106 2954 exigendas.

147 2967 256 2997 VOL.
282 2968 336 2998 11.
806 2967 834 2997 T
