<?xml version="1.0" encoding="UTF-8"?>
<!DOCTYPE html PUBLIC "-//W3C//DTD XHTML 1.0 Transitional//EN"
    "http://www.w3.org/TR/xhtml1/DTD/xhtml1-transitional.dtd">
<html xmlns="http://www.w3.org/1999/xhtml" xml:lang="en" lang="en">
 <head>
  <title>
</title>
<meta http-equiv="Content-Type" content="text/html;charset=utf-8" />
  <meta name='ocr-system' content='tesseract 3.04.00' />
  <meta name='ocr-capabilities' content='ocr_page ocr_carea ocr_par ocr_line ocrx_word'/>
</head>
<body>
  <div class='ocr_page' id='page_1' title='image "./p1operaomnia02ciceuoft_0422.png"; bbox 0 0 1907 3231; ppageno 0'>
   <div class='ocr_carea' id='block_1_1' title="bbox 344 119 1245 161">
    <p class='ocr_par' dir='ltr' id='par_1_1' title="bbox 344 119 1245 161">
     <span class='ocr_line' id='line_1_1' title="bbox 344 119 1245 161; baseline -0.002 -2"><span class='ocrx_word' id='word_1_1' title='bbox 344 123 433 161; x_wconf 58' lang='lat'>398*</span> <span class='ocrx_word' id='word_1_2' title='bbox 729 127 733 130; x_wconf 82' lang='grc'><strong>’</strong></span> <span class='ocrx_word' id='word_1_3' title='bbox 878 121 950 159; x_wconf 88' lang='grc' dir='ltr'>ΙΝ</span> <span class='ocrx_word' id='word_1_4' title='bbox 973 119 1245 159; x_wconf 85' lang='lat' dir='ltr'>VERREM</span> 
     </span>
    </p>
   </div>
   <div class='ocr_carea' id='block_1_2' title="bbox 217 222 1782 2502">
    <p class='ocr_par' dir='ltr' id='par_1_2' title="bbox 288 222 1778 1191">
     <span class='ocr_line' id='line_1_2' title="bbox 347 222 1774 278; baseline 0.001 -13"><span class='ocrx_word' id='word_1_5' title='bbox 347 234 427 275; x_wconf 86' lang='lat' dir='ltr'>ret,</span> <span class='ocrx_word' id='word_1_6' title='bbox 457 239 556 266; x_wconf 90' lang='lat' dir='ltr'>cum</span> <span class='ocrx_word' id='word_1_7' title='bbox 583 225 763 267; x_wconf 86' lang='lat' dir='ltr'>consilio</span> <span class='ocrx_word' id='word_1_8' title='bbox 794 239 963 266; x_wconf 84' lang='lat' dir='ltr'>causam</span> <span class='ocrx_word' id='word_1_9' title='bbox 998 222 1360 265; x_wconf 84' lang='lat' dir='ltr'>Mamertinorum</span> <span class='ocrx_word' id='word_1_10' title='bbox 1389 222 1628 278; x_wconf 82' lang='lat' dir='ltr'>cognoscit,</span> <span class='ocrx_word' id='word_1_11' title='bbox 1648 226 1693 265; x_wconf 88' lang='lat' dir='ltr'>e&#39;t</span> <span class='ocrx_word' id='word_1_12' title='bbox 1720 223 1774 266; x_wconf 79' lang='lat' dir='ltr'>d&#39;e&#39;</span> 
     </span>
     <span class='ocr_line' id='line_1_3' title="bbox 349 280 1774 335; baseline -0.001 -12"><span class='ocrx_word' id='word_1_13' title='bbox 349 282 517 323; x_wconf 86' lang='lat' dir='ltr'>consilii</span> <span class='ocrx_word' id='word_1_14' title='bbox 539 283 750 324; x_wconf 85' lang='lat' dir='ltr'>sententia</span> <span class='ocrx_word' id='word_1_15' title='bbox 780 281 1052 323; x_wconf 82' lang='lat' dir='ltr'>Mamertinis</span> <span class='ocrx_word' id='word_1_16' title='bbox 1083 294 1127 320; x_wconf 91' lang='lat' dir='ltr'>se</span> <span class='ocrx_word' id='word_1_17' title='bbox 1158 280 1419 321; x_wconf 82' lang='lat' dir='ltr'>frumentum</span> <span class='ocrx_word' id='word_1_18' title='bbox 1450 294 1534 320; x_wconf 89' lang='lat' dir='ltr'>non</span> <span class='ocrx_word' id='word_1_19' title='bbox 1566 280 1774 335; x_wconf 86' lang='lat' dir='ltr'>imperare</span> 
     </span>
     <span class='ocr_line' id='line_1_4' title="bbox 288 337 1774 394; baseline -0.002 -14"><span class='ocrx_word' id='word_1_20' title='bbox 288 355 338 390; x_wconf 76' lang='lat'>54</span> <span class='ocrx_word' id='word_1_21' title='bbox 353 339 616 394; x_wconf 85' lang='lat' dir='ltr'><strong>pronuntiat.</strong></span> <span class='ocrx_word' id='word_1_22' title='bbox 659 339 818 380; x_wconf 89' lang='lat' dir='ltr'>Audite</span> <span class='ocrx_word' id='word_1_23' title='bbox 839 338 1056 378; x_wconf 84' lang='lat' dir='ltr'>decretum</span> <span class='ocrx_word' id='word_1_24' title='bbox 1076 337 1326 377; x_wconf 81' lang='lat' dir='ltr'>mercenarii</span> <span class='ocrx_word' id='word_1_25' title='bbox 1348 338 1542 392; x_wconf 87' lang='lat' dir='ltr'>praetoris</span> <span class='ocrx_word' id='word_1_26' title='bbox 1563 351 1617 377; x_wconf 79' lang='lat' dir='ltr'>ex</span> <span class='ocrx_word' id='word_1_27' title='bbox 1641 337 1774 393; x_wconf 87' lang='lat' dir='ltr'>ipsius</span> 
     </span>
     <span class='ocr_line' id='line_1_5' title="bbox 350 393 1774 450; baseline -0.002 -13"><span class='ocrx_word' id='word_1_28' title='bbox 350 396 683 438; x_wconf 84' lang='lat' dir='ltr'>commentario:</span> <span class='ocrx_word' id='word_1_29' title='bbox 715 394 980 450; x_wconf 80' lang='lat' dir='ltr'>cognoscite,</span> <span class='ocrx_word' id='word_1_30' title='bbox 1022 403 1184 447; x_wconf 80' lang='lat' dir='ltr'>quanta</span> <span class='ocrx_word' id='word_1_31' title='bbox 1222 393 1265 434; x_wconf 91' lang='lat' dir='ltr'>in</span> <span class='ocrx_word' id='word_1_32' title='bbox 1303 394 1530 435; x_wconf 88' lang='lat' dir='ltr'>scribendo</span> <span class='ocrx_word' id='word_1_33' title='bbox 1571 394 1774 449; x_wconf 83' lang='lat' dir='ltr'>gravitas,</span> 
     </span>
     <span class='ocr_line' id='line_1_6' title="bbox 349 450 1776 508; baseline -0.002 -13"><span class='ocrx_word' id='word_1_34' title='bbox 349 463 510 508; x_wconf 85' lang='lat' dir='ltr'>quanta</span> <span class='ocrx_word' id='word_1_35' title='bbox 530 454 572 494; x_wconf 88' lang='lat' dir='ltr'>in</span> <span class='ocrx_word' id='word_1_36' title='bbox 594 451 894 494; x_wconf 83' lang='lat' dir='ltr'>constituendo</span> <span class='ocrx_word' id='word_1_37' title='bbox 910 450 1009 504; x_wconf 83' lang='lat' dir='ltr'>jure</span> <span class='ocrx_word' id='word_1_38' title='bbox 1031 450 1086 490; x_wconf 88' lang='lat' dir='ltr'>sit</span> <span class='ocrx_word' id='word_1_39' title='bbox 1105 451 1349 491; x_wconf 73' lang='lat' dir='ltr'>auctoritas.</span> <span class='ocrx_word' id='word_1_40' title='bbox 1383 450 1538 492; x_wconf 86' lang='lat' dir='ltr'>Recita</span> <span class='ocrx_word' id='word_1_41' title='bbox 1557 464 1776 492; x_wconf 83' lang='lat' dir='ltr'>commen-</span> 
     </span>
     <span class='ocr_line' id='line_1_7' title="bbox 350 507 1776 552; baseline -0.001 -2"><span class='ocrx_word' id='word_1_42' title='bbox 350 512 519 552; x_wconf 88' lang='lat' dir='ltr'>tarium.</span> <span class='ocrx_word' id='word_1_43' title='bbox 557 522 824 551; x_wconf 75' lang='lat' dir='ltr'><strong>DECRETUM</strong></span> <span class='ocrx_word' id='word_1_44' title='bbox 864 521 926 548; x_wconf 76' lang='lat' dir='ltr'>Ex</span> <span class='ocrx_word' id='word_1_45' title='bbox 965 519 1356 548; x_wconf 77' lang='lat' dir='ltr'>COMMENTAmo.</span> <span class='ocrx_word' id='word_1_46' title='bbox 1417 507 1614 549; x_wconf 78' lang='lat' dir='ltr'>Libenter</span> <span class='ocrx_word' id='word_1_47' title='bbox 1641 508 1702 548; x_wconf 88' lang='lat' dir='ltr'>ait</span> <span class='ocrx_word' id='word_1_48' title='bbox 1731 522 1776 548; x_wconf 89' lang='lat' dir='ltr'>se</span> 
     </span>
     <span class='ocr_line' id='line_1_8' title="bbox 334 562 1774 622; baseline -0.003 -13"><span class='ocrx_word' id='word_1_49' title='bbox 334 565 503 622; x_wconf 76' lang='lat' dir='ltr'>facere.-</span> <span class='ocrx_word' id='word_1_50' title='bbox 535 568 677 621; x_wconf 88' lang='lat' dir='ltr'>itaque</span> <span class='ocrx_word' id='word_1_51' title='bbox 713 564 952 621; x_wconf 86' lang='lat' dir='ltr'>perscribit.</span> <span class='ocrx_word' id='word_1_52' title='bbox 1014 564 1147 614; x_wconf 83' lang='lat' dir='ltr'>Quid,</span> <span class='ocrx_word' id='word_1_53' title='bbox 1181 563 1215 603; x_wconf 93' lang='lat' dir='ltr'>si</span> <span class='ocrx_word' id='word_1_54' title='bbox 1257 562 1340 605; x_wconf 90' lang='lat' dir='ltr'>hoc</span> <span class='ocrx_word' id='word_1_55' title='bbox 1377 565 1506 605; x_wconf 87' lang='lat' dir='ltr'>verbo</span> <span class='ocrx_word' id='word_1_56' title='bbox 1542 579 1628 606; x_wconf 90' lang='lat' dir='ltr'>non</span> <span class='ocrx_word' id='word_1_57' title='bbox 1662 579 1774 605; x_wconf 79' lang='lat' dir='ltr'>esses</span> 
     </span>
     <span class='ocr_line' id='line_1_9' title="bbox 350 619 1775 676; baseline -0.002 -12"><span class='ocrx_word' id='word_1_58' title='bbox 350 639 462 674; x_wconf 85' lang='lat' dir='ltr'>usus,</span> <span class='ocrx_word' id='word_1_59' title='bbox 507 623 730 663; x_wconf 56' lang='lat' dir='ltr'>Libenter?</span> <span class='ocrx_word' id='word_1_60' title='bbox 760 636 837 661; x_wconf 87' lang='lat' dir='ltr'>nos</span> <span class='ocrx_word' id='word_1_61' title='bbox 871 619 1070 661; x_wconf 81' lang='lat' dir='ltr'>videlicet</span> <span class='ocrx_word' id='word_1_62' title='bbox 1102 621 1285 661; x_wconf 84' lang='lat' dir='ltr'>invitum</span> <span class='ocrx_word' id='word_1_63' title='bbox 1321 630 1362 661; x_wconf 90' lang='lat' dir='ltr'>te</span> <span class='ocrx_word' id='word_1_64' title='bbox 1393 630 1604 676; x_wconf 86' lang='lat' dir='ltr'>quaestum</span> <span class='ocrx_word' id='word_1_65' title='bbox 1635 621 1775 662; x_wconf 86' lang='lat' dir='ltr'>facere</span> 
     </span>
     <span class='ocr_line' id='line_1_10' title="bbox 350 677 1775 736; baseline -0.001 -15"><span class='ocrx_word' id='word_1_66' title='bbox 350 682 621 736; x_wconf 79' lang='lat' dir='ltr'>putaremus?</span> <span class='ocrx_word' id='word_1_67' title='bbox 652 694 698 719; x_wconf 85' lang='lat' dir='ltr'>ac</span> <span class='ocrx_word' id='word_1_68' title='bbox 719 678 767 719; x_wconf 80' lang='lat' dir='ltr'>cle</span> <span class='ocrx_word' id='word_1_69' title='bbox 788 677 944 719; x_wconf 65' lang='lat' dir='ltr'>consilii</span> <span class='ocrx_word' id='word_1_70' title='bbox 963 677 1175 718; x_wconf 77' lang='lat' dir='ltr'>sententia.</span> <span class='ocrx_word' id='word_1_71' title='bbox 1209 677 1460 733; x_wconf 70' lang='lat' dir='ltr'>praeclarum</span> <span class='ocrx_word' id='word_1_72' title='bbox 1481 679 1649 720; x_wconf 80' lang='lat' dir='ltr'>recitari</span> <span class='ocrx_word' id='word_1_73' title='bbox 1672 693 1775 719; x_wconf 88' lang='lat' dir='ltr'>con-</span> 
     </span>
     <span class='ocr_line' id='line_1_11' title="bbox 349 734 1774 791; baseline -0.001 -13"><span class='ocrx_word' id='word_1_74' title='bbox 349 738 503 787; x_wconf 83' lang='lat' dir='ltr'>silium,</span> <span class='ocrx_word' id='word_1_75' title='bbox 527 736 712 791; x_wconf 83' lang='lat' dir='ltr'>judices,</span> <span class='ocrx_word' id='word_1_76' title='bbox 744 734 936 777; x_wconf 87' lang='lat' dir='ltr'>audistis.</span> <span class='ocrx_word' id='word_1_77' title='bbox 998 734 1154 775; x_wconf 83' lang='lat' dir='ltr'>Utrum</span> <span class='ocrx_word' id='word_1_78' title='bbox 1188 735 1311 775; x_wconf 86' lang='lat' dir='ltr'>vobis</span> <span class='ocrx_word' id='word_1_79' title='bbox 1343 735 1569 775; x_wconf 88' lang='lat' dir='ltr'>consilium</span> <span class='ocrx_word' id='word_1_80' title='bbox 1603 735 1774 777; x_wconf 88' lang='lat' dir='ltr'>recitari</span> 
     </span>
     <span class='ocr_line' id='line_1_12' title="bbox 349 791 1773 848; baseline -0.001 -14"><span class='ocrx_word' id='word_1_81' title='bbox 349 794 520 834; x_wconf 85' lang='lat' dir='ltr'>tandem</span> <span class='ocrx_word' id='word_1_82' title='bbox 554 793 749 848; x_wconf 67' lang='lat' dir='ltr'>praetoris</span> <span class='ocrx_word' id='word_1_83' title='bbox 780 793 1016 841; x_wconf 81' lang='lat' dir='ltr'>videbatur,</span> <span class='ocrx_word' id='word_1_84' title='bbox 1047 791 1194 833; x_wconf 73' lang='lat' dir='ltr'>6Tcum</span> <span class='ocrx_word' id='word_1_85' title='bbox 1226 791 1464 832; x_wconf 78' lang='lat' dir='ltr'>audiebatis</span> <span class='ocrx_word' id='word_1_86' title='bbox 1497 792 1686 843; x_wconf 87' lang='lat' dir='ltr'>nomina,</span> <span class='ocrx_word' id='word_1_87' title='bbox 1718 807 1773 833; x_wconf 82' lang='lat' dir='ltr'>an</span> 
     </span>
     <span class='ocr_line' id='line_1_13' title="bbox 288 848 1774 907; baseline -0.001 -16"><span class='ocrx_word' id='word_1_88' title='bbox 288 851 563 907; x_wconf 81' lang='lat' dir='ltr'>55praedonis</span> <span class='ocrx_word' id='word_1_89' title='bbox 595 849 899 905; x_wconf 81' lang='lat' dir='ltr'>improbissimi</span> <span class='ocrx_word' id='word_1_90' title='bbox 931 849 1111 890; x_wconf 86' lang='lat' dir='ltr'>societas</span> <span class='ocrx_word' id='word_1_91' title='bbox 1143 858 1272 903; x_wconf 83' lang='lat' dir='ltr'>atque</span> <span class='ocrx_word' id='word_1_92' title='bbox 1302 849 1557 890; x_wconf 85' lang='lat' dir='ltr'>comitatus?</span> <span class='ocrx_word' id='word_1_93' title='bbox 1588 848 1656 890; x_wconf 90' lang='lat' dir='ltr'>En</span> <span class='ocrx_word' id='word_1_94' title='bbox 1690 848 1774 891; x_wconf 85' lang='lat' dir='ltr'>foe-</span> 
     </span>
     <span class='ocr_line' id='line_1_14' title="bbox 348 906 1775 963; baseline -0.001 -15"><span class='ocrx_word' id='word_1_95' title='bbox 348 909 497 948; x_wconf 83' lang='lat' dir='ltr'>derum</span> <span class='ocrx_word' id='word_1_96' title='bbox 528 909 795 963; x_wconf 81' lang='lat' dir='ltr'>interpretes,</span> <span class='ocrx_word' id='word_1_97' title='bbox 825 906 1041 947; x_wconf 86' lang='lat' dir='ltr'>societatis</span> <span class='ocrx_word' id='word_1_98' title='bbox 1075 914 1284 961; x_wconf 85' lang='lat' dir='ltr'>pactores,</span> <span class='ocrx_word' id='word_1_99' title='bbox 1315 906 1533 961; x_wconf 84' lang='lat' dir='ltr'>religionis</span> <span class='ocrx_word' id='word_1_100' title='bbox 1565 915 1775 947; x_wconf 86' lang='lat' dir='ltr'>auctores.</span> 
     </span>
     <span class='ocr_line' id='line_1_15' title="bbox 348 963 1776 1020; baseline -0.001 -15"><span class='ocrx_word' id='word_1_101' title='bbox 348 980 581 1020; x_wconf 83' lang='lat' dir='ltr'>numquam</span> <span class='ocrx_word' id='word_1_102' title='bbox 612 965 655 1005; x_wconf 91' lang='lat' dir='ltr'>in</span> <span class='ocrx_word' id='word_1_103' title='bbox 690 964 837 1005; x_wconf 83' lang='lat' dir='ltr'>Sicilia</span> <span class='ocrx_word' id='word_1_104' title='bbox 868 963 1129 1003; x_wconf 80' lang='lat' dir='ltr'>frumentum</span> <span class='ocrx_word' id='word_1_105' title='bbox 1163 963 1334 1018; x_wconf 89' lang='lat' dir='ltr'>publice</span> <span class='ocrx_word' id='word_1_106' title='bbox 1365 972 1430 1003; x_wconf 89' lang='lat' dir='ltr'>est</span> <span class='ocrx_word' id='word_1_107' title='bbox 1461 971 1640 1014; x_wconf 88' lang='lat' dir='ltr'>emtum,</span> <span class='ocrx_word' id='word_1_108' title='bbox 1671 963 1776 1018; x_wconf 87' lang='lat' dir='ltr'>quin</span> 
     </span>
     <span class='ocr_line' id='line_1_16' title="bbox 350 1019 1778 1076; baseline -0.001 -14"><span class='ocrx_word' id='word_1_109' title='bbox 350 1021 623 1062; x_wconf 76' lang='lat' dir='ltr'>Mamertinis</span> <span class='ocrx_word' id='word_1_110' title='bbox 658 1036 734 1076; x_wconf 90' lang='lat' dir='ltr'>pro</span> <span class='ocrx_word' id='word_1_111' title='bbox 770 1021 968 1076; x_wconf 86' lang='lat' dir='ltr'>portione</span> <span class='ocrx_word' id='word_1_112' title='bbox 999 1020 1292 1074; x_wconf 86' lang='lat' dir='ltr'>imperaretur,</span> <span class='ocrx_word' id='word_1_113' title='bbox 1327 1030 1556 1075; x_wconf 82' lang='lat' dir='ltr'>antequam</span> <span class='ocrx_word' id='word_1_114' title='bbox 1586 1019 1672 1062; x_wconf 86' lang='lat' dir='ltr'>hoc</span> <span class='ocrx_word' id='word_1_115' title='bbox 1703 1020 1778 1061; x_wconf 89' lang='lat' dir='ltr'>de-</span> 
     </span>
     <span class='ocr_line' id='line_1_17' title="bbox 348 1076 1777 1134; baseline -0.002 -15"><span class='ocrx_word' id='word_1_116' title='bbox 348 1078 505 1120; x_wconf 90' lang='lat' dir='ltr'>lectum</span> <span class='ocrx_word' id='word_1_117' title='bbox 529 1078 866 1134; x_wconf 81' lang='lat' dir='ltr'>praeclarumque</span> <span class='ocrx_word' id='word_1_118' title='bbox 887 1076 1114 1117; x_wconf 89' lang='lat' dir='ltr'>consilium</span> <span class='ocrx_word' id='word_1_119' title='bbox 1137 1076 1216 1117; x_wconf 89' lang='lat' dir='ltr'>iste</span> <span class='ocrx_word' id='word_1_120' title='bbox 1237 1077 1370 1128; x_wconf 83' lang='lat' dir='ltr'>dedit,</span> <span class='ocrx_word' id='word_1_121' title='bbox 1400 1087 1449 1117; x_wconf 85' lang='lat' dir='ltr'>ut</span> <span class='ocrx_word' id='word_1_122' title='bbox 1476 1077 1530 1118; x_wconf 87' lang='lat' dir='ltr'>ab</span> <span class='ocrx_word' id='word_1_123' title='bbox 1560 1077 1628 1118; x_wconf 88' lang='lat' dir='ltr'>his</span> <span class='ocrx_word' id='word_1_124' title='bbox 1651 1091 1777 1118; x_wconf 90' lang='lat' dir='ltr'>num-</span> 
     </span>
     <span class='ocr_line' id='line_1_18' title="bbox 347 1132 1778 1191; baseline -0.001 -15"><span class='ocrx_word' id='word_1_125' title='bbox 347 1150 441 1176; x_wconf 86' lang='lat' dir='ltr'>mos</span> <span class='ocrx_word' id='word_1_126' title='bbox 463 1136 690 1191; x_wconf 89' lang='lat' dir='ltr'>acciperet,</span> <span class='ocrx_word' id='word_1_127' title='bbox 712 1149 762 1175; x_wconf 83' lang='lat' dir='ltr'>ae</span> <span class='ocrx_word' id='word_1_128' title='bbox 795 1135 859 1175; x_wconf 89' lang='lat' dir='ltr'>sui</span> <span class='ocrx_word' id='word_1_129' title='bbox 892 1133 1041 1174; x_wconf 86' lang='lat' dir='ltr'>similis</span> <span class='ocrx_word' id='word_1_130' title='bbox 1075 1142 1199 1174; x_wconf 82' lang='lat' dir='ltr'>esset.</span> <span class='ocrx_word' id='word_1_131' title='bbox 1261 1132 1413 1189; x_wconf 84' lang='lat' dir='ltr'>Itaque</span> <span class='ocrx_word' id='word_1_132' title='bbox 1446 1142 1614 1175; x_wconf 84' lang='lat' dir='ltr'>tantum</span> <span class='ocrx_word' id='word_1_133' title='bbox 1642 1133 1778 1175; x_wconf 86' lang='lat' dir='ltr'>valuit</span> 
     </span>
    </p>

    <p class='ocr_par' dir='ltr' id='par_1_3' title="bbox 217 1190 1782 2502">
     <span class='ocr_line' id='line_1_19' title="bbox 217 1190 1779 1246; baseline -0.001 -15"><span class='ocrx_word' id='word_1_134' title='bbox 217 1215 248 1245; x_wconf 80' lang='lat' dir='ltr'>p.</span> <span class='ocrx_word' id='word_1_135' title='bbox 265 1206 336 1237; x_wconf 74' lang='lat'>247.</span> <span class='ocrx_word' id='word_1_136' title='bbox 351 1192 471 1233; x_wconf 86' lang='lat' dir='ltr'>istius</span> <span class='ocrx_word' id='word_1_137' title='bbox 493 1193 653 1233; x_wconf 85' lang='lat' dir='ltr'>decreti</span> <span class='ocrx_word' id='word_1_138' title='bbox 674 1191 920 1240; x_wconf 85' lang='lat' dir='ltr'>auctoritas,</span> <span class='ocrx_word' id='word_1_139' title='bbox 952 1200 1161 1245; x_wconf 85' lang='lat' dir='ltr'>quantum</span> <span class='ocrx_word' id='word_1_140' title='bbox 1179 1191 1331 1231; x_wconf 86' lang='lat' dir='ltr'>debuit</span> <span class='ocrx_word' id='word_1_141' title='bbox 1350 1191 1442 1246; x_wconf 85' lang='lat' dir='ltr'>ejus</span> <span class='ocrx_word' id='word_1_142' title='bbox 1463 1190 1666 1242; x_wconf 88' lang='lat' dir='ltr'>hominis,</span> <span class='ocrx_word' id='word_1_143' title='bbox 1686 1191 1779 1246; x_wconf 86' lang='lat' dir='ltr'>qui,</span> 
     </span>
     <span class='ocr_line' id='line_1_20' title="bbox 308 1247 1778 1305; baseline -0.001 -15"><span class='ocrx_word' id='word_1_144' title='bbox 308 1257 375 1290; x_wconf 76' lang='lat' dir='ltr'>²²·a</span> <span class='ocrx_word' id='word_1_145' title='bbox 399 1250 553 1305; x_wconf 91' lang='lat' dir='ltr'>quibus</span> <span class='ocrx_word' id='word_1_146' title='bbox 582 1249 844 1290; x_wconf 85' lang='lat' dir='ltr'>frumentum</span> <span class='ocrx_word' id='word_1_147' title='bbox 874 1261 1013 1288; x_wconf 87' lang='lat' dir='ltr'>emere</span> <span class='ocrx_word' id='word_1_148' title='bbox 1043 1247 1275 1298; x_wconf 84' lang='lat' dir='ltr'>debuisset,</span> <span class='ocrx_word' id='word_1_149' title='bbox 1296 1248 1346 1288; x_wconf 88' lang='lat' dir='ltr'>iis</span> <span class='ocrx_word' id='word_1_150' title='bbox 1379 1248 1598 1289; x_wconf 86' lang='lat' dir='ltr'>decretum</span> <span class='ocrx_word' id='word_1_151' title='bbox 1628 1248 1778 1288; x_wconf 84' lang='lat' dir='ltr'>vendi-</span> 
     </span>
     <span class='ocr_line' id='line_1_21' title="bbox 350 1303 1778 1356; baseline -0.002 -8"><span class='ocrx_word' id='word_1_152' title='bbox 350 1307 495 1348; x_wconf 84' lang='lat' dir='ltr'>disset.</span> <span class='ocrx_word' id='word_1_153' title='bbox 537 1307 650 1348; x_wconf 84' lang='lat' dir='ltr'>Nam</span> <span class='ocrx_word' id='word_1_154' title='bbox 673 1307 818 1347; x_wconf 88' lang='lat' dir='ltr'>statim</span> <span class='ocrx_word' id='word_1_155' title='bbox 843 1305 889 1347; x_wconf 93' lang='lat' dir='ltr'>L.</span> <span class='ocrx_word' id='word_1_156' title='bbox 913 1303 1132 1355; x_wconf 87' lang='lat' dir='ltr'>Metellus,</span> <span class='ocrx_word' id='word_1_157' title='bbox 1155 1313 1204 1345; x_wconf 90' lang='lat' dir='ltr'>ut</span> <span class='ocrx_word' id='word_1_158' title='bbox 1224 1305 1294 1345; x_wconf 87' lang='lat' dir='ltr'>isti</span> <span class='ocrx_word' id='word_1_159' title='bbox 1314 1305 1533 1356; x_wconf 85' lang='lat' dir='ltr'>successit,</span> <span class='ocrx_word' id='word_1_160' title='bbox 1554 1318 1608 1345; x_wconf 86' lang='lat' dir='ltr'>ex</span> <span class='ocrx_word' id='word_1_161' title='bbox 1629 1304 1681 1345; x_wconf 88' lang='lat' dir='ltr'>C.</span> <span class='ocrx_word' id='word_1_162' title='bbox 1701 1304 1778 1345; x_wconf 87' lang='lat' dir='ltr'>Sa-</span> 
     </span>
     <span class='ocr_line' id='line_1_22' title="bbox 351 1361 1778 1415; baseline -0.002 -10"><span class='ocrx_word' id='word_1_163' title='bbox 351 1364 550 1415; x_wconf 87' lang='lat' dir='ltr'>cerdotis,</span> <span class='ocrx_word' id='word_1_164' title='bbox 581 1374 625 1404; x_wconf 89' lang='lat' dir='ltr'>et</span> <span class='ocrx_word' id='word_1_165' title='bbox 660 1364 760 1404; x_wconf 83' lang='lat' dir='ltr'>Sex.</span> <span class='ocrx_word' id='word_1_166' title='bbox 790 1363 829 1393; x_wconf 72' lang='lat'>63</span> <span class='ocrx_word' id='word_1_167' title='bbox 846 1361 1047 1403; x_wconf 69' lang='lat' dir='ltr'>Peducaei</span> <span class='ocrx_word' id='word_1_168' title='bbox 1082 1362 1280 1402; x_wconf 85' lang='lat' dir='ltr'>instituto</span> <span class='ocrx_word' id='word_1_169' title='bbox 1310 1377 1360 1403; x_wconf 87' lang='lat' dir='ltr'>ac</span> <span class='ocrx_word' id='word_1_170' title='bbox 1392 1362 1559 1412; x_wconf 88' lang='lat' dir='ltr'>litteris,</span> <span class='ocrx_word' id='word_1_171' title='bbox 1588 1361 1778 1403; x_wconf 84' lang='lat' dir='ltr'>frumen·-</span> 
     </span>
     <span class='ocr_line' id='line_1_23' title="bbox 267 1408 1778 1475; baseline -0.002 -13"><span class='ocrx_word' id='word_1_172' title='bbox 267 1408 335 1455; x_wconf 63' lang='lat'>92</span> <span class='ocrx_word' id='word_1_173' title='bbox 353 1432 444 1462; x_wconf 89' lang='lat' dir='ltr'>tum</span> <span class='ocrx_word' id='word_1_174' title='bbox 474 1421 748 1462; x_wconf 80' lang='lat' dir='ltr'>Mamertinis</span> <span class='ocrx_word' id='word_1_175' title='bbox 781 1419 1022 1475; x_wconf 86' lang='lat' dir='ltr'>imperavit.</span> <span class='ocrx_word' id='word_1_176' title='bbox 1081 1418 1193 1459; x_wconf 89' lang='lat' dir='ltr'>Tum</span> <span class='ocrx_word' id='word_1_177' title='bbox 1225 1418 1284 1459; x_wconf 91' lang='lat' dir='ltr'>illi</span> <span class='ocrx_word' id='word_1_178' title='bbox 1315 1419 1633 1470; x_wconf 87' lang='lat' dir='ltr'>intellexerunt,</span> <span class='ocrx_word' id='word_1_179' title='bbox 1654 1433 1698 1459; x_wconf 88' lang='lat' dir='ltr'>se</span> <span class='ocrx_word' id='word_1_180' title='bbox 1719 1418 1778 1468; x_wconf 89' lang='lat' dir='ltr'>id,</span> 
     </span>
     <span class='ocr_line' id='line_1_24' title="bbox 290 1475 1779 1533; baseline -0.003 -13"><span class='ocrx_word' id='word_1_181' title='bbox 290 1480 339 1513; x_wconf 82' lang='lat'>56</span> <span class='ocrx_word' id='word_1_182' title='bbox 351 1480 465 1533; x_wconf 91' lang='lat' dir='ltr'>quod</span> <span class='ocrx_word' id='word_1_183' title='bbox 489 1479 564 1519; x_wconf 72' lang='lat'>693</span> <span class='ocrx_word' id='word_1_184' title='bbox 580 1478 692 1519; x_wconf 86' lang='lat' dir='ltr'>malo</span> <span class='ocrx_word' id='word_1_185' title='bbox 711 1487 884 1518; x_wconf 89' lang='lat' dir='ltr'>auctore</span> <span class='ocrx_word' id='word_1_186' title='bbox 901 1476 1118 1525; x_wconf 88' lang='lat' dir='ltr'>emissent,</span> <span class='ocrx_word' id='word_1_187' title='bbox 1140 1475 1300 1516; x_wconf 86' lang='lat' dir='ltr'>diutius</span> <span class='ocrx_word' id='word_1_188' title='bbox 1322 1477 1516 1517; x_wconf 88' lang='lat' dir='ltr'>obtinere</span> <span class='ocrx_word' id='word_1_189' title='bbox 1534 1490 1620 1517; x_wconf 90' lang='lat' dir='ltr'>non</span> <span class='ocrx_word' id='word_1_190' title='bbox 1639 1489 1779 1532; x_wconf 85' lang='lat' dir='ltr'>posse.</span> 
     </span>
     <span class='ocr_line' id='line_1_25' title="bbox 349 1532 1777 1592; baseline -0.004 -15"><span class='ocrx_word' id='word_1_191' title='bbox 349 1536 446 1592; x_wconf 81' lang='lat' dir='ltr'>Age</span> <span class='ocrx_word' id='word_1_192' title='bbox 476 1550 618 1591; x_wconf 90' lang='lat' dir='ltr'>porro,</span> <span class='ocrx_word' id='word_1_193' title='bbox 655 1545 716 1586; x_wconf 86' lang='lat' dir='ltr'>tu,</span> <span class='ocrx_word' id='word_1_194' title='bbox 749 1534 818 1588; x_wconf 89' lang='lat' dir='ltr'>qui</span> <span class='ocrx_word' id='word_1_195' title='bbox 855 1543 896 1573; x_wconf 87' lang='lat' dir='ltr'>te</span> <span class='ocrx_word' id='word_1_196' title='bbox 930 1542 1017 1573; x_wconf 81' lang='lat' dir='ltr'>tam</span> <span class='ocrx_word' id='word_1_197' title='bbox 1050 1532 1298 1588; x_wconf 81' lang='lat' dir='ltr'>religiosum</span> <span class='ocrx_word' id='word_1_198' title='bbox 1333 1533 1572 1574; x_wconf 85' lang='lat' dir='ltr'>existimari</span> <span class='ocrx_word' id='word_1_199' title='bbox 1604 1533 1777 1573; x_wconf 86' lang='lat' dir='ltr'>voluisti</span> 
     </span>
     <span class='ocr_line' id='line_1_26' title="bbox 349 1588 1781 1648; baseline -0.003 -15"><span class='ocrx_word' id='word_1_200' title='bbox 349 1593 626 1648; x_wconf 84' lang='lat' dir='ltr'>interpretem</span> <span class='ocrx_word' id='word_1_201' title='bbox 651 1592 879 1641; x_wconf 79' lang='lat' dir='ltr'>foederum,</span> <span class='ocrx_word' id='word_1_202' title='bbox 902 1604 977 1631; x_wconf 90' lang='lat' dir='ltr'>cur</span> <span class='ocrx_word' id='word_1_203' title='bbox 1005 1588 1369 1630; x_wconf 81' lang='lat' dir='ltr'>Taurominitanis</span> <span class='ocrx_word' id='word_1_204' title='bbox 1400 1590 1679 1640; x_wconf 88' lang='lat' dir='ltr'>frumentum,</span> <span class='ocrx_word' id='word_1_205' title='bbox 1703 1603 1781 1630; x_wconf 90' lang='lat' dir='ltr'>cur</span> 
     </span>
     <span class='ocr_line' id='line_1_27' title="bbox 351 1646 1778 1705; baseline -0.003 -14"><span class='ocrx_word' id='word_1_206' title='bbox 351 1650 523 1691; x_wconf 55' lang='lat' dir='ltr'>Netinis</span> <span class='ocrx_word' id='word_1_207' title='bbox 547 1649 790 1705; x_wconf 75' lang='lat' dir='ltr'>imperasti?</span> <span class='ocrx_word' id='word_1_208' title='bbox 821 1661 999 1702; x_wconf 88' lang='lat' dir='ltr'>quarum</span> <span class='ocrx_word' id='word_1_209' title='bbox 1019 1646 1244 1687; x_wconf 86' lang='lat' dir='ltr'>civitatum</span> <span class='ocrx_word' id='word_1_210' title='bbox 1267 1656 1446 1702; x_wconf 85' lang='lat' dir='ltr'>utraque</span> <span class='ocrx_word' id='word_1_211' title='bbox 1467 1646 1679 1687; x_wconf 85' lang='lat' dir='ltr'>foederata</span> <span class='ocrx_word' id='word_1_212' title='bbox 1699 1654 1778 1686; x_wconf 81' lang='lat' dir='ltr'>est.</span> 
     </span>
     <span class='ocr_line' id='line_1_28' title="bbox 349 1702 1780 1761; baseline -0.002 -14"><span class='ocrx_word' id='word_1_213' title='bbox 349 1706 415 1748; x_wconf 91' lang='lat' dir='ltr'>Ac</span> <span class='ocrx_word' id='word_1_214' title='bbox 435 1707 583 1748; x_wconf 62' lang='lat' dir='ltr'>Netini</span> <span class='ocrx_word' id='word_1_215' title='bbox 603 1707 776 1761; x_wconf 88' lang='lat' dir='ltr'>quidem</span> <span class='ocrx_word' id='word_1_216' title='bbox 796 1705 876 1745; x_wconf 87' lang='lat' dir='ltr'>sibi</span> <span class='ocrx_word' id='word_1_217' title='bbox 896 1719 982 1744; x_wconf 88' lang='lat' dir='ltr'>non</span> <span class='ocrx_word' id='word_1_218' title='bbox 1004 1702 1246 1744; x_wconf 87' lang='lat' dir='ltr'>defuerunt.</span> <span class='ocrx_word' id='word_1_219' title='bbox 1264 1718 1362 1744; x_wconf 89' lang='lat' dir='ltr'>nam</span> <span class='ocrx_word' id='word_1_220' title='bbox 1382 1703 1507 1744; x_wconf 89' lang='lat' dir='ltr'>simul</span> <span class='ocrx_word' id='word_1_221' title='bbox 1525 1719 1574 1745; x_wconf 90' lang='lat' dir='ltr'>ac</span> <span class='ocrx_word' id='word_1_222' title='bbox 1592 1718 1780 1759; x_wconf 89' lang='lat' dir='ltr'>pronun-</span> 
     </span>
     <span class='ocr_line' id='line_1_29' title="bbox 350 1760 1780 1814; baseline -0.003 -10"><span class='ocrx_word' id='word_1_223' title='bbox 350 1765 482 1814; x_wconf 87' lang='lat' dir='ltr'>tiasti,</span> <span class='ocrx_word' id='word_1_224' title='bbox 504 1764 686 1804; x_wconf 88' lang='lat' dir='ltr'>libenter</span> <span class='ocrx_word' id='word_1_225' title='bbox 706 1773 749 1803; x_wconf 85' lang='lat' dir='ltr'>te</span> <span class='ocrx_word' id='word_1_226' title='bbox 782 1760 1055 1802; x_wconf 86' lang='lat' dir='ltr'>Mamertinis</span> <span class='ocrx_word' id='word_1_227' title='bbox 1085 1761 1289 1814; x_wconf 83' lang='lat' dir='ltr'>quiddam</span> <span class='ocrx_word' id='word_1_228' title='bbox 1321 1761 1562 1802; x_wconf 86' lang='lat' dir='ltr'>remittere:</span> <span class='ocrx_word' id='word_1_229' title='bbox 1594 1770 1637 1801; x_wconf 88' lang='lat' dir='ltr'>te</span> <span class='ocrx_word' id='word_1_230' title='bbox 1665 1760 1780 1801; x_wconf 78' lang='lat' dir='ltr'>adie-</span> 
     </span>
     <span class='ocr_line' id='line_1_30' title="bbox 349 1817 1780 1872; baseline -0.003 -10"><span class='ocrx_word' id='word_1_231' title='bbox 349 1831 463 1872; x_wconf 80' lang='lat' dir='ltr'>runt,</span> <span class='ocrx_word' id='word_1_232' title='bbox 493 1830 536 1862; x_wconf 86' lang='lat' dir='ltr'>et</span> <span class='ocrx_word' id='word_1_233' title='bbox 559 1821 736 1861; x_wconf 87' lang='lat' dir='ltr'>eandem</span> <span class='ocrx_word' id='word_1_234' title='bbox 773 1833 892 1859; x_wconf 87' lang='lat' dir='ltr'>suam</span> <span class='ocrx_word' id='word_1_235' title='bbox 921 1832 1092 1859; x_wconf 87' lang='lat' dir='ltr'>causam</span> <span class='ocrx_word' id='word_1_236' title='bbox 1121 1817 1298 1858; x_wconf 82' lang='lat' dir='ltr'>foederis</span> <span class='ocrx_word' id='word_1_237' title='bbox 1327 1832 1417 1858; x_wconf 87' lang='lat' dir='ltr'>esse</span> <span class='ocrx_word' id='word_1_238' title='bbox 1449 1818 1715 1858; x_wconf 56' lang='lat' dir='ltr'>docuerunt„</span> <span class='ocrx_word' id='word_1_239' title='bbox 1733 1826 1780 1858; x_wconf 90' lang='lat' dir='ltr'>tu</span> 
     </span>
     <span class='ocr_line' id='line_1_31' title="bbox 349 1874 1779 1930; baseline -0.003 -12"><span class='ocrx_word' id='word_1_240' title='bbox 349 1878 470 1919; x_wconf 88' lang='lat' dir='ltr'>aliter</span> <span class='ocrx_word' id='word_1_241' title='bbox 492 1879 717 1918; x_wconf 87' lang='lat' dir='ltr'>decernere</span> <span class='ocrx_word' id='word_1_242' title='bbox 739 1878 782 1917; x_wconf 89' lang='lat' dir='ltr'>in</span> <span class='ocrx_word' id='word_1_243' title='bbox 803 1876 950 1917; x_wconf 83' lang='lat' dir='ltr'>eadem</span> <span class='ocrx_word' id='word_1_244' title='bbox 973 1889 1103 1916; x_wconf 84' lang='lat' dir='ltr'>causa</span> <span class='ocrx_word' id='word_1_245' title='bbox 1129 1889 1217 1915; x_wconf 89' lang='lat' dir='ltr'>non</span> <span class='ocrx_word' id='word_1_246' title='bbox 1246 1875 1444 1930; x_wconf 85' lang='lat' dir='ltr'>potuisti.</span> <span class='ocrx_word' id='word_1_247' title='bbox 1504 1874 1779 1925; x_wconf 83' lang='lat' dir='ltr'>Pronuntias,</span> 
     </span>
     <span class='ocr_line' id='line_1_32' title="bbox 350 1931 1779 1987; baseline -0.003 -11"><span class='ocrx_word' id='word_1_248' title='bbox 350 1935 535 1976; x_wconf 78' lang='lat' dir='ltr'>Netinos</span> <span class='ocrx_word' id='word_1_249' title='bbox 567 1935 830 1975; x_wconf 84' lang='lat' dir='ltr'>frumentum</span> <span class='ocrx_word' id='word_1_250' title='bbox 863 1933 962 1973; x_wconf 85' lang='lat' dir='ltr'>dare</span> <span class='ocrx_word' id='word_1_251' title='bbox 993 1946 1082 1972; x_wconf 91' lang='lat' dir='ltr'>non</span> <span class='ocrx_word' id='word_1_252' title='bbox 1114 1941 1337 1987; x_wconf 86' lang='lat' dir='ltr'>oportere:</span> <span class='ocrx_word' id='word_1_253' title='bbox 1369 1941 1414 1973; x_wconf 88' lang='lat' dir='ltr'>et</span> <span class='ocrx_word' id='word_1_254' title='bbox 1445 1931 1500 1972; x_wconf 87' lang='lat' dir='ltr'>ab</span> <span class='ocrx_word' id='word_1_255' title='bbox 1532 1931 1598 1972; x_wconf 88' lang='lat' dir='ltr'>his</span> <span class='ocrx_word' id='word_1_256' title='bbox 1635 1941 1779 1972; x_wconf 88' lang='lat' dir='ltr'>tamen</span> 
     </span>
     <span class='ocr_line' id='line_1_33' title="bbox 348 1989 1779 2049; baseline -0.003 -16"><span class='ocrx_word' id='word_1_257' title='bbox 348 1993 504 2049; x_wconf 79' lang='lat' dir='ltr'>exigis.</span> <span class='ocrx_word' id='word_1_258' title='bbox 565 1992 684 2033; x_wconf 88' lang='lat' dir='ltr'>Cedo</span> <span class='ocrx_word' id='word_1_259' title='bbox 707 1991 813 2032; x_wconf 87' lang='lat' dir='ltr'>mihi</span> <span class='ocrx_word' id='word_1_260' title='bbox 836 1990 1027 2044; x_wconf 81' lang='lat' dir='ltr'>ejusdem</span> <span class='ocrx_word' id='word_1_261' title='bbox 1050 1989 1246 2044; x_wconf 82' lang='lat' dir='ltr'>praetoris</span> <span class='ocrx_word' id='word_1_262' title='bbox 1278 1989 1440 2030; x_wconf 88' lang='lat' dir='ltr'>litteras</span> <span class='ocrx_word' id='word_1_263' title='bbox 1472 2000 1516 2028; x_wconf 86' lang='lat' dir='ltr'>et</span> <span class='ocrx_word' id='word_1_264' title='bbox 1536 2002 1677 2029; x_wconf 86' lang='lat' dir='ltr'>rerum</span> <span class='ocrx_word' id='word_1_265' title='bbox 1705 1989 1779 2029; x_wconf 84' lang='lat' dir='ltr'>de-</span> 
     </span>
     <span class='ocr_line' id='line_1_34' title="bbox 349 2046 1779 2102; baseline -0.003 -11"><span class='ocrx_word' id='word_1_266' title='bbox 349 2063 576 2099; x_wconf 85' lang='lat' dir='ltr'>cretarum,</span> <span class='ocrx_word' id='word_1_267' title='bbox 613 2058 656 2089; x_wconf 87' lang='lat' dir='ltr'>et</span> <span class='ocrx_word' id='word_1_268' title='bbox 685 2048 888 2089; x_wconf 85' lang='lat' dir='ltr'>frumenti</span> <span class='ocrx_word' id='word_1_269' title='bbox 920 2047 1133 2102; x_wconf 86' lang='lat' dir='ltr'>imperati,</span> <span class='ocrx_word' id='word_1_270' title='bbox 1166 2055 1209 2086; x_wconf 89' lang='lat' dir='ltr'>et</span> <span class='ocrx_word' id='word_1_271' title='bbox 1241 2046 1372 2087; x_wconf 89' lang='lat' dir='ltr'>tritici</span> <span class='ocrx_word' id='word_1_272' title='bbox 1403 2046 1521 2087; x_wconf 89' lang='lat' dir='ltr'>emti.</span> <span class='ocrx_word' id='word_1_273' title='bbox 1557 2059 1779 2087; x_wconf 78' lang='lat' dir='ltr'><strong>LITTERAE</strong></span> 
     </span>
     <span class='ocr_line' id='line_1_35' title="bbox 351 2116 1779 2154; baseline -0.004 -6"><span class='ocrx_word' id='word_1_274' title='bbox 351 2120 604 2148; x_wconf 75' lang='lat' dir='ltr'><strong>PRAETORIS</strong></span> <span class='ocrx_word' id='word_1_275' title='bbox 638 2120 809 2147; x_wconf 79' lang='lat' dir='ltr'><strong>RERUM</strong></span> <span class='ocrx_word' id='word_1_276' title='bbox 844 2116 1200 2154; x_wconf 77' lang='lat' dir='ltr'>DECRETARUM,</span> <span class='ocrx_word' id='word_1_277' title='bbox 1224 2117 1482 2144; x_wconf 75' lang='lat' dir='ltr'>FRUMENTI</span> <span class='ocrx_word' id='word_1_278' title='bbox 1517 2116 1779 2153; x_wconf 77' lang='lat' dir='ltr'>IMPERA&#39;H,</span> 
     </span>
     <span class='ocr_line' id='line_1_36' title="bbox 353 2160 1780 2217; baseline -0.004 -12"><span class='ocrx_word' id='word_1_279' title='bbox 353 2177 412 2204; x_wconf 79' lang='grc' dir='ltr'>ΕΤ</span> <span class='ocrx_word' id='word_1_280' title='bbox 451 2177 709 2205; x_wconf 57' lang='grc' dir='ltr'>ΠῐυΜΕΝΤι</span> <span class='ocrx_word' id='word_1_281' title='bbox 749 2176 889 2203; x_wconf 80' lang='lat' dir='ltr'><strong>EMTI.</strong></span> <span class='ocrx_word' id='word_1_282' title='bbox 949 2161 1067 2207; x_wconf 83' lang='lat' dir='ltr'>Quid</span> <span class='ocrx_word' id='word_1_283' title='bbox 1098 2161 1241 2217; x_wconf 87' lang='lat' dir='ltr'>potius</span> <span class='ocrx_word' id='word_1_284' title='bbox 1274 2161 1318 2200; x_wconf 91' lang='lat' dir='ltr'>in</span> <span class='ocrx_word' id='word_1_285' title='bbox 1348 2160 1428 2201; x_wconf 84' lang='lat' dir='ltr'>hac</span> <span class='ocrx_word' id='word_1_286' title='bbox 1460 2169 1582 2201; x_wconf 81' lang='lat' dir='ltr'>tanta</span> <span class='ocrx_word' id='word_1_287' title='bbox 1609 2175 1660 2200; x_wconf 90' lang='lat' dir='ltr'>ac</span> <span class='ocrx_word' id='word_1_288' title='bbox 1691 2169 1780 2199; x_wconf 87' lang='lat' dir='ltr'>tam</span> 
     </span>
     <span class='ocr_line' id='line_1_37' title="bbox 349 2216 1779 2277; baseline -0.003 -15"><span class='ocrx_word' id='word_1_289' title='bbox 349 2222 464 2277; x_wconf 86' lang='lat' dir='ltr'>turpi</span> <span class='ocrx_word' id='word_1_290' title='bbox 499 2221 789 2261; x_wconf 86' lang='lat' dir='ltr'>inconstantia</span> <span class='ocrx_word' id='word_1_291' title='bbox 824 2218 1029 2274; x_wconf 87' lang='lat' dir='ltr'>suspicari</span> <span class='ocrx_word' id='word_1_292' title='bbox 1066 2232 1307 2272; x_wconf 77' lang='lat' dir='ltr'>possumus,</span> <span class='ocrx_word' id='word_1_293' title='bbox 1333 2217 1519 2272; x_wconf 87' lang='lat' dir='ltr'>judices,</span> <span class='ocrx_word' id='word_1_294' title='bbox 1554 2231 1683 2272; x_wconf 81' lang='lat' dir='ltr'>quam</span> <span class='ocrx_word' id='word_1_295' title='bbox 1720 2216 1779 2266; x_wconf 89' lang='lat' dir='ltr'>id,</span> 
     </span>
     <span class='ocr_line' id='line_1_38' title="bbox 349 2275 1782 2333; baseline -0.004 -14"><span class='ocrx_word' id='word_1_296' title='bbox 349 2279 466 2333; x_wconf 89' lang='lat' dir='ltr'>quod</span> <span class='ocrx_word' id='word_1_297' title='bbox 487 2292 659 2318; x_wconf 85' lang='lat' dir='ltr'>necesse</span> <span class='ocrx_word' id='word_1_298' title='bbox 680 2287 758 2329; x_wconf 86' lang='lat' dir='ltr'>est,</span> <span class='ocrx_word' id='word_1_299' title='bbox 780 2287 854 2317; x_wconf 89' lang='lat' dir='ltr'>aut</span> <span class='ocrx_word' id='word_1_300' title='bbox 875 2276 946 2316; x_wconf 89' lang='lat' dir='ltr'>isti</span> <span class='ocrx_word' id='word_1_301' title='bbox 979 2290 1004 2316; x_wconf 89' lang='lat' dir='ltr'>a</span> <span class='ocrx_word' id='word_1_302' title='bbox 1037 2275 1209 2316; x_wconf 57' lang='lat' dir='ltr'>hetinis</span> <span class='ocrx_word' id='word_1_303' title='bbox 1236 2275 1478 2330; x_wconf 89' lang='lat' dir='ltr'>pecuniam,</span> <span class='ocrx_word' id='word_1_304' title='bbox 1500 2288 1598 2315; x_wconf 91' lang='lat' dir='ltr'>cum</span> <span class='ocrx_word' id='word_1_305' title='bbox 1631 2287 1782 2328; x_wconf 88' lang='lat' dir='ltr'>posce-</span> 
     </span>
     <span class='ocr_line' id='line_1_39' title="bbox 350 2330 1782 2387; baseline -0.004 -11"><span class='ocrx_word' id='word_1_306' title='bbox 350 2345 429 2385; x_wconf 83' lang='lat' dir='ltr'>ret,</span> <span class='ocrx_word' id='word_1_307' title='bbox 451 2350 538 2375; x_wconf 91' lang='lat' dir='ltr'>non</span> <span class='ocrx_word' id='word_1_308' title='bbox 561 2335 729 2386; x_wconf 81' lang='lat' dir='ltr'>datam3</span> <span class='ocrx_word' id='word_1_309' title='bbox 761 2342 834 2374; x_wconf 88' lang='lat' dir='ltr'>aut</span> <span class='ocrx_word' id='word_1_310' title='bbox 856 2334 899 2374; x_wconf 90' lang='lat' dir='ltr'>id</span> <span class='ocrx_word' id='word_1_311' title='bbox 923 2346 1012 2372; x_wconf 86' lang='lat' dir='ltr'>esse</span> <span class='ocrx_word' id='word_1_312' title='bbox 1031 2341 1189 2383; x_wconf 84' lang='lat' dir='ltr'>actum,</span> <span class='ocrx_word' id='word_1_313' title='bbox 1213 2342 1260 2372; x_wconf 90' lang='lat' dir='ltr'>ut</span> <span class='ocrx_word' id='word_1_314' title='bbox 1282 2332 1567 2387; x_wconf 83' lang='lat' dir='ltr'>intelligerent</span> <span class='ocrx_word' id='word_1_315' title='bbox 1589 2330 1782 2370; x_wconf 87' lang='lat' dir='ltr'>Mamer-</span> 
     </span>
     <span class='ocr_line' id='line_1_40' title="bbox 351 2388 1782 2447; baseline -0.005 -14"><span class='ocrx_word' id='word_1_316' title='bbox 351 2393 446 2442; x_wconf 87' lang='lat' dir='ltr'>tini,</span> <span class='ocrx_word' id='word_1_317' title='bbox 478 2393 587 2432; x_wconf 88' lang='lat' dir='ltr'>bene</span> <span class='ocrx_word' id='word_1_318' title='bbox 624 2406 666 2432; x_wconf 86' lang='lat' dir='ltr'>se</span> <span class='ocrx_word' id='word_1_319' title='bbox 699 2392 811 2447; x_wconf 85' lang='lat' dir='ltr'>apud</span> <span class='ocrx_word' id='word_1_320' title='bbox 845 2390 974 2430; x_wconf 87' lang='lat' dir='ltr'>istum</span> <span class='ocrx_word' id='word_1_321' title='bbox 1011 2397 1099 2430; x_wconf 81' lang='lat' dir='ltr'>tam</span> <span class='ocrx_word' id='word_1_322' title='bbox 1134 2388 1268 2429; x_wconf 85' lang='lat' dir='ltr'>multa</span> <span class='ocrx_word' id='word_1_323' title='bbox 1301 2391 1342 2423; x_wconf 85' lang='lat'>70</span> <span class='ocrx_word' id='word_1_324' title='bbox 1356 2389 1492 2444; x_wconf 87' lang='lat' dir='ltr'>pretia</span> <span class='ocrx_word' id='word_1_325' title='bbox 1527 2402 1576 2428; x_wconf 88' lang='lat' dir='ltr'>ac</span> <span class='ocrx_word' id='word_1_326' title='bbox 1604 2401 1782 2427; x_wconf 85' lang='lat' dir='ltr'>munera</span> 
     </span>
     <span class='ocr_line' id='line_1_41' title="bbox 349 2441 1782 2502; baseline -0.005 -12"><span class='ocrx_word' id='word_1_327' title='bbox 349 2449 595 2501; x_wconf 83' lang='lat' dir='ltr'>collocasse,</span> <span class='ocrx_word' id='word_1_328' title='bbox 619 2463 717 2490; x_wconf 88' lang='lat' dir='ltr'>cum</span> <span class='ocrx_word' id='word_1_329' title='bbox 740 2448 852 2489; x_wconf 88' lang='lat' dir='ltr'>idem</span> <span class='ocrx_word' id='word_1_330' title='bbox 883 2447 952 2488; x_wconf 90' lang='lat' dir='ltr'>alii</span> <span class='ocrx_word' id='word_1_331' title='bbox 975 2445 1086 2502; x_wconf 85' lang='lat' dir='ltr'>juris</span> <span class='ocrx_word' id='word_1_332' title='bbox 1108 2460 1162 2487; x_wconf 79' lang='lat' dir='ltr'>ex</span> <span class='ocrx_word' id='word_1_333' title='bbox 1185 2446 1334 2487; x_wconf 81' lang='lat' dir='ltr'>eadem</span> <span class='ocrx_word' id='word_1_334' title='bbox 1357 2459 1484 2488; x_wconf 84' lang='lat' dir='ltr'>causa</span> <span class='ocrx_word' id='word_1_335' title='bbox 1505 2459 1591 2486; x_wconf 89' lang='lat' dir='ltr'>non</span> <span class='ocrx_word' id='word_1_336' title='bbox 1613 2441 1782 2486; x_wconf 85' lang='lat' dir='ltr'>obtine-</span> 
     </span>
    </p>
   </div>
   <div class='ocr_carea' id='block_1_3' title="bbox 339 2510 1790 2774">
    <p class='ocr_par' dir='ltr' id='par_1_4' title="bbox 339 2510 467 2548">
     <span class='ocr_line' id='line_1_42' title="bbox 339 2510 467 2548; baseline 0.016 -2"><span class='ocrx_word' id='word_1_337' title='bbox 339 2516 444 2547; x_wconf 69' lang='lat' dir='ltr'>srent</span> <span class='ocrx_word' id='word_1_338' title='bbox 454 2510 467 2548; x_wconf 73' lang='grc' dir='ltr'><strong><em>ἓ</em></strong></span> 
     </span>
    </p>

    <p class='ocr_par' dir='ltr' id='par_1_5' title="bbox 347 2646 1790 2774">
     <span class='ocr_line' id='line_1_43' title="bbox 391 2646 1785 2690; baseline -0.004 -9"><span class='ocrx_word' id='word_1_339' title='bbox 391 2652 431 2685; x_wconf 77' lang='grc'>67</span> <span class='ocrx_word' id='word_1_340' title='bbox 455 2661 527 2681; x_wconf 76' lang='lat' dir='ltr'>eum</span> <span class='ocrx_word' id='word_1_341' title='bbox 544 2651 725 2681; x_wconf 73' lang='lat' dir='ltr'>audiebatis</span> <span class='ocrx_word' id='word_1_342' title='bbox 743 2649 890 2690; x_wconf 67' lang='lat' dir='ltr'>nomina]</span> <span class='ocrx_word' id='word_1_343' title='bbox 916 2650 976 2679; x_wconf 85' lang='lat' dir='ltr'>int.</span> <span class='ocrx_word' id='word_1_344' title='bbox 990 2658 1044 2679; x_wconf 87' lang='lat' dir='ltr'>eo·</span> <span class='ocrx_word' id='word_1_345' title='bbox 1128 2649 1170 2683; x_wconf 88' lang='lat'>69</span> <span class='ocrx_word' id='word_1_346' title='bbox 1191 2658 1213 2679; x_wconf 79' lang='lat' dir='ltr'>a</span> <span class='ocrx_word' id='word_1_347' title='bbox 1239 2649 1326 2679; x_wconf 80' lang='lat' dir='ltr'>malo</span> <span class='ocrx_word' id='word_1_348' title='bbox 1345 2647 1490 2688; x_wconf 80' lang='lat' dir='ltr'>auctore]</span> <span class='ocrx_word' id='word_1_349' title='bbox 1516 2657 1546 2678; x_wconf 82' lang='lat' dir='ltr'>v.</span> <span class='ocrx_word' id='word_1_350' title='bbox 1568 2647 1659 2678; x_wconf 81' lang='lat' dir='ltr'>Clav.</span> <span class='ocrx_word' id='word_1_351' title='bbox 1674 2646 1709 2676; x_wconf 88' lang='lat' dir='ltr'>in</span> <span class='ocrx_word' id='word_1_352' title='bbox 1723 2656 1785 2676; x_wconf 72' lang='lat' dir='ltr'>au·</span> 
     </span>
     <span class='ocr_line' id='line_1_44' title="bbox 348 2691 1278 2732; baseline -0.003 -9"><span class='ocrx_word' id='word_1_353' title='bbox 348 2701 436 2731; x_wconf 85' lang='lat' dir='ltr'>rum,</span> <span class='ocrx_word' id='word_1_354' title='bbox 453 2694 506 2732; x_wconf 81' lang='lat' dir='ltr'>qui</span> <span class='ocrx_word' id='word_1_355' title='bbox 524 2694 557 2722; x_wconf 87' lang='lat' dir='ltr'>in</span> <span class='ocrx_word' id='word_1_356' title='bbox 573 2693 709 2723; x_wconf 85' lang='lat' dir='ltr'>consilio</span> <span class='ocrx_word' id='word_1_357' title='bbox 724 2694 826 2729; x_wconf 83' lang='lat' dir='ltr'>fuere,</span> <span class='ocrx_word' id='word_1_358' title='bbox 844 2701 919 2722; x_wconf 88' lang='lat' dir='ltr'>cum</span> <span class='ocrx_word' id='word_1_359' title='bbox 934 2691 1045 2721; x_wconf 82' lang='lat' dir='ltr'>decre-</span> <span class='ocrx_word' id='word_1_360' title='bbox 1088 2695 1158 2722; x_wconf 80' lang='lat' dir='ltr'>ctor</span> <span class='ocrx_word' id='word_1_361' title='bbox 1173 2701 1205 2722; x_wconf 89' lang='lat' dir='ltr'>u.</span> <span class='ocrx_word' id='word_1_362' title='bbox 1226 2693 1278 2720; x_wconf 80' lang='lat'>11.</span> 
     </span>
     <span class='ocr_line' id='line_1_45' title="bbox 347 2731 1790 2774; baseline -0.002 -9"><span class='ocrx_word' id='word_1_363' title='bbox 347 2739 422 2765; x_wconf 87' lang='lat' dir='ltr'>tum</span> <span class='ocrx_word' id='word_1_364' title='bbox 438 2735 519 2765; x_wconf 88' lang='lat' dir='ltr'>illud</span> <span class='ocrx_word' id='word_1_365' title='bbox 533 2735 666 2771; x_wconf 84' lang='lat' dir='ltr'>faceret,</span> <span class='ocrx_word' id='word_1_366' title='bbox 681 2735 767 2774; x_wconf 86' lang='lat' dir='ltr'>quod</span> <span class='ocrx_word' id='word_1_367' title='bbox 780 2734 971 2774; x_wconf 81' lang='lat' dir='ltr'>praelectum</span> <span class='ocrx_word' id='word_1_368' title='bbox 984 2738 1044 2763; x_wconf 87' lang='lat' dir='ltr'>est.</span> <span class='ocrx_word' id='word_1_369' title='bbox 1129 2736 1170 2766; x_wconf 80' lang='lat'>70</span> <span class='ocrx_word' id='word_1_370' title='bbox 1182 2734 1295 2772; x_wconf 79' lang='lat' dir='ltr'>pretia</span> <span class='ocrx_word' id='word_1_371' title='bbox 1309 2742 1349 2762; x_wconf 80' lang='grc' dir='ltr'>αι·</span> <span class='ocrx_word' id='word_1_372' title='bbox 1359 2731 1419 2771; x_wconf 85' lang='lat' dir='ltr'>m.]</span> <span class='ocrx_word' id='word_1_373' title='bbox 1435 2742 1464 2761; x_wconf 89' lang='lat' dir='ltr'>v.</span> <span class='ocrx_word' id='word_1_374' title='bbox 1482 2731 1572 2762; x_wconf 83' lang='lat' dir='ltr'>Clav.</span> <span class='ocrx_word' id='word_1_375' title='bbox 1587 2731 1621 2761; x_wconf 88' lang='lat' dir='ltr'>in</span> <span class='ocrx_word' id='word_1_376' title='bbox 1628 2731 1790 2771; x_wconf 37' lang='lat' dir='ltr'>pretium.-</span> 
     </span>
    </p>
   </div>
   <div class='ocr_carea' id='block_1_4' title="bbox 347 2773 1781 2903">
    <p class='ocr_par' dir='ltr' id='par_1_6' title="bbox 347 2773 1781 2903">
     <span class='ocr_line' id='line_1_46' title="bbox 380 2773 1781 2816; baseline -0.003 -9"><span class='ocrx_word' id='word_1_377' title='bbox 380 2778 430 2808; x_wconf 60' lang='lat'>&lt;68</span> <span class='ocrx_word' id='word_1_378' title='bbox 455 2778 607 2807; x_wconf 75' lang='lat' dir='ltr'>Pedueoez·</span> <span class='ocrx_word' id='word_1_379' title='bbox 628 2778 703 2807; x_wconf 76' lang='lat' dir='ltr'>inst.</span> <span class='ocrx_word' id='word_1_380' title='bbox 724 2787 764 2807; x_wconf 83' lang='lat' dir='ltr'>ac</span> <span class='ocrx_word' id='word_1_381' title='bbox 778 2776 893 2814; x_wconf 74' lang='lat' dir='ltr'>literis]</span> <span class='ocrx_word' id='word_1_382' title='bbox 911 2777 932 2805; x_wconf 84' lang='lat' dir='ltr'>i.</span> <span class='ocrx_word' id='word_1_383' title='bbox 948 2786 977 2804; x_wconf 88' lang='lat' dir='ltr'>e.</span> <span class='ocrx_word' id='word_1_384' title='bbox 993 2781 1044 2805; x_wconf 84' lang='lat' dir='ltr'>ta·</span> <span class='ocrx_word' id='word_1_385' title='bbox 1088 2775 1234 2806; x_wconf 73' lang='lat' dir='ltr'>Graevius</span> <span class='ocrx_word' id='word_1_386' title='bbox 1248 2784 1305 2814; x_wconf 85' lang='lat' dir='ltr'>per</span> <span class='ocrx_word' id='word_1_387' title='bbox 1316 2774 1492 2816; x_wconf 76' lang='lat' dir='ltr'>hendiadys</span> <span class='ocrx_word' id='word_1_388' title='bbox 1507 2773 1625 2815; x_wconf 63' lang='lat' dir='ltr'>accipit</span> <span class='ocrx_word' id='word_1_389' title='bbox 1639 2783 1697 2815; x_wconf 85' lang='lat' dir='ltr'>pro</span> <span class='ocrx_word' id='word_1_390' title='bbox 1710 2782 1781 2814; x_wconf 86' lang='lat' dir='ltr'>pre-</span> 
     </span>
     <span class='ocr_line' id='line_1_47' title="bbox 347 2816 1397 2860; baseline -0.002 -11"><span class='ocrx_word' id='word_1_391' title='bbox 347 2817 446 2856; x_wconf 78' lang='lat' dir='ltr'>bulis,</span> <span class='ocrx_word' id='word_1_392' title='bbox 460 2820 493 2849; x_wconf 88' lang='lat' dir='ltr'>in</span> <span class='ocrx_word' id='word_1_393' title='bbox 507 2819 635 2858; x_wconf 83' lang='lat' dir='ltr'>quibus,</span> <span class='ocrx_word' id='word_1_394' title='bbox 649 2819 724 2860; x_wconf 81' lang='lat' dir='ltr'>quid</span> <span class='ocrx_word' id='word_1_395' title='bbox 736 2820 806 2860; x_wconf 79' lang='lat' dir='ltr'>ipse</span> <span class='ocrx_word' id='word_1_396' title='bbox 818 2819 959 2856; x_wconf 80' lang='lat' dir='ltr'>fecisset,</span> <span class='ocrx_word' id='word_1_397' title='bbox 973 2827 1044 2858; x_wconf 86' lang='lat' dir='ltr'>per·</span> <span class='ocrx_word' id='word_1_398' title='bbox 1087 2817 1180 2848; x_wconf 78' lang='lat' dir='ltr'>tiosis</span> <span class='ocrx_word' id='word_1_399' title='bbox 1197 2816 1397 2849; x_wconf 83' lang='lat' dir='ltr'>muneribus.</span> 
     </span>
     <span class='ocr_line' id='line_1_48' title="bbox 349 2862 605 2903; baseline -0.008 -11"><span class='ocrx_word' id='word_1_400' title='bbox 349 2862 509 2903; x_wconf 78' lang='lat' dir='ltr'>scriptum</span> <span class='ocrx_word' id='word_1_401' title='bbox 525 2865 605 2893; x_wconf 85' lang='lat' dir='ltr'>erat.</span> 
     </span>
    </p>
   </div>
  </div>
 </body>
</html>
