1907 3231
623 153 825 193 ACTIO
864 155 1089 193 PRIMA.
1507 159 1582 195 113

148 257 272 302 dere:
303 257 407 300 alios
429 257 710 314 respondisse,
731 274 816 300 non
847 268 997 316 putare
1019 259 1061 300 id
1083 258 1231 315 perfici
1253 273 1397 315 posse:
1430 260 1558 301 iuven
1577 286 1581 290 -

150 325 243 356 tum
273 325 415 356 tamen
437 329 528 356 esse
549 314 705 357 fortem
731 317 932 367 amicum,
954 331 1008 357 ex
1039 316 1187 357 eadem
1210 315 1377 357 familia
1393 317 1449 362 Q.
1474 318 1578 358 Ver-

148 385 252 423 rem,
276 371 478 423 Romilia,
501 386 555 412 ex
587 373 752 429 optima
775 374 1010 414 divisorum
1040 373 1280 429 disciplina,
1299 373 1432 429 patris
1455 373 1578 415 istius

145 429 402 485 discipulum
443 438 571 484 atque
607 430 808 481 amicum,
842 430 931 486 qui,
963 429 1061 471 H-S
1097 431 1345 486 quingentis
1388 429 1576 471 millibus

145 486 365 542 depositis,
395 486 437 526 id
470 500 513 526 se
545 486 832 542 perfecturum
866 487 1160 544 polliceretur:
1192 498 1236 528 et
1270 486 1401 527 fuisse
1433 496 1578 528 tamen

144 542 386 594 nonnullos,
408 543 482 598 qui
507 558 550 583 se
572 559 656 584 una
677 544 865 586 facturos
883 545 977 586 *esse
997 545 1201 586 dicerent.
1261 544 1374 590 Quae
1396 558 1495 585 cum
1515 544 1577 585 ita

142 609 296 650 essent,
334 614 434 640 sane
470 601 669 642 benivolo
698 603 842 643 animo
871 616 953 653 me,
990 611 1039 643 ut
1075 616 1336 658 magnopere
1365 615 1574 652 caverem,

141 658 452 712 praemonebat.
513 657 784 700 Sollicitabar
824 661 949 700 rebus
989 659 1190 700 maximis
1230 674 1316 700 uno
1358 667 1486 713 atque
1523 663 1624 717 eo9

141 714 379 770 perexiguo
401 724 607 771 tempore.
638 717 847 772 urgebant
868 715 1070 758 comitia:
1101 718 1142 747 32
1154 725 1197 756 et
1219 716 1262 757 in
1285 715 1351 756 his
1374 715 1476 773 ipsis
1498 730 1574 771 op-
1586 734 1637 768 24

142 772 368 827 pugnabat
398 773 549 828 grandi
581 774 775 828 pecunia.
837 773 1033 814 Instabat
1061 772 1302 828 judicium:
1335 773 1373 813 ei
1405 788 1576 828 quoque

142 828 320 884 negotio
342 829 435 870 fisci
460 829 702 871 Sicilienses
723 830 1013 871 minabantur.
1072 828 1229 886 Agere,
1253 844 1349 885 quae
1381 832 1434 871 ad
1457 830 1577 886 judi-

143 884 260 926 cium
291 886 576 942 pertinebant,
599 887 744 938 libere,
767 887 1042 929 comitiorum
1062 897 1180 928 metu
1202 887 1481 929 deterrebar:v
1503 901 1578 943 pe·

144 941 289 983 titioni
321 952 413 984 toto
444 945 588 985 animo
620 944 790 996 servire,
822 954 998 1001 propter
1024 944 1256 1000 judicium,
1287 959 1374 985 non
1404 944 1576 986 licebat.

145 998 307 1041 Minari
337 1000 520 1055 denique
550 1001 808 1042 divisoribus
839 1003 948 1042 ratio
970 1016 1057 1043 non
1087 1011 1191 1053 erat,
1213 1010 1441 1058 propterea
1461 1001 1578 1057 quod

143 1071 215 1097 eos
238 1057 476 1114 intelligere
499 1059 710 1111 videbam,
732 1074 801 1100 me
822 1058 905 1100 hoc
929 1059 1100 1115 judicio
1121 1061 1160 1090 33
1174 1059 1418 1100 districtum
1448 1070 1578 1114 atque

125 1113 383 1170 >obligatum
415 1114 622 1156 futurum.
681 1116 826 1172 Atque
856 1116 941 1158 hoc
971 1117 1065 1173 ipso
1098 1125 1290 1172 tempore
1319 1116 1472 1157 Siculis
1504 1117 1576 1157 de·
1588 1126 1636 1160 25

142 1172 387 1213 nuntiatum
422 1187 512 1213 esse
543 1173 685 1225 audio,
720 1174 907 1230 primum
936 1175 990 1214 ab
1027 1173 1278 1225 Hortensio,
1314 1173 1491 1214 domum
1523 1173 1576 1214 ad

142 1227 262 1269 illum
286 1239 333 1269 ut
354 1230 570 1270 venirent:
606 1231 772 1272 Siculos
803 1245 903 1272 sane
933 1231 978 1271 in
1005 1245 1055 1271 eo
1086 1230 1241 1271 liberos
1269 1230 1415 1282 fuisse,
1438 1229 1684 1286 34qui‚P·7¹·

140 1287 421 1340 quamobrem
451 1297 774 1340 arcesserentur,
811 1303 910 1329 cum
946 1287 1249 1343 intelligerent,
1279 1302 1366 1328 non
1397 1280 1618 1328 venisse.²¹‘

147 1342 315 1384 interea
343 1345 520 1385 comitia
550 1355 709 1396 nostra,
731 1359 916 1400 quorum
947 1345 1026 1385 iste
1057 1359 1115 1395 se,
1147 1354 1195 1385 ut
1224 1354 1463 1386 ceterorum
1494 1345 1579 1386 hoc

144 1414 256 1441 anno
278 1402 551 1442 comitiorum
573 1402 796 1443 dominum
817 1417 909 1443 esse
937 1402 1240 1453 arbitrabatur,
1261 1401 1409 1443 haberi
1432 1411 1583 1459 coepta

145 1465 257 1498 sunt.
315 1457 548 1500 35Cursare
584 1459 678 1510 iste,
710 1459 842 1501 homo
879 1469 1048 1516 potens,
1083 1474 1182 1500 cum
1219 1458 1308 1500 filio
1346 1458 1502 1500 blando
1539 1470 1583 1500 et

143 1514 349 1570 gratioso,
387 1516 549 1557 circum
589 1517 746 1559 tribus:
778 1528 979 1574 paternos
1020 1517 1196 1567 amicos,
1237 1516 1322 1557 hoc
1357 1525 1435 1567 est,
1473 1516 1584 1557 divi-

143 1586 271 1623 sores,
302 1573 514 1629 appellare
544 1588 690 1615 omues
722 1583 765 1615 et
795 1575 1040 1616 convenire.
1101 1573 1231 1621 Quod
1253 1588 1353 1615 cum
1374 1583 1486 1614 esset
1516 1574 1581 1614 in-

144 1628 359 1670 tellectum
381 1641 425 1671 et
445 1631 814 1684 animadversum3
846 1632 950 1674 fecit
971 1632 1115 1673 animo
1134 1631 1419 1672 libentissimo
1442 1645 1583 1687 popu->-

124 1684 206 1727 -lus
240 1686 475 1739 Romanus,
509 1698 570 1740 ut,
601 1689 724 1745 cujus
757 1689 921 1730 divitiae
951 1703 1021 1731 me
1055 1688 1109 1731 de
1140 1688 1225 1729 fide
1252 1688 1462 1729 deducere
1494 1703 1582 1729 non

143 1744 399 1800 potuissent,
437 1746 540 1786 36ne
575 1746 768 1800 ejusdem
804 1748 1000 1803 pecuniae
1039 1746 1092 1787 de
1129 1746 1293 1787 honore
1330 1745 1579 1801 dejicerent.

149 1801 435 1857 Posteaquam
453 1802 523 1843 illa
544 1804 766 1858 petitionis
788 1819 946 1860 magna
963 1818 1066 1845 cura
1081 1803 1285 1845 liberatus
1308 1818 1417 1854 sum,
1436 1803 1580 1843 animo
1591 1817 1643 1851 26

145 1859 263 1915 coepi
291 1859 427 1900 multo
449 1861 586 1916 magis
609 1875 746 1903 vacuo
768 1876 818 1902 ac
849 1862 1005 1913 soluto,
1026 1860 1135 1903 nihil
1166 1860 1296 1911 aliud,
1317 1860 1401 1901 nisi
1432 1861 1485 1901 de
1509 1860 1583 1915 ju-

126 1915 274 1968 dicio,
307 1932 433 1973 agere
466 1927 509 1958 et
546 1918 752 1974 cogitare.
813 1919 1016 1975 Reperio,
1045 1918 1232 1974 judices,
1263 1917 1360 1959 haec
1396 1918 1450 1958 ab
1491 1917 1585 1958 istis

144 1974 324 2015 consilia
357 1975 465 2015 inita
495 1983 538 2015 et
568 1976 818 2028 constituta,
853 1986 916 2028 ut,
951 1989 1207 2032 quacunque
1240 1989 1348 2032 opus
1382 1984 1493 2016 esset
1523 1989 1588 2016 ra-

146 2031 276 2082 tione,
308 2046 372 2072 res
404 2032 465 2072 ita
494 2033 734 2085 duceretur,
766 2042 815 2075 ut
849 2034 964 2090 apud
995 2033 1064 2074 M.
1087 2032 1318 2073 Metellum
1356 2041 1586 2088 praetorenr

143 2103 273 2130 causa
290 2089 518 2131 diceretur.
541 2090 587 2130 in
606 2104 657 2131 eo
679 2105 770 2131 esse
789 2091 886 2133 haec
904 2090 1159 2132 commoda:
1193 2089 1380 2146 primum
1403 2089 1470 2130 M.
1491 2089 1588 2130 Me-

145 2145 307 2198 tellum,
348 2147 681 2190 amicissimum:
721 2148 875 2189 deinde
915 2147 1202 2190 Hortensium
1240 2146 1460 2188 consulem
1500 2161 1588 2186 non

145 2203 296 2256 solum,
327 2204 400 2245 sed
430 2205 560 2246 etiam
583 2205 639 2251 Q.
664 2204 919 2260 Metellum3
950 2206 1025 2262 qui
1056 2219 1187 2261 quam
1219 2204 1289 2245 isti
1323 2204 1378 2244 sit
1410 2203 1589 2254 amicus,

185 2350 226 2379 32
247 2352 278 2378 et
306 2349 355 2379 Ιιίε
377 2348 468 2388 ipsis]
497 2347 637 2380 Videtur
660 2348 844 2380 addendum
885 2358 951 2380 ποπ
974 2349 1095 2379 venisse
1121 2348 1221 2379 etiam
1248 2347 1332 2378 bene
1359 2346 1503 2378 latinum
1527 2350 1591 2381 cst,

140 2390 187 2420 in.
201 2391 250 2421 lois
270 2391 348 2430 ipsis
362 2402 441 2421 com.
456 2396 506 2422 est
528 2391 603 2431 ipsis
617 2391 730 2422 diebus
745 2392 846 2421 comi-

143 2433 277 2505 tigrum.
323 2433 368 2464 Et
389 2435 434 2464 sic
455 2439 506 2465 est
527 2434 562 2464 in
577 2433 641 2464 ΜΒ.
658 2434 722 2465 Gu.
736 2434 846 2473 itaque

143 2485 162 2505 a
185 2475 261 2505 didi.

186 2520 226 2548 33
249 2518 430 2548 district-um
454 2521 552 2557 aeque
573 2518 767 2558 obligatum]
798 2517 847 2548 Ad

143 2559 246 2590 Attio.
260 2560 355 2596 V111,
378 2562 421 2591 16.
437 2565 487 2590 est
507 2561 645 2599 alligari
667 2565 763 2600 atque
785 2562 847 2591 im-

139 2602 268 2641 pediri.-
290 2602 376 2632 unde
403 2603 518 2642 conjici
547 2603 660 2642 possit,
691 2604 741 2633 hie
769 2613 848 2642 qno-

146 2653 206 2682 que
222 2643 394 2683 legeudum
409 2655 477 2676 esse
490 2646 678 2683 alligatum.
704 2645 766 2675 Sed
780 2646 849 2675 brec

146 2685 243 2715 verba
268 2686 306 2716 de
334 2686 448 2718 iisdem
472 2687 567 2717 rebus
594 2689 777 2727 prorniscue
803 2687 851 2718 di-

145 2734 276 2758 cuntur.
291 2738 320 2758 v.
336 2729 426 2760 Clav.
442 2730 476 2760 in
491 2729 546 2760 hh.
562 2739 612 2760 vv.

189 2771 230 2799 34
251 2771 317 2809 qui,
331 2772 538 2810 quamobrem
557 2772 630 2812 Seu]
654 2771 798 2801 Gronov.
814 2771 847 2800 in

144 2811 222 2842 Obs.
251 2818 284 2842 et
313 2814 459 2844 Graevius
487 2815 541 2854 qui
568 2813 742 2844 delendum
761 2813 850 2854 judi-

145 2858 244 2891 eant3
280 2853 448 2893 eleganter
474 2865 560 2886 sane.
615 2857 770 2887 ceterum
797 2856 851 2895 qui

209 2909 397 2938 VOL.11.

887 2392 949 2422 etsi
963 2391 1183 2422 soloecismum
1195 2399 1308 2429 sapere
1321 2389 1459 2420 videtur.
1505 2388 1591 2418 Nam

889 2434 923 2464 in
938 2434 1087 2464 oratioue
1109 2433 1241 2472 obliqua
1257 2437 1291 2462 et
1313 2431 1348 2461 in
1370 2430 1531 2463 narrando
1547 2432 1592 2462 sic

891 2476 1044 2507 infinitivi
1060 2480 1259 2515 usurpantur
1273 2475 1404 2513 passim.

933 2520 972 2548 35
1004 2518 1144 2548 Cursare
1170 2518 1241 2554 iste,
1271 2518 1361 2547 homo
1385 2515 1510 2556 potens]
1542 2515 1595 2545 Sic

891 2560 1201 2600 interpungendum.

933 2604 974 2633 36
996 2613 1036 2632 ne
1053 2601 1195 2643 ejusdem
1212 2599 1591 2642 pecunie-deficerent]

893 2644 945 2674 Sic
959 2644 1030 2674 cdd.
1047 2654 1096 2684 pr.
1109 2653 1240 2674 omnes:
1266 2642 1352 2682 quod
1370 2651 1500 2673 secutus
1522 2652 1594 2672 sum

894 2697 969 2716 cuin
985 2686 1130 2716 Graevio:
1155 2695 1272 2726 nempe
1287 2684 1460 2726 dejicerent
1479 2685 1596 2715 melius

891 2729 1045 2759 convenit
1064 2729 1161 2758 verbo
1171 2727 1268 2768 fecit.
1314 2728 1444 2758 Primus
1466 2728 1501 2758 P.
1523 2726 1597 2756 Ma-

893 2772 1005 2801 nutius
1018 2770 1118 2802 edidit
1128 2768 1486 2811 pecuniis—dejicerem
1496 2776 1533 2799 ut
1549 2774 1598 2798 est

894 2815 928 2843 in
948 2814 1012 2844 ΜΞ,
1033 2812 1097 2843 Gu.
1115 2814 1170 2852 qui
1195 2818 1310 2844 tamen
1330 2812 1428 2844 habet
1445 2813 1597 2852 pecunia.

895 2856 934 2887 de
951 2866 984 2886 re
997 2855 1083 2887 conf.
1100 2855 1138 2886 L.
1156 2855 1181 2886 Ι.
1194 2855 1286 2886 Verr.
1302 2857 1332 2888 7.

879 2911 892 2937 1
