1907 3231
528 109 652 148 ACT.
682 108 734 148 11.
770 106 959 146 LIBER
984 105 1257 146 TERTIUS.
1542 110 1622 147 319

173 214 369 274 pecuniis
386 214 635 271 repetundis
652 213 929 256 condemnari
949 210 1100 268 possit.
1133 211 1354 258 Quantam
1371 211 1486 252 enim
1506 213 1623 267 quis-

173 289 258 330 que
278 272 551 329 concupierit
573 273 819 328 pecuniam,
848 279 1013 313 tantam
1035 269 1186 311 licebit
1209 282 1284 325 per
1305 267 1423 310 cellae
1446 283 1623 321 nomen,

173 331 475 373 aestimationis
496 329 799 386 magnitudine
820 336 1123 384 consequatur.

232 388 293 430 At
313 388 429 430 enim
451 397 516 429 est
538 387 759 442 quiddam,
790 388 921 443 quod,
953 385 1120 427 etiamsi
1154 383 1302 441 palam
1322 383 1366 425 in
1389 383 1623 425 defenden-
1635 371 1709 433 96

176 447 233 488 do
267 461 354 488 non
386 446 495 487 dicit
529 445 805 497 Hortensius,
829 454 972 486 tamen
1005 444 1067 484 ita
1098 442 1219 493 dicit,
1250 451 1298 482 ut
1322 457 1396 483 vos
1419 441 1461 482 id
1485 442 1713 498 περὶ-223

175 504 264 545 cari
298 513 342 545 et
363 503 559 560 cogitare
582 503 777 559 possitis:
812 503 1026 559 pertinere
1058 501 1142 542 hoc
1172 500 1226 541 ad
1259 499 1535 541 commodum
1561 514 1627 540 se-

176 562 419 603 natorium:
453 561 668 617 pertinere
695 562 745 602 ad
771 560 1005 601 utilitatem
1027 573 1192 609 eorum,
1222 558 1296 613 qui
1312 557 1530 613 judicent,
1553 557 1628 612 qui

177 619 223 660 in
247 619 481 676 provinciis
515 633 614 659 cum
652 627 882 675 potestate,
915 626 990 659 aut
1024 632 1125 659 cum
1156 616 1372 673 legatione
1394 630 1437 656 se
1461 614 1631 656 futuros

179 677 411 733 aliquando
451 677 728 718 arbitrentur.
791 676 1029 717 Praeclaros
1068 689 1168 716 vero
1207 673 1430 715 existimas
1459 672 1633 728 judices

179 749 260 776 nos
281 734 455 787 habere,
478 750 587 791 quos
610 734 759 775 alienis
782 734 973 790 peccatis
997 747 1276 773 concessuros
1299 740 1440 787 putes,
1458 745 1546 786 quo
1569 730 1634 772 fa-

179 792 304 834 cilius
337 793 505 849 l4ipsos
541 807 721 849 peccare
756 791 898 833 liceat.
962 789 1079 846 Ergo
1113 789 1157 830 id
1190 789 1388 830 volumus
1422 788 1634 845 populum

183 850 448 903 Romanurn,
472 850 514 892 id
537 850 797 907 provincias,
820 848 862 889 id
886 848 1027 889 socios
1046 846 1330 902 nationesque
1348 856 1517 888 exteras
1539 847 1636 889 exi-

181 909 371 960 stimare,
404 910 437 949 si
462 917 678 949 senatores
706 907 924 963 judicent,
953 906 1039 947 1100
1070 913 1185 947 certe
1219 920 1353 946 unum
1377 919 1513 961 genus
1537 905 1637 946 infi-

180 967 286 1007 nitae
311 967 507 1023 pecuniae
540 979 614 1022 per
649 980 860 1006 summam
896 963 1101 1019 injuriam
1130 963 1339 1019 cogendae
1362 962 1479 1005 nullo
1503 964 1634 1004 modo

183 1039 310 1081 posse
344 1023 623 1080 reprehendi?
657 1023 786 1070 Quod
819 1023 851 1062 si
885 1022 945 1063 ita
971 1032 1050 1073 est,
1081 1021 1186 1077 quid
1220 1036 1447 1077 possumus
1480 1030 1635 1063 contra.

182 1082 304 1123 illum
327 1091 558 1138 praetorem
592 1081 749 1132 dicere,
780 1081 853 1136 qui
885 1080 1081 1136 quotidie
1114 1079 1324 1135 templum
1347 1087 1479 1131 tenet,
1505 1082 1541 1110 15
1555 1079 1630 1135 qui

181 1139 497 1196 rempublicam
519 1139 668 1180 sistere
691 1149 820 1195 negat
844 1153 983 1194 posse,
1015 1138 1058 1178 ni
1089 1137 1142 1178 ad
1170 1149 1410 1194 equestrem
1434 1136 1630 1179 ordinem

177 1197 347 1253 judicia
369 1197 634 1240 referantur?
668 1196 837 1244 Quodsi
869 1196 938 1237 ille
972 1196 1054 1237 1100
1078 1194 1210 1236 unum
1243 1195 1408 1251 agitare
1428 1195 1721 1252 coeperit,224

182 1270 275 1296 esse
297 1255 470 1310 aliquod
495 1270 630 1311 genus
653 1255 862 1310 cogendae
886 1254 1098 1309 pecuniae,
1121 1262 1367 1294 senatorum
1386 1267 1633 1304 commune,

184 1313 338 1369 etjam
362 1327 496 1370 prope
517 1327 769 1354 concessum
793 1312 949 1363 ordini,
980 1326 1066 1366 quo
1090 1325 1246 1366 genere
1267 1311 1321 1352 ab
1345 1311 1473 1352 sociis
1494 1312 1637 1352 maxi·-

184 1385 256 1412 ma
279 1371 462 1427 pecunia
491 1384 566 1427 per
600 1384 812 1411 summam
837 1369 1038 1424 injuriam
1065 1367 1356 1421 lssauferatur3
1387 1383 1526 1424 neque
1550 1369 1636 1410 ullo

185 1430 316 1470 modo
339 1429 564 1470 senatoriis
580 1428 759 1484 judiciis
785 1426 1038 1483 reprehendi
1060 1440 1199 1482 posse,
1219 1427 1362 1482 idque,
1384 1427 1488 1468 dum
1506 1441 1637 1482 eque-

187 1496 273 1528 ster
295 1486 401 1527 ordo
416 1486 650 1541 judicaret,
674 1500 910 1540 numquam
933 1499 1024 1525 esse
1045 1484 1350 1537 commissum3
1388 1488 1422 1518 ¹7
1436 1484 1532 1540 quis
1556 1485 1635 1525 ob-

188 1544 335 1588 sistet?
366 1544 463 1600 quis
485 1545 566 1584 erit
601 1553 688 1584 tam
711 1543 895 1599 cupidus
923 1541 1131 1593 vestrum,
1165 1553 1250 1582 tam
1282 1541 1426 1583 fautor
1455 1542 1632 1594 ordinis,
1646 1559 1678 1590 b,

187 1602 260 1658 qui
286 1603 339 1643 de
361 1601 665 1643 transferendis
683 1601 864 1658 judiciis
888 1601 1024 1656 possit
1045 1603 1267 1643 recusare?
1297 1599 1444 1655 Atque
1466 1600 1632 1641 utinam
1646 1610 1716 1665 97

189 1668 335 1717 posset
357 1660 502 1715 aliqua
522 1660 690 1701 ratione
713 1659 795 1700 hoc
818 1658 996 1710 crimen,
1030 1658 1228 1713 quamvis
1250 1658 1370 1710 falsa,
1401 1658 1532 1699 modo
1555 1654 1635 1699 hu-

187 1732 317 1760 mana
337 1727 468 1773 atque
486 1718 647 1758 usitata
666 1717 919 1758 defendere!
953 1716 1119 1757 minore
1150 1716 1341 1772 periculo
1366 1725 1522 1767 vestro,
1556 1717 1639 1757 mi-

186 1790 293 1817 nore
315 1775 507 1832 periculo
530 1775 852 1832 provinciarum
874 1775 1084 1824 omnium,
1111 1773 1384 1829 judicaretis.
1446 1774 1488 1816 N
1493 1783 1640 1831 egaret

189 1833 262 1875 hic
282 1832 571 1875 aestimatione
593 1848 637 1873 se
658 1836 808 1876 usum?
841 1847 916 1873 vos
939 1833 981 1874 id
1006 1831 1238 1873 credidisse
1260 1832 1442 1883 homini,
1465 1847 1552 1873 non
1576 1832 1640 1873 fa-

189 1901 310 1933 ctum
343 1892 649 1948 comprobasse
671 1891 941 1933 videremini.
972 1889 1088 1931 nullo
1117 1890 1247 1931 modo
1280 1905 1439 1947 negare
1467 1899 1637 1947 potest:

189 1958 369 2005 urgetur
387 1964 412 1989 a
431 1959 523 1990 tota
546 1948 717 1991 Sicilia:
750 1963 878 1990 nemo
897 1959 962 1988 est
983 1963 1037 1989 ex
1061 1958 1182 1989 tanto
1202 1963 1381 1989 numero
1404 1959 1638 2000 aratorum,

190 2021 216 2048 a
237 2022 323 2063 quo
346 2007 532 2063 pecunia
553 2007 670 2048 cellae
693 2007 871 2048 nomine
893 2021 979 2047 non
1004 2006 1058 2046 sit
1080 2016 1250 2047 exacta.
1310 2006 1476 2048 Vellem
1506 2007 1636 2048 etiam
1649 2013 1725 2049 225

188 2064 275 2107 hoc
298 2074 444 2122 posset
465 2065 621 2116 dicere,
644 2063 754 2106 nibil
776 2064 828 2106 ad
851 2078 894 2105 se
916 2065 1043 2105 istam
1065 2064 1277 2105 rationem
1295 2065 1530 2122 pertinere:
1564 2078 1640 2122 per

238 2209 275 2238 14
296 2210 380 2247 ipsos
393 2216 531 2247 peccare
548 2205 658 2245 liceat]
676 2204 792 2237 Malim
806 2206 894 2246 ipsis,

185 2250 252 2280 etsi
267 2251 350 2291 ipsos
364 2259 518 2280 excusare
530 2248 617 2279 licet.
635 2258 664 2280 v.
680 2248 770 2279 Clav.
786 2250 820 2279 in
837 2249 896 2279 Li-

191 2297 251 2323 eet.

238 2338 274 2365 15
297 2335 352 2374 qui
379 2344 483 2375 remp.
519 2336 631 2365 sistere
660 2338 762 2373 ‘negat
784 2334 889 2374 posse]

193 2378 317 2409 sistere
332 2376 404 2407 edd.
420 2388 468 2418 pr.
483 2383 517 2407 et
533 2377 606 2408 aliae
622 2382 702 2408 vett.
723 2376 786 2407 Ms.
802 2376 895 2407 Nan-

194 2421 240 2451 nii
256 2420 438 2457 subsistere,
456 2425 494 2450 ut
509 2421 581 2452 aliis
599 2420 679 2450 locis
694 2430 731 2450 ae
748 2420 839 2450 libris
859 2420 894 2449 in

195 2463 258 2494 hoc
272 2463 370 2493 verbo
385 2463 529 2501 faetum3
553 2462 640 2503 quod
655 2462 754 2498 male,
772 2468 811 2493 ut
826 2473 897 2493 0111-

195 2507 251 2537 nia
265 2507 359 2536 istius
383 2505 472 2543 libri,
490 2507 613 2546 recepit
633 2506 669 2536 C.
686 2504 800 2546 steph.
817 2505 898 2535 item

195 2547 312 2580 Lamb.
325 2553 360 2578 et
372 2548 545 2579 Gruterus.
572 2548 673 2579 Recte
684 2549 797 2578 sistere
810 2558 899 2578 revo-

195 2591 281 2622 cavit
303 2591 335 2622 ὖ.
351 2590 546 2621 Gronovius.
592 2592 680 2631 Ergo
707 2591 762 2621 ille
790 2590 900 2621 Codex

196 2641 266 2665 non
290 2640 340 2666 est
366 2633 584 2677 ἀναμάρτητος.
629 2634 692 2665 Sed
718 2633 899 2664 secundum

196 2675 381 2716 legitimam
396 2677 538 2708 formam
558 2676 653 2707 istius
667 2676 834 2717 phraseos,
851 2682 900 2707 et·

196 2720 262 2749 iam
285 2721 522 2759 rempublicam
545 2724 733 2760 suspectum
757 2720 806 2749 fit.
822 2728 899 2749 nam

197 2761 234 2792 in
253 2762 410 2802 exemplis
434 2762 507 2793 aliis
529 2763 682 2793 omnibus
706 2761 902 2802 simpliciter

197 2802 320 2834 dicitur
331 2804 454 2843 sistere,
470 2805 520 2836 vel
534 2805 605 2836 sisti
613 2815 718 2845 pom-e,
744 2805 814 2835 sine
839 2804 900 2834 tali

199 2847 423 2877 substantivo:
447 2848 481 2878 in
493 2858 559 2887 quo
574 2848 678 2878 miror
693 2857 760 2878 non
772 2848 904 2878 haesisse

199 2888 403 2921 Gronovium
418 2889 458 2921 ad
470 2889 540 2921 Liv.
556 2890 614 2929 lv,
636 2892 682 2922 12.
698 2889 753 2922 ubi
767 2894 801 2921 et
815 2889 905 2920 hunc

939 2205 1050 2236 locum
1067 2205 1195 2237 attulit.
1232 2207 1384 2238 Arbitror
1398 2207 1533 2238 verbum
1547 2205 1612 2236 hoc
1624 2217 1644 2238 a

939 2249 1120 2288 glossatore
1136 2249 1185 2279 vel
1209 2256 1394 2281 correctore
1407 2259 1476 2281 esse
1498 2247 1644 2280 inculca-

937 2296 1027 2365 ὶυω,
1042 2297 1080 2323 ut
1094 2293 1226 2332 quidam
1239 2293 1404 2324 inseruere
1417 2293 1477 2323 viri
1486 2292 1575 2323 docti
1590 2302 1643 2332 ap.

968 2334 1009 2363 iv.
1026 2335 1046 2365 1.
1064 2346 1092 2365 c.

984 2377 1022 2407 16
1043 2376 1237 2418 auferatur]
1268 2377 1333 2408 Hic
1358 2388 1486 2418 quoque
1512 2377 1644 2408 restitui

937 2423 1083 2450 veterem
1113 2421 1290 2451 lectionem
1329 2431 1387 2461 pro
1417 2425 1598 2452 aveo-ratur
1625 2430 1644 2451 e

941 2461 1004 2492 ΜΞ.
1022 2463 1161 2500 Nannii,
1178 2464 1266 2502 quod
1287 2473 1307 2493 a
1328 2464 1366 2494 (¹.
1381 2464 1494 2504 Steph.
1510 2466 1545 2494 et
1559 2463 1646 2493 Gm-

942 2509 1014 2535 tero
1029 2512 1198 2546 receptum
1214 2511 1276 2543 est,
1291 2512 1456 2537 servatum
1472 2511 1506 2537 et
1521 2517 1540 2536 a
1554 2505 1646 2536 Grae-

942 2548 1016 2585 vio3
1040 2549 1095 2587 qui
1115 2555 1229 2579 tamen
1255 2548 1350 2579 malit
1364 2554 1552 2587 avertatur,
1569 2558 1648 2580 cum

943 2591 1041 2631 supra
1055 2592 1202 2632 probarit
1217 2596 1251 2621 et
1265 2593 1412 2623 servarit.

990 2636 1025 2668 17
1049 2635 1122 2673 qais
1143 2633 1284 2673 obsistet]
1319 2634 1393 2665 Hoc
1421 2638 1510 2665 recte
1536 2644 1554 2665 e
1580 2634 1646 2668 MS.

943 2675 1069 2706 Nannii
1086 2686 1145 2716 pro
1166 2678 1263 2707 obstet
1278 2678 1395 2718 recipit
1409 2677 1557 2708 Graevius
1572 2682 1649 2717 post

945 2718 983 2749 C.
1001 2718 1115 2760 Steph.
1129 2729 1206 2750 nam
1221 2720 1373 2750 futurum
1389 2719 1520 2760 quidem
1537 2728 1648 2750 neces—

943 2761 1068 2792 sarium
1095 2767 1158 2799 est,
1185 2772 1261 2793 cum
1286 2767 1456 2802 sequatur,
1480 2762 1552 2803 quis
1575 2763 1649 2793 erit.

944 2803 1061 2835 Paullo
1071 2810 1146 2846 post
1159 2809 1298 2844 negaret
1310 2807 1374 2843 hic,
1384 2805 1456 2838 edd.
1473 2808 1556 2836 vett.
1571 2814 1650 2836 con-

947 2857 1057 2884 sensu,
1074 2857 1142 2878 non
1158 2850 1231 2878 kae.
