1907 3231
385 106 462 145 DE
489 107 635 145 LEGE
662 107 784 146 AGR.
816 105 1036 147 CONTRA
1063 105 1309 144 RULLUM.
1495 111 1569 147 631

122 226 342 265 ῡοΝΑΤΑ,
360 226 633 263 οοΝοΕεεΑ,
650 224 893 259 VENDrrA.
926 210 1090 255 Patior.
1109 210 1253 253 audio.
1269 210 1372 267 quid
1385 211 1571 256 deinde?

122 284 380 313 POSSESSA.
443 270 555 312 Haec
575 270 774 312 tribunus
794 269 930 326 plebis
953 266 1229 326 promulgare
1251 283 1380 310 ausus
1402 279 1481 321 est,
1506 279 1567 322 ut,

117 330 137 362 ⁸
160 329 274 383 quod
298 329 479 384 quisque
502 340 601 384 post
625 327 817 370 Marium
845 337 890 369 et
924 325 1171 368 Carbonem
1206 326 1402 370 consules
1426 328 1566 382 possi·

117 384 207 436 det,
228 386 271 428 id
294 400 346 428 eo
370 386 471 441 jure
502 395 681 436 teneret,
703 401 790 441 quo
812 386 885 441 qui
909 384 1077 440 optimo
1099 382 1344 439 privatum?
1376 385 1564 427 etiamne

116 443 151 484 si
176 443 215 484 vi
237 443 394 498 ejecit?
425 443 615 484 etiamne
645 443 679 483 si
702 443 828 493 clam,
852 442 884 483 si
915 441 1108 501 precario
1131 440 1251 483 venit
1283 441 1327 481 in
1358 444 1563 496 possessi-

116 504 269 543 onem?
301 499 418 556 Ergo
440 500 522 542 hae
544 500 640 556 lege
654 501 728 556 jus
751 500 893 552 civile,
914 515 1056 545 causae
1087 499 1423 554 possessionum,
1452 514 1562 554 prae-

116 567 257 599 torum
280 557 512 601 interdicta
533 560 752 600 tollentur.
814 558 917 600 Non
940 557 1168 598 mediocris
1191 570 1272 608 res,
1303 569 1383 611 neq
1393 571 1442 597 ue
1466 572 1559 612 par·
1576 557 1622 591 12

117 629 218 655 vum
256 616 337 657 sub
372 615 456 658 hoc
496 617 628 658 verbo
666 616 845 666 furtum,
880 615 1089 666 Quirites,
1121 613 1240 656 latet.
1303 614 1413 655 Sunt
1444 615 1556 656 enim

114 672 241 714 multi
271 673 363 730 agri
384 673 479 730 lege
510 673 713 716 Cornelia
734 672 960 730 publicati,
983 686 1063 714 nee
1097 672 1300 726 cuiquam
1331 672 1558 728 assignati,

110 744 251 785 neque
272 732 451 783 venditi,
472 732 546 787 qui
569 747 595 773 a
617 732 763 788 paucis
787 730 1038 772 hominibus
1059 729 1434 785 impudentissime
1456 745 1557 786 pos-

110 787 317 830 sidentur.
350 789 416 830 his
451 799 590 840 cavet,
621 790 700 830 hos
733 787 942 838 defendit,
974 787 1053 829 hos
1082 788 1272 842 privatos
1297 787 1427 829 facit:
1463 788 1556 839 hos,

109 844 301 901 inquam,
324 862 466 903 agros,
488 861 596 902 quos
627 845 939 887 Sullanemini
970 844 1104 894 dedit,
1129 844 1282 885 Rullus
1313 859 1401 886 non
1435 846 1557 887 vobis

107 904 328 960 assignare
348 904 453 956 vult,
485 904 557 946 sed
586 904 647 945 eis
670 903 933 954 condonare,
966 902 1039 957 qui
1068 902 1305 957 possident.
1368 902 1554 945 Causam
1567 909 1598 940 b.

107 975 272 1015 quaero,
291 977 368 1005 cur
388 976 452 1013 ea,
483 976 581 1016 quae
611 960 796 1016 majores
817 960 940 1003 vobis
967 960 1010 1001 in
1041 959 1181 1010 Italia,
1205 959 1368 1010 Sicilia,
1387 960 1555 1002 duabus

108 1017 351 1075 Hispaniis,
375 1018 653 1070 Macedonia,
684 1018 790 1061 Asia
811 1016 1121 1074 quaesiverunt,
1144 1018 1290 1058 venire
1312 1018 1555 1073 patiamini,

105 1091 206 1118 cum
233 1091 298 1127 ea,
331 1092 428 1132 quae
465 1087 604 1119 vestra
637 1086 751 1128 sunt,
782 1076 1018 1119 condonari
1056 1075 1373 1131 possessoribus
1403 1076 1550 1121 eadem

104 1132 200 1190 lege
221 1134 418 1176 videatis.
477 1134 594 1186 Jam,
618 1145 755 1176 totam
786 1134 941 1190 legem,
964 1133 1229 1189 intelligetis,
1252 1148 1351 1174 eum
1375 1133 1426 1175 ad
1448 1148 1551 1190 pau·
1564 1137 1610 1170 13

104 1205 255 1233 corum
287 1192 631 1235 dominationem
659 1192 820 1249 scripta
843 1192 912 1243 sit,
941 1201 1031 1233 tum
1061 1192 1112 1233 ad
1138 1190 1325 1232 Sullanae
1359 1191 1551 1248 assigna-

104 1249 235 1290 tionis
265 1250 453 1291 rationes
484 1265 577 1291 esse
599 1250 1112 1293 accommodatissimum.
1138 1264 1236 1291 nam
1263 1263 1384 1290 socer
1405 1249 1550 1305 hujus,

103 1306 169 1346 vir
201 1307 386 1348 multum
417 1309 556 1350 bonus
586 1318 674 1350 est:
708 1323 848 1364 neque
881 1322 964 1364 ego
991 1322 1105 1347 nunc
1127 1306 1179 1347 de
1202 1307 1314 1347 illius
1338 1307 1548 1359 bonitate,

103 1364 177 1406 sed
200 1364 253 1406 de
276 1366 422 1421 generi
445 1365 717 1422 impudentia
738 1366 929 1422 disputo.
991 1364 1069 1405 Ille
1091 1364 1221 1415 enim,
1253 1365 1370 1420 quod
1402 1364 1547 1415 habet,

86 1422 287 1463 retinere
326 1423 430 1475 vult,
467 1438 606 1479 neque
639 1437 683 1464 se
716 1423 940 1464 Sullanum
969 1437 1062 1463 esse
1093 1421 1349 1464 dissimulat.
1380 1421 1465 1477 hie,
1500 1413 1596 1463 ut4

100 1476 192 1536 ipse
214 1480 387 1532 habeat,
418 1481 534 1536 quod
556 1496 644 1522 non
664 1481 810 1531 habet,
829 1496 928 1536 quae
955 1481 1088 1522 dubia
1109 1488 1223 1531 sunt,
1257 1495 1330 1535 per
1354 1495 1428 1521 vos
1452 1479 1547 1521 san-

99 1537 187 1580 cire
218 1537 333 1581 vult:
365 1548 424 1590 et,
456 1553 556 1582 cum
588 1539 682 1596 plus
710 1547 902 1594 appetat,
934 1553 1065 1594 quam
1099 1537 1190 1593 ipse
1227 1537 1358 1590 Sulla,
1388 1538 1546 1593 quibus

97 1608 181 1653 ego
204 1596 330 1636 rebus
353 1596 520 1648 resisto,
544 1597 770 1638 9Sullanas
790 1611 855 1637 res
873 1596 1104 1638 defendere
1126 1595 1346 1636 criminor.
1397 1595 1546 1636 Habet
1561 1597 1610 1632 14

97 1666 224 1708 agros
246 1653 491 1709 nonnullos,
515 1655 669 1710 inquit,
697 1668 818 1696 socer
848 1669 967 1695 meus
1001 1654 1192 1695 desertos
1221 1662 1351 1709 atque
1374 1652 1546 1710 longin-

95 1724 230 1765 quos:
263 1712 421 1752 vendet
439 1726 511 1753 eos
535 1727 632 1754 mea
651 1712 760 1768 lege,
783 1712 934 1768 quanti
963 1712 1092 1753 volet.
1118 1710 1249 1752 habet
1268 1711 1472 1762 incertos,
1495 1726 1546 1753 ac

96 1767 214 1809 nullo
245 1768 345 1824 jure
381 1784 623 1825 possessos:
656 1770 1031 1811 confirmabuntur
1069 1768 1237 1825 optimo
1263 1769 1378 1824 jure.
1413 1769 1547 1811 habet

96 1826 316 1881 publicos:
350 1828 526 1870 reddam
566 1828 774 1885 privatos.
810 1829 996 1883 denique
1031 1842 1104 1868 eos
1143 1825 1316 1878 fundos,
1355 1842 1463 1883 quos
1500 1826 1544 1868 in

95 1898 201 1939 agro
226 1883 420 1926 Casinati
443 1885 632 1942 optimos
665 1896 709 1926 et
742 1885 1110 1927 fructuosissimos
1133 1884 1421 1935 continuavit,
1444 1899 1544 1926 cum

95 1955 229 1996 usque
250 1957 303 1982 eo
327 1943 490 1984 vicinos
521 1944 824 2000 proscriberet,
846 1944 990 1999 quoad
1018 1947 1053 1974 10
1067 1942 1202 1984 oculis
1229 1941 1544 1983 conformando

93 2012 148 2039 ex
174 1999 319 2040 multis
343 2001 517 2057 praediis
541 2016 666 2042 unam
692 2001 814 2042 fundi
833 2002 1055 2058 regionem
1073 2000 1343 2056 formamque
1366 1999 1544 2056 perfice-

94 2069 182 2098 ret:
216 2073 324 2113 quos
348 2073 462 2100 nunc
484 2074 582 2100 cum
606 2059 749 2115 aliquo
773 2069 890 2100 metu
911 2069 1044 2111 tenet,
1067 2059 1158 2100 sine
1181 2057 1265 2099 ulla
1287 2073 1389 2100 cura
1406 2059 1543 2115 possi-

89 2113 226 2155 debit.

152 2171 209 2212 Et
250 2173 472 2228 quoniam,
505 2189 590 2229 qua
629 2174 681 2216 de
717 2189 847 2216 causa
879 2183 924 2215 et
961 2189 1146 2230 quorum
1185 2188 1315 2214 causa
1356 2173 1425 2215 ille
1457 2173 1541 2215 hoc
1559 2176 1606 2209 15

130 2331 148 2360 8
171 2329 260 2372 quod*
269 2331 402 2370 quisque
415 2331 572 2371 possidet]
591 2331 642 2362 An
651 2333 794 2372 posside-
838 2332 986 2363 Primum
1001 2332 1083 2362 bene
1107 2331 1269 2361 Gruterus
1290 2330 1426 2361 lectioni
1444 2330 1545 2361 contr>

87 2373 165 2402 ret?
188 2380 276 2403 certe
297 2374 414 2404 melius
437 2380 498 2405 est.
544 2375 588 2405 Et
603 2374 733 2410 videtur
745 2375 793 2405 di·
838 2373 984 2412 nmmEo,
1009 2384 1081 2414 quae
1105 2378 1179 2404 tum
1204 2373 1255 2404 edi
1279 2374 1406 2403 solebat
1427 2373 1503 2404 inde
1525 2384 1545 2403 a

85 2421 175 2444 etum
193 2425 251 2455 pro
274 2426 442 2456 occupare,
458 2416 690 2457 suumjhcere.
735 2420 792 2449 Se·
833 2416 1177 2454 Victorio‚substituit
1190 2421 1334 2447 veterem
1345 2416 1545 2457 confirman—

84 2457 200 2495 quitur
214 2460 316 2494 enim,
343 2461 374 2489 vi
395 2459 522 2500 ejicere,
548 2461 656 2490 venire
676 2461 709 2490 in
720 2470 793 2499 pos·
835 2461 884 2490 do.
915 2461 1093 2491 Enimvero
1116 2464 1203 2489 reete
1219 2459 1300 2489 vidit
1316 2459 1541 2494 Guiliehnius,

84 2501 267 2531 cessionem.
311 2501 427 2542 Itaque
450 2503 537 2533 forte
559 2503 676 2533 melius
685 2513 793 2543 posse-
836 2503 1046 2533 scribendum
1061 2512 1130 2533 esse
1144 2501 1388 2541 conformando.
1429 2502 1542 2532 Oculis

83 2542 180 2573 derit.
833 2547 1033 2587 confirmare
1051 2544 1146 2575 nihili
1168 2550 1231 2580 est,
1253 2554 1312 2574 nec
1336 2543 1442 2574 ullum
1466 2554 1541 2575 sen-

127 2589 147 2618 9
170 2585 331 2617 Sullanas
351 2597 404 2617 res
425 2586 597 2627 defendere
617 2587 788 2628 criminor]
834 2594 908 2619 sum‘
946 2587 1158 2618 commodum
1196 2586 1310 2617 habet:
1346 2586 1403 2617 sed
1436 2587 1540 2617 oculi·

85 2626 139 2656 Sic
163 2628 235 2658 edd.
264 2639 312 2670 pr.
340 2629 436 2660 Rom.
465 2630 519 2661 ΒΓ.
544 2630 679 2661 Mediol.
713 2631 792 2660 Post
834 2641 933 2671 quam
947 2630 1136 2671 longissime
1151 2630 1335 2670 prospicere
1348 2635 1469 2669 posset,
1485 2629 1540 2660 de-

85 2669 235 2708 quaedam
250 2671 462 2703 criminatur.
488 2672 702 2704 Lauredanus
716 2683 790 2713 pro·
834 2674 972 2704 finiebat
995 2672 1131 2703 modum
1151 2681 1306 2711 agrorum
1327 2676 1363 2702 et
1384 2672 1538 2702 formam.

83 2711 141 2741 bat
161 2713 330 2750 criminor,
347 2716 472 2755 passive
487 2721 674 2756 acceptum,
698 2716 786 2755 quod
830 2716 948 2755 Itaque
972 2717 1017 2746 sic
1043 2714 1140 2745 edidi.
1185 2715 1370 2755 Saepissime
1385 2724 1445 2755 pro
1466 2725 1540 2745 con-

82 2753 117 2783 in
133 2754 171 2784 M
174 2764 214 2785 ss.
232 2757 353 2796 reperit
361 2757 438 2788 suis.
453 2758 540 2789 Sane
553 2759 598 2790 sic
612 2759 788 2790 criminata-i
817 2758 977 2799 jbrmare
1001 2758 1126 2789 librarii
1149 2756 1266 2788 dedere
1284 2757 1494 2798 confirmare
1510 2767 1546 2796 v.¹

83 2796 250 2829 interdum
277 2808 297 2829 a
329 2801 493 2831 veteribus
520 2801 661 2838 dictum,
691 2801 788 2832 docet
831 2802 923 2833 clav.
946 2802 980 2831 in
1007 2800 1338 2843 covirmatz'o—Post
1363 2799 1542 2841 legendum

80 2838 277 2870 Priscianus.
824 2845 1012 2886 peuficeret.

125 2885 163 2913 10
186 2883 287 2914 oculis
312 2885 538 2926 cmgfirmando
547 2904 589 2910 —-
592 2885 786 2928 perfecerit]

765 2945 785 2971 s
811 2944 828 2969 s
850 2935 877 2972 4
