1907 3231
398 366 472 428 M
479 409 490 420 .
517 365 800 420 TULLII
836 362 1263 420 CICERONIS

787 503 880 532 PRO

324 605 403 675 P.
526 606 592 683 Q
654 604 719 671 U
787 604 820 670 I
887 603 954 670 N
1021 602 1081 668 T
1146 601 1178 667 I
1247 602 1339 686 Ο,

555 755 830 800 ORATIO
863 753 1115 810 PRIMA.

700 906 977 928 ——-—-··-—--·

629 1022 1034 1062 ARGUINOENTUM.

120 1111 211 1148 Cum
227 1111 314 1146 olim
331 1122 443 1147 annos
461 1110 602 1159 aliquot
622 1111 715 1146 inter
733 1109 815 1145 Sex.
844 1108 1008 1144 Naevium
1023 1119 1223 1156 praeconem
1248 1113 1283 1145 et
1302 1109 1340 1147 Ο.
1366 1109 1553 1152 Quintium

170 1164 214 1199 de
232 1163 333 1211 plebe
350 1162 518 1198 Romana
537 1163 715 1198 hominem
733 1163 885 1198 societas
908 1172 1040 1203 rerum,
1060 1173 1137 1208 quae
1154 1162 1193 1196 in
1216 1161 1342 1198 Gallia
1365 1175 1554 1212 compara-

169 1216 313 1258 bantur,
323 1215 473 1264 suisset‚
488 1217 642 1251 moritur
661 1214 699 1250 C.
717 1215 898 1256 Quintius,
903 1212 1137 1261 fratremque
1155 1214 1325 1250 Publium
1341 1219 1554 1253 testamento

170 1268 333 1304 heredem
349 1267 464 1316 facit.
517 1267 713 1303 Dissoluta
740 1266 806 1302 hoc
832 1267 938 1301 modo
962 1267 1146 1309 societate,
1161 1263 1309 1312 judicio
1332 1269 1492 1315 primum
1511 1272 1555 1306 de

171 1321 348 1356 commum·
367 1320 574 1361 dividundo,
596 1319 629 1355 h.
658 1331 686 1354 e.
704 1319 736 1354 si
754 1330 832 1366 quae
847 1318 890 1353 de
911 1319 1106 1353 communis
1126 1319 1258 1366 praedii
1281 1320 1456 1356 divisione
1474 1322 1557 1358 lites

167 1373 264 1408 inter
276 1373 388 1408 socios
407 1376 495 1407 ortae
512 1375 626 1407 essent
632 1384 646 1411 ‚·
676 1371 771 1413 dein,
786 1371 818 1406 si
836 1371 925 1417 quid
938 1369 982 1406 ab
998 1370 1175 1406 alterutro
1192 1370 1389 1415 deberetur,
1405 1385 1476 1420 pro
1493 1386 1553 1410 so-

169 1425 229 1459 cio
245 1421 393 1470 judicio
410 1424 466 1459 vel
485 1423 656 1466 arbitrio,
678 1423 711 1459 h.
731 1435 760 1459 e.
776 1421 919 1469 judicio
941 1424 1139 1466 societatis,
1165 1424 1197 1458 si
1215 1424 1294 1470 quis
1315 1425 1393 1461 scil.
1418 1428 1554 1462 socium

158 1475 388 1525 fraudasset,
409 1477 682 1524 disceptandum
707 1479 796 1511 erat.
850 1475 932 1510 Hoc
951 1487 1030 1510 cum
1047 1476 1173 1511 sumtis
1191 1477 1291 1512 intra
1312 1479 1471 1524 parietes
1489 1480 1554 1514 do-

169 1531 334 1564 mesticos
356 1529 503 1565 arbitris
527 1529 682 1575 transigi
703 1539 776 1563 non
794 1529 984 1576 potuisset,
1007 1539 1133 1575 resque
1155 1528 1371 1576 aliquandiu
1390 1531 1427 1566 in
1450 1532 1554 1567 vadi-

169 1582 329 1617 monium
349 1581 499 1630 suisset,
527 1582 623 1629 quod
648 1581 881 1629 permittente
907 1585 1064 1628 praetore
1091 1580 1186 1616 alter
1215 1581 1370 1617 alterum
1398 1584 1554 1619 vadatus

169 1638 261 1676 erat,
283 1634 317 1670 h.
343 1645 372 1669 e.
385 1632 618 1683 fidejussores
636 1645 665 1670 s.
691 1634 799 1668 vades
816 1633 1035 1680 postularat,
1055 1634 1119 1681 qui
1135 1633 1291 1669 alterum
1308 1635 1554 1672 vadimonium

169 1686 350 1722 obiturum
366 1698 430 1722 suo
438 1686 602 1734 periculo
614 1689 844 1734 praestarent,
860 1686 969 1733 idque
982 1686 1227 1721 vadimonium
1240 1698 1480 1734 saepenumero
1499 1690 1554 1724 di-

170 1738 286 1775 latum
312 1743 401 1774 esset
413 1752 440 1779 ,·.
466 1740 610 1775 tandem
638 1738 718 1775 Sex.
745 1737 902 1781 Noevius,
927 1737 971 1773 L.
1000 1737 1169 1786 Scipione
1195 1738 1233 1775 C.
1257 1739 1431 1775 Norbano
1457 1741 1552 1780 Coss.

170 1802 251 1826 cum
267 1791 313 1828 P.
334 1791 502 1832 Quintius
518 1792 558 1826 in
580 1791 742 1827 Galliam
754 1788 940 1839 profectus
957 1794 1058 1833 esset,
1074 1794 1180 1826 testes
1198 1792 1396 1840 complures
1411 1795 1552 1837 sumsit,

168 1855 206 1879 se
221 1844 467 1879 vadimonium
492 1845 638 1886 stitisse,
668 1843 714 1879 P.
735 1843 924 1884 Quintium
947 1844 1150 1880 deseruisse.
1203 1843 1300 1880 Eam
1326 1847 1553 1883 testationem.

171 1907 251 1931 cum
268 1897 317 1932 ad
331 1896 375 1932 P.
396 1896 613 1932 Burrienum
629 1896 829 1931 Praetorem
841 1896 1023 1938 edidisset,
1035 1896 1238 1944 postulavit
1252 1909 1300 1933 ex
1314 1896 1438 1933 edicto
1453 1898 1553 1935 Proe-

172 1949 274 1991 toris,
293 1952 334 1983 ut
351 1949 419 1984 sibi
439 1948 580 1990 Quintii
598 1948 701 1990 bona,
721 1949 825 1996 quasi
853 1948 1036 1984 latitantis
1063 1948 1246 1991 debitoris,
1262 1951 1445 1997 poss-idere
1471 1951 1555 1987 lice-

169 2004 237 2037 ret.
292 2000 448 2044 Praetor,
469 2002 530 2048 qui
547 2001 676 2036 deserti
693 2001 892 2036 vadimonii
911 2000 1052 2036 tabulas
1071 2002 1383 2050 testimoniumque
1399 2005 1555 2046 audiret,

169 2055 346 2089 neminem
360 2065 485 2101 porro,
501 2055 564 2101 qui
581 2053 760 2089 absentem
780 2052 968 2094 Quintium
983 2051 1203 2102 defenderet,
1223 2055 1344 2089 adesse
1355 2055 1503 2098 videret,
1523 2059 1557 2092 ei

167 2107 424 2154 possessionem
451 2107 619 2142 decernit.
675 2105 738 2141 Ita
764 2105 909 2141 Naevius
936 2106 1010 2141 dies
1038 2107 1193 2153 triginta
1208 2108 1395 2155 possedit:
1430 2109 1555 2156 quibus

172 2160 320 2201 exactis,
340 2159 464 2194 eadem
481 2159 573 2194 bona
587 2157 793 2206 proscribit,
812 2158 1083 2205 auctionemque
1099 2159 1137 2194 in
1158 2159 1252 2194 diem
1270 2163 1406 2195 certam
1425 2162 1557 2197 consti-

173 2212 256 2247 tuit.
313 2210 401 2246 Cum
424 2222 502 2247 ecce
525 2210 591 2247 tibi
614 2209 712 2246 Sext.
739 2210 926 2258 Alphenus
954 2210 1097 2252 Quintii
1122 2222 1160 2246 se
1187 2216 1461 2259 procuratorem
1485 2225 1557 2250 esse

173 2263 376 2305 denuntiat,
393 2264 590 2311 statimque
605 2267 641 2299 et
668 2263 804 2298 libellos
819 2260 954 2309 dejicit,
970 2267 1006 2298 et
1018 2274 1182 2311 puerum,
1201 2275 1305 2311 quem
1332 2264 1476 2300 Noevius
1494 2266 1557 2301 ab·

172 2316 336 2358 ducebat,
351 2317 461 2363 eripit
472 2330 488 2355 ,·
518 2327 624 2364 seque
630 2319 803 2364 paratum
817 2326 889 2350 esse
895 2312 1037 2360 judicio
1053 2314 1242 2355 Quintium
1256 2314 1457 2365 defendere,
1469 2330 1556 2366 pro-

161 2368 306 2417 fitetur.
363 2368 472 2404 Hunc
494 2369 639 2404 Naevius
662 2369 700 2404 in
711 2366 775 2414 jus
793 2368 841 2403 ad
865 2367 909 2402 Ρ.
935 2367 1153 2403 Burrienum
1173 2372 1306 2404 vocat:
1330 2371 1439 2416 petit,
1457 2374 1499 2405 ut
1524 2372 1556 2406 si

172 2420 260 2456 velit
276 2421 354 2456 Pro
370 2421 474 2457 socio
487 2418 635 2468 judicio
654 2420 698 2456 P.
726 2419 914 2460 Quintium
932 2418 1133 2469 defendere,
1145 2417 1362 2466 judicatum
1386 2421 1479 2458 solvi
1496 2434 1554 2458 sa—

172 2471 300 2515 tisdet,
319 2472 354 2509 h.
372 2485 402 2510 e.
419 2473 605 2522 sponsores
622 2474 683 2509 det
699 2472 903 2520 locuplete&
923 2473 986 2520 qui
997 2476 1227 2521 pra’starent,
1243 2475 1385 2508 tantum
1398 2474 1557 2511 solutum

173 2525 222 2562 iri
238 2537 302 2560 suo
324 2526 501 2574 periculo,
521 2530 695 2573 qua-ntum
713 2522 856 2570 judicio
872 2522 983 2573 facto
1003 2525 1094 2560 solvi
1117 2527 1309 2573 oporteret,
1327 2526 1360 2561 si
1388 2526 1557 2567 Quintius

174 2578 420 2614 damnaretur.
473 2578 660 2626 Alphenus
684 2577 864 2612 satisdare
889 2588 961 2612 non
987 2580 1142 2619 recusat,
1169 2577 1254 2612 dum
1282 2578 1376 2613 idem
1400 2580 1557 2615 vicissim

174 2629 320 2670 Naevius
336 2628 474 2679 faciat.
528 2630 633 2666 Solos
655 2630 749 2665 enim
769 2640 826 2664 eos
849 2633 992 2665 tantum
1016 2629 1207 2671 satisdare,
1227 2641 1380 2676 quorum
1405 2631 1497 2667 bona
1514 2643 1557 2667 ex

175 2682 292 2718 edicto
305 2694 469 2730 possessa
486 2686 600 2719 essent
614 2699 626 2719 .·
656 2682 729 2717 haec
745 2685 867 2717 autem
883 2692 955 2717 non
965 2680 1087 2730 fuisse
1103 2692 1145 2717 ex
1163 2682 1280 2717 edicto
1294 2693 1469 2730 possessa,
1484 2694 1554 2731 pa—

174 2738 298 2769 ratum
312 2745 349 2769 se
367 2734 565 2784 defendere.
609 2734 752 2770 Praetor
770 2734 832 2781 qui
843 2735 1097 2781 possessionem
1112 2734 1327 2776 decreverat,
1347 2739 1382 2769 et
1394 2747 1556 2782 possessa

165 2786 287 2837 fuisse
313 2786 406 2822 bona
431 2787 670 2834 intelligebat,
692 2786 862 2828 decernit,
887 2790 929 2821 ut
953 2786 1050 2821 solus
1076 2785 1262 2834 Alphenus
1287 2787 1463 2824 satisdet:
1495 2790 1559 2835 qui

176 2843 266 2880 tum,
287 2840 391 2886 quasi
407 2838 580 2886 injustum
598 2838 772 2875 Prcetoris
788 2839 967 2874 decretum
981 2841 1083 2880 esset,
1100 2838 1259 2874 tribunos
1269 2838 1363 2886 pleb.
1381 2839 1556 2888 appellat.

175 2890 219 2928 L.
242 2890 380 2926 Brutus
400 2903 419 2927 e
437 2892 554 2928 decem
571 2903 663 2927 unus
675 2891 831 2928 ostendit
847 2902 884 2930 se
900 2892 1185 2934 intercessurum,
1204 2891 1275 2927 nisi
1290 2892 1379 2939 quid
1391 2893 1486 2927 inter
1500 2903 1557 2927 eos

200 2954 308 2983 VOL.
333 2955 388 2983 11.
850 2955 875 2983 B
