1907 3231
237 146 316 180 316
771 139 843 177 IN
878 137 1156 178 VERREM

236 246 394 297 dicere,
417 258 471 286 an
492 242 559 285 his
589 243 851 294 existimare,
874 243 935 284 ita
967 257 1011 283 se
1042 242 1086 282 in
1108 241 1180 282 illo
1211 239 1383 281 infinito
1405 238 1587 295 imperio
1610 237 1678 281 M.

237 303 480 345 Antonium
504 302 700 359 gessisse,
722 311 769 341 ut
800 300 936 341 multo
960 299 1030 340 isti
1065 298 1346 355 perniciosius
1369 297 1424 338 sit
1456 297 1613 348 dicere,
1635 311 1680 338 se

236 361 280 402 in
305 375 350 402 re
381 359 702 417 improbissima
724 358 907 398 voluisse
938 355 1176 397 Antonium
1202 355 1376 405 imitari,
1402 369 1531 410 quam
1550 355 1584 395 si
1607 354 1679 395 de-

237 418 411 459 fendere
449 417 599 474 possit,
638 415 746 455 nihil
780 415 823 455 in
856 414 947 454 vita
980 427 1024 454 se
1056 412 1122 453 M.
1146 412 1328 453 Antonii
1351 411 1490 452 simile
1513 411 1678 453 fecisse.

239 476 452 517 Homines
486 475 528 515 in
544 472 723 528 judiciis
746 471 797 512 ad
830 471 992 512 crimen
1016 469 1346 520 defendendum,
1369 484 1470 520 non,
1493 469 1597 524 quid
1618 467 1680 509 fe-

236 534 345 574 cerit
375 532 604 589 quispiam,
636 528 827 585 proferre
859 528 1010 578 solent,
1042 527 1115 567 sed
1146 527 1250 583 quid
1272 527 1480 583 probarit.
1540 525 1680 567 Anto-

237 592 374 642 nium,
405 604 504 631 cum
536 586 670 628 multa
705 595 857 627 contra
883 584 1100 626 sociorum
1135 584 1330 635 salutem,
1364 584 1499 625 multa
1529 593 1681 624 contra

237 649 470 690 utilitatem
501 643 823 701 provinciarum
853 652 897 683 et
926 642 1088 682 faceret
1120 651 1164 682 et
1195 641 1422 697 cogitaret,
1452 642 1496 682 in
1526 641 1678 682 mediis
1721 685 1726 689 ,

238 707 331 762 ejus
365 703 533 759 injuriis
576 710 620 742 et
659 700 973 757 cupiditatibus
1007 713 1122 740 mors
1161 698 1390 755 oppressit.
1450 697 1517 740 Tu
1554 697 1678 750 mihi,

238 763 359 819 quasi
382 762 474 817 ejus
501 759 647 801 omnia
677 757 793 799 facta
821 770 951 812 atque
982 756 1162 798 consilia
1183 761 1200 791 7
1216 764 1387 797 senatus
1408 754 1680 812 populusque

242 821 463 861 Romanus
493 816 702 873 [judices]
735 815 1074 871 comprobarint,
1097 814 1158 854 ita
1189 813 1255 854 M.
1276 813 1456 853 Antonii
1478 813 1679 869 exemplo

195 860 222 907 2
239 878 362 919 istius
382 876 607 917 audaciam
629 873 838 914 defendis.
898 872 958 912 At
978 871 1093 912 idem
1112 871 1216 912 fecit
1239 870 1460 912 Sacerdos,
1521 869 1680 911 Homi-

97 934 101 938 ’
146 933 335 977 914nem
366 934 639 975 innocentem
671 940 714 971 et
735 944 902 970 summa
931 929 1159 985 prudentia
1193 928 1425 984 praeditum
1457 927 1676 970 nominas:

236 993 308 1034 sed
333 1003 424 1033 tum
459 990 572 1031 idern
604 988 757 1029 fecisse
787 988 869 1027 erit
901 986 1228 1037 existimandus,
1253 986 1285 1026 si
1315 985 1466 1026 eodem
1498 985 1679 1026 consilio

235 1050 400 1092 fecerit.
463 1048 577 1089 Nam
609 1060 743 1101 genus
776 1044 1075 1085 aestimationis
1110 1044 1264 1099 ipsum,
1287 1058 1313 1083 a
1340 1057 1409 1083 me
1442 1056 1680 1097 numquam

233 1117 298 1149 est
330 1105 658 1163 reprehensum:
692 1102 764 1143 sed
795 1102 888 1157 ejus
919 1101 1100 1156 aequitas
1130 1111 1346 1141 aratorum
1374 1100 1605 1141 commodo
1635 1108 1680 1141 et

188 1170 218 1200 b·
234 1165 454 1206 voluntate
487 1160 779 1218 perpenditur.
853 1159 952 1200 Non
994 1167 1136 1214 potest
1168 1157 1420 1214 reprehendi
1443 1156 1529 1198 ulla
1563 1157 1679 1200 aestiae-

231 1223 380 1273 matio,
404 1235 500 1277 quae
524 1219 681 1259 aratori
703 1232 791 1258 non
810 1216 940 1257 modo
963 1216 1241 1257 incommoda
1261 1230 1347 1255 non
1364 1224 1442 1266 est,
1457 1215 1530 1256 sed
1545 1215 1678 1257 etiam

231 1288 356 1336 grata
376 1288 469 1323 est..
516 1276 739 1324 Sacerdos,
764 1287 811 1315 ut
830 1275 873 1315 in
898 1274 1170 1330 provinciam
1195 1273 1325 1323 venit,
1346 1271 1609 1313 frumentum
1631 1271 1678 1312 in

229 1337 380 1378 cellam
402 1334 645 1392 imperavit.
707 1332 820 1374 Cum
842 1339 968 1382 esset,
992 1334 1010 1362 8
1027 1340 1126 1372 ante
1150 1345 1326 1381 novum,
1350 1329 1482 1370 tritici
1506 1329 1677 1370 modius

229 1394 415 1437 denariis
437 1393 650 1449 quinque3
683 1390 929 1447 petiverunt
951 1388 1005 1429 ab
1028 1403 1078 1429 eo
1111 1388 1324 1438 civitates,
1347 1396 1395 1428 ut
1426 1387 1676 1428 aestimaret.

233 1452 451 1494 remissior
473 1450 693 1505 aliquanto
716 1448 809 1503 ejus
833 1446 917 1487 fuit
939 1445 1186 1496 aestimatio,
1209 1459 1339 1500 quam
1358 1459 1557 1486 annonae.
1576 1458 1678 1486 nam

232 1509 465 1551 aestimavit
485 1507 670 1549 denariis
695 1520 773 1547 111.
832 1504 979 1554 Vides,
1001 1504 1181 1544 eandem
1205 1503 1552 1552 aestimationem,
1577 1516 1676 1557 pro-

231 1578 327 1624 pter
356 1565 561 1622 temporis
595 1562 1003 1611 dissimilitudinem,
1036 1562 1079 1601 in
1114 1560 1185 1601 illo
1220 1560 1356 1601 laudis
1385 1573 1560 1600 causam
1599 1558 1675 1599 ha·-

232 1627 355 1677 bere3
388 1625 432 1665 in
462 1633 519 1674 te,
555 1621 772 1663 criminis:
822 1620 865 1661 in
898 1618 985 1669 illo,
1019 1618 1243 1670 beneficii3
1288 1618 1332 1657 in
1373 1626 1431 1669 te,
1474 1616 1674 1672 injuriae?

138 1689 215 1724 215
232 1681 394 1724 Eodem
419 1691 612 1736 tempore
633 1677 850 1719 Antonius
871 1690 932 1718 111
957 1675 1141 1717 denariis
1165 1674 1411 1725 aestimavit,
1436 1684 1534 1729 post
1555 1687 1668 1714 mes-

225 1755 331 1792 sem,
345 1754 512 1781 summa
533 1738 577 1778 in
600 1736 779 1786 vilitate,
803 1749 902 1776 cum
918 1742 1105 1774 aratores
1128 1732 1394 1774 frumentum
1415 1731 1516 1772 dare
1538 1731 1672 1787 gratis

225 1798 457 1839 malebant.
518 1794 574 1836 Et
592 1794 752 1849 ajebat,
775 1807 819 1833 se
841 1791 1051 1833 tantidem
1075 1791 1323 1840 aestimasse,
1345 1789 1496 1845 quanti
1520 1788 1672 1830 Sacer·

224 1857 392 1897 dotem:
425 1867 564 1909 neque
585 1851 900 1892 mentiebatur:
933 1848 1006 1890 sed
1024 1848 1174 1889 eadem
1196 1848 1278 1888 ista
1299 1846 1588 1897 astimatione,
1611 1845 1672 1886 al-

226 1924 290 1954 ter
320 1912 564 1955 sublevarat
587 1919 789 1959 aratores,
823 1906 929 1948 alter
967 1914 1193 1947 everterat.
1256 1904 1387 1951 Quod
1418 1904 1499 1944 nisi
1531 1903 1672 1944 omnis

227 1970 433 2012 frumenti
454 1968 564 2010 ratio
595 1982 650 2008 ex
683 1965 951 2023 temporibus
982 1973 1094 2005 esset
1115 1973 1160 2005 et
1185 1977 1372 2013 annona,
1390 1976 1479 2002 non
1509 1975 1565 2002 ex
1592 1975 1674 2002 nu-

225 2043 359 2079 mero,
383 2040 521 2082 neque
539 2040 594 2066 ex
617 2039 798 2075 summa,
821 2021 1156 2073 consideranda;
1187 2033 1424 2076 numquam
1446 2028 1534 2059 tam
1558 2018 1671 2074 grati

226 2085 270 2126 hi
291 2083 654 2141 sesquimodii,Q.
676 2080 901 2130 Hortensi,
924 2078 1131 2120 fuissent:
1164 2092 1273 2134 quos
1297 2088 1343 2118 tu
1365 2090 1465 2118 cum
1485 2076 1538 2117 ad
1551 2089 1673 2116 men-

227 2158 338 2184 surae
375 2154 461 2183 tam
501 2141 706 2197 exiguam
740 2139 951 2180 rationem
987 2135 1181 2192 9populo
1217 2135 1417 2176 Romano
1449 2134 1493 2174 in
1526 2133 1673 2189 capita

225 2200 537 2257 descripsisseS,
558 2197 852 2255 gratissimum
874 2194 1076 2236 omnibus
1099 2193 1255 2235 fecisti.
1279 2192 1435 2234 caritas
1456 2191 1573 2232 enim
1594 2205 1671 2232 an-

1010 2343 1028 2372 8
1051 2346 1128 2372 ante
1151 2340 1283 2380 novum]
1311 2340 1379 2370 Int.
1406 2337 1571 2374 triticum,
1595 2337 1615 2367 i.
1639 2347 1668 2368 e.

267 2351 287 2383 7
323 2353 456 2379 senalus
482 2347 685 2387 populusque
720 2344 764 2376 R.
792 2342 923 2385 judices
1202 2381 1206 2384 ῃ

967 2388 1047 2414 ante
1063 2393 1221 2420 messem3
1236 2389 1275 2413 ut
1291 2386 1365 2423 post
1376 2386 1426 2412 est
1435 2384 1509 2420 post
1522 2389 1667 2410 messem.

223 2391 360 2432 compr]
389 2391 525 2422 detdic-es
538 2389 591 2420 hic
607 2388 730 2419 alienos
745 2396 812 2417 esse
827 2385 923 2417 facile

223 2440 327 2474 patet.
373 2433 488 2473 Itaque
504 2431 658 2462 nonnulli
679 2439 847 2461 correxere
864 2437 923 2467 po-

217 2478 355 2516 pulique
370 2475 413 2506 R.
426 2480 465 2505 ut
478 2474 580 2505 Aldus
593 2479 627 2504 et
636 2473 699 2504 alii.
716 2471 811 2503 male.
835 2470 923 2502 Nam

223 2519 388 2549 Antonius
403 2518 563 2558 judicium
579 2525 647 2546 non
661 2515 774 2552 subiit,
791 2522 922 2554 oppres-

224 2571 278 2591 sus
307 2566 414 2591 morte
439 2560 475 2590 in
504 2559 618 2590 mediis
645 2557 858 2591 facinoribus,
883 2560 922 2585 ut

224 2603 292 2643 ipse
308 2604 421 2634 Cicero
447 2602 536 2632 dicit.
583 2602 659 2631 Sine
685 2600 784 2631 dubio
790 2598 922 2640 judices

223 2650 275 2675 est
296 2646 462 2686 spurium:
486 2643 573 2684 quod
594 2643 731 2674 verbum
753 2641 921 2672 interdum

224 2687 332 2718 alieno
348 2688 420 2718 loeo
435 2686 668 2726 interpositum
684 2689 747 2722 est,
762 2683 853 2714 velut
874 2683 920 2713 al-

224 2729 391 2770 loquentis
413 2729 538 2771 judices
567 2728 724 2765 oratoris,
756 2725 920 2766 quomodo

223 2778 259 2803 et
284 2772 337 2802 hie
361 2772 460 2811 vulgo
489 2771 668 2810 accipiunt,
694 2769 750 2809 qui
776 2774 920 2799 veterem

224 2816 401 2846 lectionem
410 2815 612 2854 populusque
626 2817 768 2842 servant.
804 2811 920 2849 ltaque

222 2858 315 2888 uncis
343 2857 471 2887 inclusi.
516 2854 655 2885 Pluralis
681 2854 921 2894 comprobanda!

223 2901 363 2931 fortasse
378 2899 488 2931 locum
502 2897 753 2939 interpolationi
769 2895 858 2927 fecit.

1008 2430 1028 2460 9
1046 2427 1166 2466 populo
1192 2425 1236 2456 R.
1264 2427 1299 2455 in
1321 2423 1447 2464 capita]
1479 2422 1669 2452 Hotoman-

967 2478 1028 2499 nus
1051 2469 1097 2499 sic
1121 2479 1162 2499 ex
1187 2467 1321 2507 ingenio
1343 2466 1506 2505 corrigere
1531 2473 1565 2494 se
1587 2464 1669 2497 dicit

966 2512 1144 2542 lectionem
1166 2511 1294 2551 populi,
1315 2509 1407 2539 velut
1434 2507 1606 2546 vulgatam
1632 2506 1668 2538 in

966 2554 1057 2585 libris
1087 2553 1251 2583 omnibus.
1278 2556 1314 2582 at
1351 2560 1425 2581 eam
1457 2554 1593 2580 tantum
1616 2558 1669 2580 re-

963 2598 1031 2638 peri
1058 2597 1093 2626 in
1116 2595 1166 2626 ed.
1195 2595 1231 2625 P.
1255 2593 1400 2625 Manutii
1425 2594 1507 2623 1540
1530 2596 1564 2621 et
1590 2590 1667 2623 Aldi

964 2650 1038 2680 nep.
1059 2649 1089 2669 a.
1113 2640 1206 2668 1554.
1230 2647 1294 2677 qua
1309 2645 1388 2667 usus
1406 2634 1539 2665 videtur
1557 2633 1669 2665 Hoto-

963 2691 1116 2713 mannus.
1161 2679 1201 2710 In
1225 2679 1379 2710 omnibus
1397 2677 1470 2707 aliis
1484 2676 1666 2714 veteribus,

964 2725 1065 2755 etiam
1091 2724 1129 2754 C.
1157 2722 1270 2762 Steph.
1295 2732 1325 2751 a.
1355 2723 1446 2751 1555.
1465 2724 1516 2750 est
1532 2719 1665 2759 populo.

965 2767 1121 2798 Ceterum
1144 2764 1362 2804 descripsisses
1383 2763 1417 2794 h.
1441 2761 1464 2791 1.
1479 2766 1530 2791 est
1543 2761 1665 2791 donas·

963 2819 1024 2840 ses.
1056 2818 1134 2838 nani
1171 2808 1283 2837 omnia
1320 2805 1477 2836 dicuntur
1511 2802 1665 2839 describi,

963 2860 1037 2891 quae
1057 2851 1144 2880 fiunt
1160 2859 1219 2890 per
1243 2848 1437 2881 divisionem
1460 2845 1604 2885 aliquam
1629 2849 1667 2876 et

964 2893 1195 2935 partitionem.
