1907 3231
332 153 409 189 648

890 151 1136 190 ORATIO
1174 150 1205 187 1.

333 253 670 297 confirmandam
689 255 925 297 audaciam.
972 253 1130 308 Cupio,
1152 259 1295 308 patres
1315 250 1562 306 conscripti,
1583 264 1651 292 me
1668 264 1762 293 esse

335 311 615 354 clementem:
645 313 774 368 cupio
808 313 849 352 in
882 312 1011 352 tantis
1044 308 1291 365 reipublicae
1315 307 1514 363 periculis
1538 311 1652 349 llme
1672 322 1759 350 non

337 368 593 410 dissolutum
628 369 782 410 videri:
822 369 894 408 sed
920 367 1014 421 jam
1046 380 1124 407 mer
1150 366 1240 422 ipse
1270 366 1436 406 inertiae
1471 365 1763 420 nequitiaeque

303 428 326 462 5
340 426 594 470 condemno.

655 425 807 467 Castra
839 433 939 464 sunt
969 422 1171 464 in'Italia
1201 430 1351 463 eontra
1380 421 1695 478 rempublicam>
1717 436 1762 463 in

339 482 522 524 Etruriae
537 482 732 524 faucibus
749 480 983 522 collocata:
1014 480 1168 521 crescit
1183 480 1229 519 in
1248 479 1338 520 dies
1358 478 1549 535 singulos
1572 477 1762 519 hostium

336 552 559 581 numerus:
599 552 746 579 eorum
784 546 928 578 autem
962 537 1263 593 imperatorem
1298 545 1547 586 castrorum,
1588 535 1764 576 ducem-

335 611 420 652 que
439 597 643 644 hostium,
666 595 779 634 intra
794 593 972 644 moenia,
994 603 1124 648 atque
1141 593 1247 634 adeo
1266 591 1310 633 in
1331 602 1479 634 senatu
1502 594 1540 624 12
1555 591 1762 643 videmus,

335 654 582 694 intestinam
605 650 791 706 aliquam
822 651 1016 706 quotidie
1049 650 1283 706 perniciem
1301 649 1553 705 'reipublicae
1583 648 1765 690 molien-

335 720 436 754 tem.
481 709 526 749 Si
550 718 591 748 te
606 708 714 762 jam,
738 707 941 758 Catilina,
963 706 1285 764 comprehendi,
1308 707 1342 746 si
1365 705 1548 747 interfici
1563 705 1759 760 jussero;

334 767 476 817 credo,
500 766 581 806 erit
604 765 835 806 verendum
859 765 979 817 mihi,
1002 779 1054 805 ne
1075 779 1162 805 non
1184 764 1268 805 hoc
1301 764 1445 819 potius
1479 776 1626 803 omnes
1660 763 1764 804 boni

335 823 468 864 serius
502 837 526 862 a
557 836 640 873 me,
663 837 791 878 quam
824 822 1050 878 quisquam
1081 820 1293 863 crudelius
1325 820 1488 862 factum
1510 833 1602 859 esse
1633 819 1768 861 dicat.'

334 880 492 920 Verum
515 893 610 935 ,ego
644 879 740 930 hoc,
782 879 898 934 quod
929 879 1192 935 jampridem
1228 877 1391 919 factum
1428 890 1519 918 esse
1555 876 1765 931 oportuit,

334 946 451 978 certa
470 936 524 977 de
555 951 698 987 causa,
729 937 920 977 nondum
953 937 1157 987 adducor,
1189 944 1236 976 ut
1269 934 1439 977 faciam.
1463 943 1554 974 tum
1580 932 1766 988 denique

337 998 374 1026 13
389 993 644 1034 interficiam
667 1003 722 1043 te,
753 1008 851 1034 cum
866 993 961 1048 jam
983 1008 1109 1034 nemo
1135 1003 1221 1033 tam
1251 992 1490 1048 improbus,
1513 1000 1600 1031 tam
1623 990 1765 1045 perdi-

337 1060 420 1102 tus,
443 1060 527 1091 tam
554 1050 616 1091 tui
639 1050 788 1090 similis
810 1050 991 1091 inveniri
1014 1050 1187 1105 poterit,
1218 1049 1291 1104 qui
1314 1049 1356 1090 id
1378 1063 1462 1089 non
1479 1048 1580 1103 jure
1601 1046 1764 1088 factum

299 1100 427 1148 6esse
459 1107 658 1148 fateatur.
719 1107 940 1154 Quamdiu
977 1108 1202 1162 quisquam
1229 1106 1324 1156 erit,
1355 1106 1428 1161 qui
1462 1115 1504 1146 te
1535 1103 1764 1145 defendere

336 1166 505 1215 audeat,
540 1164 679 1206 vives:
712 1174 754 1204 et
788 1165 904 1205 vives
935 1164 1010 1214 ita,
1032 1173 1080 1204 ut
1108 1178 1224 1204 nunc
1256 1163 1379 1213 vivis,
1411 1161 1558 1203 multis
1588 1161 1694 1202 meis
1720 1171 1765 1202 et

336 1222 470 1262 firmis
494 1221 704 1278 praesidiis
727 1222 938 1272 obsessus,
961 1236 1014 1262 ne
1043 1234 1315 1261 commovere
1348 1229 1389 1260 te
1418 1228 1568 1260 contra
1593 1231 1763 1273 rempu-

335 1279 493 1320 blicam
517 1279 668 1335 possis.
703 1278 934 1319 multorum
966 1287 1007 1318 te
1038 1278 1168 1318 etiam
1202 1277 1315 1318 oculi
1347 1286 1390 1317 et
1419 1290 1539 1316 aures
1562 1289 1648 1315 non
1670 1289 1766 1316 sen-

335 1337 531 1387 tientem,
557 1336 668 1376 sicut
700 1335 840 1376 adhuc
874 1335 1081 1387 fecerunt,
1104 1334 1438 1391 speculabuntur
1465 1342 1592 1387 atque
1621 1341 1766 1374 custo-

335 1394 469 1435 dient.

289 1439 325 1487 3
397 1450 569 1494 Etenim
600 1450 702 1506 quid
735 1459 813 1501 est,
838 1449 1040 1502 Catilina,
1061 1450 1175 1505 quod
1192 1449 1286 1505 jam
1315 1449 1498 1506 amplius
1526 1454 1767 1504 exspectes,

337 1508 372 1548 si
393 1522 532 1562 neque
552 1523 641 1549 nox
662 1508 846 1548 tenebris
868 1509 1096 1548 obscurare
1117 1516 1258 1548 coetus
1280 1507 1480 1556 nefarios,
1501 1519 1580 1546 nec
1599 1505 1768 1561 privata.

330 1565 482 1605 domus
501 1565 735 1621 parietibus
757 1565 976 1605 continere
1001 1567 1039 1595 ¹4
1052 1579 1201 1605 vocem
1223 1563 1534 1619 conjurationis
1559 1571 1643 1603 tuae
1667 1570 1765 1616 pot-

331 1624 418 1662 est?
451 1622 482 1662 si
517 1621 794 1671 illustrantur,
827 1622 860 1661 si
894 1630 1125 1677 erumpunt
1150 1621 1322 1663 omnia?
1363 1620 1492 1661 Muta
1517 1619 1610 1674 jam
1637 1619 1763 1659 istam

333 1687 547 1720 mentem:
571 1678 676 1719 mihi
696 1679 843 1719 crede:
873 1678 1126 1719 obliviscere
1144 1678 1289 1728 caedis,
1309 1687 1436 1731 atque
1453 1676 1764 1717 incendiorum.

335 1736 490 1776 teneris
514 1736 725 1790 undique:
758 1735 851 1776 luce
865 1744 964 1776 sunt
976 1735 1156 1775 clariora
1167 1734 1292 1775 nobis
1308 1744 1381 1775 tua
1393 1733 1573 1774 consilia
1590 1732 1763 1773 omnia:

297 1802 430 1847 '7quae
450 1792 580 1838 etiam
602 1806 770 1833 mecum
794 1792 893 1833 licet
911 1807 1209 1847 recognoscas.

1271 1789 1584 1840 Meministine,
1605 1803 1674 1829 me
1690 1803 1769 1830 an-

335 1858 377 1890 te
405 1850 520 1890 diem
553 1863 628 1890 xn
662 1848 877 1890 Kalendas
910 1849 1145 1890 Novembr.
1172 1849 1314 1889 dicere
1341 1849 1384 1889 in
1407 1855 1571 1896 senatu,
1596 1848 1632 1877 15
1645 1854 1764 1886 certo

331 1906 402 1947 die
425 1906 516 1947 fore
537 1906 581 1947 in
605 1906 747 1955 armis,
769 1906 842 1961 qui
860 1906 950 1946 dies
973 1905 1141 1946 futurus
1160 1914 1271 1946 esset
1296 1906 1333 1936 ¹6
1345 1915 1444 1946 ante
1460 1904 1573 1945 diem
1598 1916 1645 1944 vl
1667 1902 1764 1944 Kal.

333 1963 609 2014 Novembris,
645 1962 696 2003 C.
728 1963 959 2014 Manlium,
987 1963 1177 2005 audaciae
1208 1961 1434 2004 satellitem
1468 1968 1596 2016 atque
1628 1959 1766 2001 admi·

372 2080 406 2108 11
433 2088 484 2108 me
511 2087 574 2107 non
605 2077 796 2108 dissolutum
829 2076 947 2115 videri]
976 2085 1028 2106 me

327 2120 451 2151 habent
466 2129 533 2150 non
546 2119 653 2149 solum
672 2119 746 2149 libri
766 2128 826 2148 scr.
843 2128 922 2158 quos
937 2119 1027 2148 Grae-

327 2163 397 2192 vius
413 2167 587 2198 memorat,
602 2161 658 2190 sed
672 2161 771 2191 etiam
791 2160 862 2190 edd.
877 2166 956 2191 vett.
971 2161 1025 2190 W.

326 2203 383 2234 Br.
402 2207 493 2235 1480.
510 2205 567 2234 διο.
591 2203 679 2233 Male
695 2208 769 2243 post
782 2203 937 2232 omissum
960 2208 1023 2233 est:

327 2246 387 2276 nisi
403 2256 478 2276 vero
493 2246 591 2276 lectio
603 2255 679 2275 vera
690 2252 740 2275 est
749 2245 931 2275 dissolutus.
954 2245 1026 2275 Sta-

324 2288 387 2318 tim
402 2292 477 2328 post
493 2298 543 2318 me
564 2289 630 2328 ipse
644 2297 703 2327 pro
725 2297 774 2319 me
788 2288 893 2326 ipsum
908 2291 996 2316 recte
1009 2297 1026 2317 e

325 2330 390 2360 Ms.
412 2330 558 2360 restituit
586 2329 745 2366 Graevius,
778 2328 865 2367 quod
895 2333 929 2358 et
957 2329 1026 2360 sine

324 2371 410 2402 libro
426 2372 493 2402 ullo
509 2373 554 2402 sic
569 2371 794 2402 correxissem.
913 2375 916 2378 ⁴

371 2416 409 2444 12
430 2414 590 2453 videmus]
607 2413 671 2443 Alii
684 2413 759 2443 libri
773 2416 811 2443 ut
826 2411 897 2443 edd.
912 2413 951 2444 R.
965 2414 1022 2445 ΒΓ.

324 2456 451 2492 videtis,
467 2456 554 2495 quod
568 2455 714 2485 Graevius
736 2459 865 2485 secutus
880 2461 947 2484 est:
973 2457 1022 2486 ni-

323 2496 371 2528 hil
400 2499 547 2528 interest.
590 2497 670 2527 Mox
691 2498 776 2527 idem
800 2507 817 2527 c
839 2496 903 2526 ΜΞ.
922 2497 1024 2528 edidit

323 2540 351 2568 si
387 2544 418 2570 te
451 2539 562 2580 interf.
597 2544 757 2579 putatque
793 2539 1024 2581 ἰμφατικῶτερον

323 2590 410 2612 esse:
435 2582 520 2621 quod
534 2581 615 2612 mihi
629 2591 720 2612 secus
734 2581 871 2612 videtur.
915 2582 977 2612 Sed
990 2584 1023 2612 in

324 2623 390 2653 fine
419 2624 506 2653 dicat
520 2628 607 2654 recte
623 2634 682 2663 pro
697 2625 818 2654 dicant.
855 2623 1021 2655 Numerus

324 2665 409 2695 solet
424 2667 607 2705 proximum
621 2667 802 2704 subjectum
817 2667 917 2704 sequi.

371 2710 405 2738 13
427 2708 621 2748 interficiam
647 2708 691 2747 te]
718 2708 757 2738 In
782 2708 862 2738 Μῦς.
891 2707 1022 2748 quibus-

324 2749 399 2779 dam
415 2757 579 2789 repertum
595 2754 643 2779 est
652 2750 859 2790 interficiere,
876 2750 962 2789 quod
975 2759 1024 2779 re-

323 2792 411 2831 cepit
425 2791 585 2827 Graevius,
604 2792 817 2831 placebatque
831 2797 866 2822 et
879 2793 1021 2822 Gruter-o

323 2838 357 2862 et
374 2833 456 2866 aliis.
501 2833 585 2864 Mihi
601 2834 835 2867 correctionem
851 2843 964 2874 sapere
976 2835 1022 2863 vi-

324 2874 420 2911 detur
434 2875 587 2912 hominis,
604 2876 657 2914 qui
671 2876 781 2905 durius
803 2880 936 2915 putaret
951 2876 1022 2905 vul·

323 2922 438 2956 gatum
452 2918 490 2949 de
506 2917 659 2950 Consule.
683 2918 745 2950 Sed
755 2917 786 2949 id
799 2918 959 2950 efficacius
974 2922 1023 2950 est

1068 2085 1165 2116 quam
1187 2075 1393 2117 interficiere,
1418 2079 1453 2105 ct
1475 2075 1521 2105 sic
1542 2072 1655 2104 Latini
1680 2072 1767 2103 dice-

1068 2119 1150 2148 bant
1172 2119 1206 2149 in
1220 2118 1279 2148 tali
1298 2127 1405 2149 causa.
1449 2117 1503 2147 Sic
1516 2115 1583 2147 Lex
1600 2114 1713 2146 Clodia
1726 2115 1766 2145 de

1070 2161 1226 2191 Cicerone
1238 2158 1498 2195 exterminando,
1511 2157 1594 2198 quod
1605 2157 1687 2187 cives
1700 2157 1765 2187 Ro-

1069 2212 1181 2232 manos
1205 2203 1330 2232 indicta
1356 2211 1457 2232 causa
1483 2203 1634 2230 necasset.
1678 2198 1766 2230 Item

1071 2245 1169 2276 Catil.
1186 2244 1232 2280 11,
1245 2246 1276 2281 ⁶2,
1297 2244 1474 2275 Catilinam
1489 2242 1689 2273 sustulissem
1703 2241 1762 2271 &c.

1115 2290 1152 2317 14
1166 2296 1272 2317 vocem
1285 2285 1358 2327 conj
1362 2286 1385 2325 .]
1399 2285 1577 2316 Graeviuse
1591 2283 1670 2313 Mss.
1687 2292 1766 2322 qua-

1068 2333 1146 2370 tuor
1159 2338 1256 2359 voces.
1300 2329 1333 2358 Si
1344 2327 1526 2367 conjuratio
1539 2335 1597 2366 per
1610 2333 1766 2366 prosopo-

1068 2371 1185 2414 poeiasn
1201 2371 1334 2407 dicitur,
1349 2380 1457 2401 vocem
1473 2368 1588 2399 melius
1603 2370 1664 2397 est.

1112 2416 1148 2444 15
1163 2417 1247 2444 cerco
1256 2412 1345 2452 dies.
1360 2413 1383 2443 i.
1395 2412 1442 2451 a.]
1460 2411 1539 2441 Mss.
1552 2415 1586 2440 et
1595 2408 1668 2439 edd.
1681 2412 1764 2438 vett.

1065 2454 1296 2497 quaedamfirre
1308 2455 1330 2485 i.
1348 2465 1378 2485 α.
1395 2458 1480 2484 certo
1494 2453 1556 2487 die,
1572 2450 1659 2490 quod
1672 2459 1763 2482 secu-

1065 2503 1119 2527 tus
1134 2503 1184 2527 est
1197 2497 1355 2527 Graevius.
1369 2495 1451 2526 nihil
1464 2495 1612 2526 interest,

1113 2539 1150 2569 16
1172 2544 1249 2569 ante
1269 2539 1354 2569 diem
1375 2546 1409 2568 vr
1425 2537 1505 2568 Kal.
1521 2535 1586 2575 N.]
1616 2534 1766 2566 Graevius

1065 2582 1166 2611 tacite
1180 2581 1268 2615 dedit
1282 2582 1318 2610 in
1331 2584 1408 2610 ante
1421 2580 1518 2614 diem,
1534 2578 1620 2616 quod
1638 2582 1674 2607 et
1688 2577 1762 2608 libri

1066 2623 1197 2662 quidam
1225 2627 1316 2653 ante:
1339 2623 1375 2652 in
1397 2625 1474 2651 ante
1496 2621 1581 2650 diem
1604 2628 1653 2650 xu
1679 2617 1761 2650 Kal.

1067 2665 1115 2701 N.
1130 2666 1226 2704 idque
1250 2675 1309 2704 pro
1332 2664 1513 2694 arehaismo
1527 2662 1628 2692 habet
1640 2665 1674 2691 et
1688 2670 1763 2701 pro-

1065 2707 1123 2737 bat
1145 2712 1283 2746 utroque
1303 2706 1375 2736 loco
1398 2706 1567 2735 Gruterus.
1609 2703 1763 2733 Occurrit

1066 2750 1100 2779 et'
1116 2759 1189 2779 mox
1211 2749 1248 2778 in
1268 2752 1345 2789 ante
1359 2748 1460 2785 diem:
1482 2746 1538 2776 sed
1551 2745 1648 2776 aliter
1665 2749 1764 2783 atque

1063 2790 1131 2827 hic,
1147 2801 1183 2820 ca
1203 2791 1265 2821 lem
1278 2791 1433 2825 collatam
1446 2799 1510 2819 esse
1523 2789 1645 2818 inante
1657 2786 1742 2816 diem
1752 2798 1764 2815 .-

1065 2832 1151 2871 quod
1166 2829 1293 2863 rectum
1307 2837 1367 2863 est.
1414 2832 1478 2861 Hic
1500 2839 1567 2860 non
1585 2829 1705 2869 placet,
1727 2830 1763 2858 et

1064 2878 1100 2905 z'n
1122 2876 1191 2905 sine
1212 2874 1311 2906 dubio
1332 2884 1350 2906 e
1372 2872 1582 2914 sequentibus
1607 2870 1671 2902 huc
1692 2873 1762 2901 tra-

1066 2922 1157 2948 ctum
1170 2920 1230 2948 est.
1406 2919 1409 2922 “
