1907 3231
265 130 344 165 344
400 151 403 153 Δ
793 130 863 168 ΙΝ
899 130 1182 167 VERREM

205 235 257 269 60
268 231 505 273 amicorum
527 232 669 289 operis
690 248 781 275 esse
802 233 845 274 in
862 232 1164 288 hujuscemodi
1186 232 1312 273 rebus
1334 246 1474 273 usum.
1513 229 1615 273 ,Iam
1634 245 1706 272 ve-

266 304 314 330 ro
330 289 464 331 lectos
482 300 651 341 aeratOS,
673 303 716 331 et
732 291 987 332 candelabra
1006 304 1139 340 aenea,
1157 304 1261 330 num
1279 289 1364 340 eui,
1384 298 1542 346 praeter
1557 288 1703 339 istum,

268 346 491 402 Syracusis
529 362 604 404 pei
642 348 875 388 triennium
911 346 1027 387 facta
1063 361 1154 387 esse
1182 347 1470 388 existimatis?
1504 344 1707 395 Emebat,

266 404 409 445 cr.edo
471 405 554 445 Sed
580 414 746 445 tantum
770 419 845 444 vos
867 403 1085 454 certiores,
1109 403 1295 458 judices,
1326 403 1454 455 facio,
1486 403 1589 458 quid
1623 403 1705 444 iste

239 503 241 505 ,
265 460 310 502 in
333 461 557 517 provincia
580 471 740 516 praetor
769 461 920 517 egerit,
941 475 995 501 ne
1024 461 1093 501 cui
1125 460 1237 502 forte
1269 461 1451 502 nimium
1479 460 1705 516 negligens

267 517 399 559 fuisse
433 519 641 567 videatur,
672 532 810 573 neque
845 532 889 558 se
922 518 1039 569 satis,
1071 533 1170 559 cum
1201 526 1458 574 potestatem
1493 495 1708 568 habuerit,

268 575 523 616 instruxisse
545 584 587 615 et
609 589 795 616 οι··ι.ιιι55<3

184 621 254 675 27
327 633 466 673 Venio
509 647 637 681 nunc,
673 647 760 672 non
795 631 890 687 J'am
931 631 985 672 ad
1027 631 1205 682 furtum,
1246 646 1334 673 non
1371 632 1425 673 ad
1466 647 1517 673 av
1521 631 1706 683 aritiam,

268 705 355 731 non
379 690 430 730 ad
454 689 751 753 cupiditatem,
775 690 847 730 sed
869 689 1081 744 ejusmodi
1105 688 1288 739 facinus,
1309 689 1353 729 in
1369 704 1454 744 quo
1471 689 1618 730 omnia
1632 703 1707 729 ne-

269 746 377 788 faria
398 746 609 787 contineri
632 747 739 787 mihi
763 755 892 802 atque
914 747 1052 787 inesse
1074 746 1323 787 videantur:
1355 746 1399 786 in
1428 761 1514 801 quo
1542 745 1634 788 dii
1625 760 1708 786 lm-

266 803 468 845 mortales
503 804 667 855 violati,
700 804 966 845 existimatio
997 812 1127 858 atque
1159 803 1392 844 auctoritas
1420 803 1607 844 nominis
1629 818 1709 859 po-

268 861 356 916 puli
384 861 570 902 Romani
594 862 837 913 imminuta,
868 861 1106 917 hospitium
1131 860 1362 917 spoliatum
1392 876 1442 901 ac
1472 860 1707 925 proditum,

270 918 498 960 abalienati
524 918 680 960 scelere
704 919 825 959 istius
848 934 873 959 a
901 919 1027 959 nobis
1050 933 1198 959 omnes
1220 932 1341 974 reges
1362 918 1610 959 amicissimi
1634 932 1710 958 na-

207 980 253 1013 61
272 976 508 1039 tionesque,
540 990 637 1030 quae
661 977 702 1017 in
725 991 874 1016 eorum
895 990 1029 1031 regno
1052 991 1101 1016 ac
1133 975 1296 1016 ditione
1331 985 1443 1016 sunt.
1505 975 1620 1016 Nam
1641 988 1711 1015 re-

268 1048 344 1090 ges
369 1033 427 1074 Sv
417 1048 519 1083 ιιιε,
544 1032 656 1088 regis
678 1033 887 1074 Antiochi
921 1033 1031 1074 filios
1056 1046 1224 1096 pueros,
1248 1033 1365 1074 scitis
1391 1032 1546 1073 Romae
1573 1045 1712 1096 nuper

268 1091 424 1131 tuisse:
448 1090 529 1153 qui·
541 1100 743 1131 venerant
760 1105 847 1131 non
864 1100 1040 1146 plopter
1058 1090 1116 1146 SJ
1121 1105 1193 1130 rlae
1212 1104 1414 1146 regnum;
1437 1105 1536 1130 nam
1555 1089 1598 1130 id
1617 1090 1710 1130 sine

267 1147 562 1189 controversia
583 1148 853 1197 obtinebant,
877 1156 925 1188 ut
947 1163 971 1188 a
994 1157 1113 1203 patre
1140 1155 1184 1187 et
1210 1162 1235 1187 a
1258 1122 1500 1202 majoribus
1530 1161 1710 1202 accepe-

266 1215 389 1246 rant:
423 1205 549 1245 77sed
585 1219 767 1261 regnum
805 1206 921 1262 Ἐς)
927 1205 989 1261 pti
1014 1205 1066 1245 ad
1090 1219 1133 1245 se
1156 1214 1199 1245 et
1227 1204 1278 1245 ad
1305 1204 1500 1256 Selenen,
1529 1213 1714 1246 matrem

267 1277 403 1312 suam,
427 1238 659 1317 pertinere?
662 1264 996 1304 arbitrabantur.
1055 1264 1095 1295 78
1111 1261 1205 1302 Hi
1197 1262 1278 1317 lpsi
1299 1270 1579 1317 posteaquam
1601 1270 1710 1302 tem-

267 1320 445 1376 poribus
472 1319 742 1376 Reipublicae
766 1320 944 1370 exclusi,
979 1334 1053 1375 per
1074 1329 1270 1360 senatum
1293 1333 1420 1375 agere
1441 1334 1538 1374 quae
1560 1318 1707 1360 volue-

266 1386 380 1427 rant,
400 1391 486 1417 non
521 1386 769 1433 potuerunt,
801 1377 844 1418 in
880 1377 1064 1441 SJriam,
1096 1377 1139 1418 in
1176 1391 1356 1432 legnum
1390 1376 1578 1433 patrium
1611 1391 1712 1433 pro·

267 1433 370 1475 fecti
405 1442 519 1475 sunt.
582 1433 741 1476 Eorum
777 1435 896 1485 alter,
927 1449 1000 1490 qui
1032 1433 1275 1475 Antiochus
1309 1442 1502 1484 vocatur,
1533 1434 1614 1479 iter
1635 1448 1712 1490 per

270 1492 464 1533 Siciliam
485 1491 625 1533 facere
648 1492 798 1533 voluit.
860 1492 1028 1547 Itaque,
1060 1492 1143 1532 isto
1167 1499 1366 1547 praetore,
1388 1491 1507 1533 venit
1526 1491 1712 1546 Syracu-

206 1558 256 1592 6⁶3
271 1564 351 1590 sas,
414 1549 503 1590 Hic
540 1549 692 1590 Verres
728 1550 1010 1590 hereditatem
1045 1549 1126 1590 sibi
1169 1549 1333 1589 venisse
1366 1549 1596 1590 arbitratus
1629 1556 1710 1600 est,

270 1607 386 1662 quod
409 1607 452 1648 in
475 1606 567 1661 ejus
591 1621 772 1662 regnum
794 1622 844 1648 ac
867 1622 1016 1647 manus
1040 1616 1215 1646 venerat
1237 1607 1286 1657 is,
1317 1620 1447 1661 quem
1469 1605 1548 1647 iste
1570 1615 1614 1647 et
1635 1620 1711 1646 au-

269 1664 406 1705 dierat
429 1665 564 1704 multa
586 1679 729 1705 secum
753 1664 959 1719 praeclara
985 1663 1156 1714 habere,
1178 1673 1222 1704 et
1244 1663 1557 1719 suspicabatur.
1600 1662 1712 1704 Mit-

269 1722 323 1762 tit
343 1722 507 1762 homini
527 1736 703 1762 munera
726 1736 757 1761 5
747 1722 826 1762 atis
848 1721 1169 1777 79la1·ge:haec
1190 1721 1242 1761 ad
1262 1735 1383 1761 usum
1408 1720 1709 1761 domesticum.

138 1799 168 1831 p.
184 1791 255 1820 214.
271 1779 372 1829 vini,
400 1779 482 1819 olei
510 1779 625 1833 quod
657 1779 795 1819 visum
818 1788 929 1820 erat:
962 1779 1094 1819 etiam
1124 1778 1273 1829 tritici,
1303 1777 1419 1833 quod
1449 1777 1552 1818 satis
1581 1787 1709 1829 esset,

225 1836 321 1876 ade
351 1836 436 1876 suis
468 1836 675 1877 decumis.
733 1836 935 1877 Deinde
927 1851 1068 1892 ipsum
1099 1849 1245 1891 regem
1272 1836 1325 1876 ad
1348 1849 1496 1876 cenam
1522 1835 1710 1876 vocavit.

266 1902 448 1934 exornat
470 1893 610 1950 ample
629 1893 946 1949 magnificeque
969 1893 1232 1934 triclinium:
1262 1892 1446 1949 exponit
1467 1906 1531 1942 ea,
1552 1892 1710 1947 quibus

265 1952 528 2001 abundabat,
552 1951 737 2007 plurima
757 1966 806 1991 ac
831 1951 1119 2006 pulcherrima
1150 1965 1252 1991 vasa
1283 1959 1501 2006 argentea.
1524 1963 1710 2005 namque

264 2009 361 2050 haec
384 2023 511 2049 aurea
532 2009 723 2049 nondum
743 2008 917 2049 fecerat
937 2008 1138 2049 omnibus
1161 2017 1282 2048 curat
1303 2009 1429 2049 rebus
1452 2007 1712 2048 instructum

266 2077 310 2106 et
339 2076 535 2122 penatum
568 2075 616 2106 ut
648 2066 703 2106 sit
736 2066 1000 2107 convixium.
1064 2065 1181 2111 Quid
1216 2065 1374 2107 multa?
1408 2064 1505 2105 Rex
1531 2064 1593 2105 ita
1624 2064 1713 2104 dis-

266 2124 408 2174 cessit,
432 2133 479 2164 ut
511 2132 554 2163 et
576 2124 706 2164 istum
737 2123 912 2178 copiose
934 2132 1148 2173 Olnatum,
1183 2132 1226 2162 et
1256 2137 1299 2163 se
1324 2121 1563 2163 honorifice
1589 2136 1712 2162 acce-

264 2191 388 2236 ptum
412 2181 704 2221 arbitraretur.
766 2181 904 2221 Vocat
925 2181 976 2221 ad
992 2195 1142 2220 cenam
1161 2180 1346 2220 deinde
1337 2194 1429 2235 lpse
1452 2187 1708 2235 praetorem:

265 2239 447 2294 exponit
479 2253 573 2278 suas
603 2238 751 2294 copias
785 2253 947 2289 omnes,
979 2238 1161 2278 multum
1189 2246 1432 2293 argentum,
1464 2251 1550 2276 non
1561 2250 1714 2300 pauca.

265 2296 395 2336 etiam
416 2295 571 2351 pocula
592 2311 647 2336 ex
670 2310 790 2345 auro,
813 2310 925 2349 quae,
948 2304 996 2335 ut
1018 2310 1110 2335 mos
1128 2304 1193 2334 est
1214 2295 1372 2350 regius,
1390 2304 1433 2334 et
1454 2293 1644 2334 maxime
1662 2293 1707 2333 in

267 2353 406 2407 Syria,
439 2354 620 2408 gemmis
654 2363 775 2393 erant
796 2353 1002 2393 distincta
1031 2352 1293 2393 clarissimis.
1355 2351 1460 2391 E1at
1481 2351 1612 2391 etiam
1634 2364 1709 2390 vas

265 2395 478 2450 vinarium
502 2425 556 2451 ex
580 2426 664 2451 una
687 2424 859 2467 gemma
882 2409 1125 2467 pergrandi,
1158 2408 1283 2450 trulla
1304 2417 1528 2459 excavata,
1557 2421 1711 2448 manu-

308 2543 347 2573 77
371 2541 427 2570 sed
446 2549 588 2578 ‘regnum
602 2539 704 2579 AEm]
731 2540 803 2570 Hoc
827 2540 853 2569 si
875 2550 964 2570 com-

264 2587 401 2623 paratur
429 2593 503 2612 cum
534 2583 705 2622 supet-imi,
745 2592 807 2612 71on
832 2587 966 2622 propter

260 2631 407 2662 regnum
453 2625 569 2663 Syr-ise,
607 2625 676 2654 side
671 2630 735 2655 ·tur
777 2625 962 2654 addendum

265 2668 363 2707 qaod:
389 2676 453 2696 non
481 2668 713 2706 propter—sed
739 2667 824 2706 quod
846 2677 874 2697 r.
905 2668 962 2696 ἃς.

266 2708 337 2740 Nec
355 2716 421 2739 tam
426 2719 465 2738 cn
482 2710 550 2739 sine
566 2708 599 2737 li'
594 2710 655 2739 nis
672 2709 795 2748 aliquid
810 2714 947 2739 mutem.

308 2754 348 2784 78
376 2751 441 2780 Ili
437 2752 516 2790 ''psi
513 2761 562 2779 1105
557 2755 592 2780 ’ἡ
589 2752 733 2790 aquam]
751 2752 828 2782 Non
845 2751 961 2781 redun-

266 2793 323 2824 dat
339 2794 415 2832 ipsi.-
438 2798 486 2822 est
503 2794 677 2832 prreseutia
691 2803 761 2828 sna,
786 2799 963 2833 praesentes

266 2846 341 2865 cum
366 2841 501 2872 agerent
525 2845 669 2870 causam,
694 2835 780 2874 quod
802 2836 964 2865 efficacius

266 2879 335 2909 fore
349 2881 520 2919 putarant,
537 2887 635 2917 (nram
649 2878 675 2908 si
700 2888 757 2919 per
771 2878 896 2917 legatos
914 2888 962 2909 res

1008 2544 1172 2580 ageretur.

1051 2586 1090 2616 79
1114 2584 1225 2620 large:
1264 2583 1329 2612 Izoez·
1356 2581 1402 2611 ad
1428 2588 1525 2610 usum
1555 2579 1686 2609 domest.
1691 2577 1706 2618 ]

1010 2624 1091 2654 Hcec
1113 2624 1258 2654 ostendit
1273 2624 1326 2653 hic
1340 2634 1357 2651 x
1362 2623 1426 2652 iros
1441 2621 1567 2657 doctos,
1582 2621 1674 2651 οῐιιίει
1668 2622 1710 2650 t-

1008 2677 1036 2705 qi
1041 2678 1069 2696 ie
1082 2667 1131 2697 ed.
1148 2667 1222 2696 Ald.
1245 2666 1328 2705 Nep.
1345 2675 1411 2694 non
1436 2664 1470 2693 P.
1488 2664 1679 2694 Manutius'
1674 2672 1710 2693 ιῐι

1007 2709 1057 2739 cd.
1073 2719 1138 2739 sun.
1179 2709 1262 2738 Sane
1277 2710 1342 2737 laec
1355 2707 1484 2737 videtur
1499 2705 1589 2736 aliud
1604 2713 1707 2744 genus

1005 2752 1168 2790 requirere
1207 2755 1280 2790 post
1317 2759 1361 2780 se.
1407 2748 1504 2778 Forte
1534 2749 1710 2787 interpun-

1005 2794 1114 2823 ctione
1127 2793 1156 2823 ei
1169 2792 1312 2823 succurri
1327 2795 1434 2832 potest
1447 2802 1453 2819 :
1470 2790 1580 2821 Mittit
1592 2791 1624 2820 h.
1635 2798 1708 2822 mu·

1006 2845 1086 2866 uera
1101 2837 1182 2867 satis
1198 2837 1291 2874 large
1306 2835 1371 2865 hece
1385 2833 1430 2864 ad
1444 2842 1476 2864 ιι.
1494 2833 1524 2864 cl.
