<?xml version="1.0" encoding="UTF-8"?>
<!DOCTYPE html PUBLIC "-//W3C//DTD XHTML 1.0 Transitional//EN"
    "http://www.w3.org/TR/xhtml1/DTD/xhtml1-transitional.dtd">
<html xmlns="http://www.w3.org/1999/xhtml" xml:lang="en" lang="en">
 <head>
  <title>
</title>
<meta http-equiv="Content-Type" content="text/html;charset=utf-8" />
  <meta name='ocr-system' content='tesseract 3.04.00' />
  <meta name='ocr-capabilities' content='ocr_page ocr_carea ocr_par ocr_line ocrx_word'/>
</head>
<body>
  <div class='ocr_page' id='page_1' title='image "./p1operaomnia02ciceuoft_0516.png"; bbox 0 0 1907 3231; ppageno 0'>
   <div class='ocr_carea' id='block_1_1' title="bbox 344 118 1299 159">
    <p class='ocr_par' dir='ltr' id='par_1_1' title="bbox 344 118 1299 159">
     <span class='ocr_line' id='line_1_1' title="bbox 344 118 1299 159; baseline 0.003 -6"><span class='ocrx_word' id='word_1_1' title='bbox 344 118 423 154; x_wconf 69' lang='lat'>492</span> <span class='ocrx_word' id='word_1_2' title='bbox 986 120 1239 159; x_wconf 73' lang='lat' dir='ltr'>oRATm</span> <span class='ocrx_word' id='word_1_3' title='bbox 1296 123 1299 125; x_wconf 44' lang='lat'>&gt;</span> 
     </span>
    </p>
   </div>
   <div class='ocr_carea' id='block_1_2' title="bbox 258 219 1779 2403">
    <p class='ocr_par' dir='ltr' id='par_1_2' title="bbox 258 219 1779 2403">
     <span class='ocr_line' id='line_1_2' title="bbox 344 219 1779 280; baseline 0.006 -21"><span class='ocrx_word' id='word_1_4' title='bbox 344 228 490 262; x_wconf 81' lang='lat' dir='ltr'>tamen</span> <span class='ocrx_word' id='word_1_5' title='bbox 510 219 595 264; x_wconf 81' lang='lat' dir='ltr'>hoc</span> <span class='ocrx_word' id='word_1_6' title='bbox 613 222 732 265; x_wconf 83' lang='lat' dir='ltr'>aditu</span> <span class='ocrx_word' id='word_1_7' title='bbox 753 223 905 276; x_wconf 87' lang='lat' dir='ltr'>laudis,</span> <span class='ocrx_word' id='word_1_8' title='bbox 935 224 1009 279; x_wconf 90' lang='lat' dir='ltr'>qui</span> <span class='ocrx_word' id='word_1_9' title='bbox 1033 227 1200 279; x_wconf 78' lang='lat' dir='ltr'>&#39;semper</span> <span class='ocrx_word' id='word_1_10' title='bbox 1220 222 1390 279; x_wconf 84' lang='lat' dir='ltr'>optimo</span> <span class='ocrx_word' id='word_1_11' title='bbox 1412 223 1570 280; x_wconf 85' lang='lat' dir='ltr'>cuique</span> <span class='ocrx_word' id='word_1_12' title='bbox 1589 226 1779 268; x_wconf 75' lang='lat' dir='ltr'>maxime</span> 
     </span>
     <span class='ocr_line' id='line_1_3' title="bbox 342 278 1777 332; baseline 0.005 -14"><span class='ocrx_word' id='word_1_13' title='bbox 342 278 499 332; x_wconf 72' lang='lat' dir='ltr'>patuit,</span> <span class='ocrx_word' id='word_1_14' title='bbox 536 289 747 322; x_wconf 75' lang='lat' dir='ltr'>non1·mea</span> <span class='ocrx_word' id='word_1_15' title='bbox 780 296 848 322; x_wconf 88' lang='lat' dir='ltr'>me</span> <span class='ocrx_word' id='word_1_16' title='bbox 876 281 1089 330; x_wconf 86' lang='lat' dir='ltr'>voluntas,</span> <span class='ocrx_word' id='word_1_17' title='bbox 1108 280 1334 322; x_wconf 84' lang='lat' dir='ltr'>··sed·meae</span> <span class='ocrx_word' id='word_1_18' title='bbox 1367 281 1470 323; x_wconf 80' lang='lat' dir='ltr'>vitae</span> <span class='ocrx_word' id='word_1_19' title='bbox 1504 283 1691 325; x_wconf 82' lang='lat' dir='ltr'>rationes</span> <span class='ocrx_word' id='word_1_20' title='bbox 1719 285 1777 325; x_wconf 76' lang='lat' dir='ltr'>ab</span> 
     </span>
     <span class='ocr_line' id='line_1_4' title="bbox 339 334 1778 393; baseline 0.006 -19"><span class='ocrx_word' id='word_1_21' title='bbox 339 334 518 378; x_wconf 83' lang='lat' dir='ltr'>ineunte</span> <span class='ocrx_word' id='word_1_22' title='bbox 553 345 682 379; x_wconf 82' lang='lat' dir='ltr'>aetate</span> <span class='ocrx_word' id='word_1_23' title='bbox 710 346 938 393; x_wconf 86' lang='lat' dir='ltr'>susceptae,</span> <span class='ocrx_word' id='word_1_24' title='bbox 959 336 1301 393; x_wconf 83' lang='lat' dir='ltr'>prohibuerunt.</span> <span class='ocrx_word' id='word_1_25' title='bbox 1362 339 1490 390; x_wconf 83' lang='lat' dir='ltr'>Nam,</span> <span class='ocrx_word' id='word_1_26' title='bbox 1524 353 1631 380; x_wconf 89' lang='lat' dir='ltr'>cum·</span> <span class='ocrx_word' id='word_1_27' title='bbox 1651 349 1778 382; x_wconf 78' lang='lat' dir='ltr'>antea</span> 
     </span>
     <span class='ocr_line' id='line_1_5' title="bbox 339 394 1777 452; baseline 0.005 -20"><span class='ocrx_word' id='word_1_28' title='bbox 339 402 419 447; x_wconf 87' lang='lat' dir='ltr'>per</span> <span class='ocrx_word' id='word_1_29' title='bbox 439 402 612 436; x_wconf 84' lang='lat' dir='ltr'>aetatem</span> <span class='ocrx_word' id='word_1_30' title='bbox 636 396 829 435; x_wconf 87' lang='lat' dir='ltr'>nondum</span> <span class='ocrx_word' id='word_1_31' title='bbox 852 394 980 448; x_wconf 79' lang='lat' dir='ltr'>hujus</span> <span class='ocrx_word' id='word_1_32' title='bbox 1003 394 1304 436; x_wconf 83' lang='lat' dir='ltr'>auctoritatem</span> <span class='ocrx_word' id='word_1_33' title='bbox 1328 394 1410 436; x_wconf 92' lang='lat' dir='ltr'>loci</span> <span class='ocrx_word' id='word_1_34' title='bbox 1438 397 1777 452; x_wconf 74' lang='lat' dir='ltr'>lattingereau-</span> 
     </span>
     <span class='ocr_line' id='line_1_6' title="bbox 338 449 1774 510; baseline 0.005 -21"><span class='ocrx_word' id='word_1_35' title='bbox 338 449 511 502; x_wconf 81' lang='lat' dir='ltr'>der-em3</span> <span class='ocrx_word' id='word_1_36' title='bbox 543 461 872 505; x_wconf 80' lang='lat' dir='ltr'>statueremque,</span> <span class='ocrx_word' id='word_1_37' title='bbox 914 450 1023 491; x_wconf 78' lang='lat' dir='ltr'>nihil</span> <span class='ocrx_word' id='word_1_38' title='bbox 1056 450 1155 501; x_wconf 89' lang='lat' dir='ltr'>huc,</span> <span class='ocrx_word' id='word_1_39' title='bbox 1193 452 1547 508; x_wconf 63' lang='lat' dir='ltr'>nisi-,perfectum</span> <span class='ocrx_word' id='word_1_40' title='bbox 1582 455 1774 510; x_wconf 82' lang='lat' dir='ltr'>ingenio,</span> 
     </span>
     <span class='ocr_line' id='line_1_7' title="bbox 338 505 1772 568; baseline 0.005 -22"><span class='ocrx_word' id='word_1_41' title='bbox 338 505 604 549; x_wconf 87' lang='lat' dir='ltr'>elaboratum</span> <span class='ocrx_word' id='word_1_42' title='bbox 628 509 849 558; x_wconf 84' lang='lat' dir='ltr'>industria,</span> <span class='ocrx_word' id='word_1_43' title='bbox 872 507 1013 549; x_wconf 85' lang='lat' dir='ltr'>afferri</span> <span class='ocrx_word' id='word_1_44' title='bbox 1035 515 1258 563; x_wconf 82' lang='lat' dir='ltr'>oportere:</span> <span class='ocrx_word' id='word_1_45' title='bbox 1289 523 1416 551; x_wconf 89' lang='lat' dir='ltr'>omne</span> <span class='ocrx_word' id='word_1_46' title='bbox 1438 525 1580 552; x_wconf 90' lang='lat' dir='ltr'>meum</span> <span class='ocrx_word' id='word_1_47' title='bbox 1602 521 1772 568; x_wconf 71' lang='lat' dir='ltr'>tempus</span> 
     </span>
     <span class='ocr_line' id='line_1_8' title="bbox 300 564 1773 625; baseline 0.002 -17"><span class='ocrx_word' id='word_1_48' title='bbox 300 564 575 608; x_wconf 62' lang='lat' dir='ltr'>amnicorum</span> <span class='ocrx_word' id='word_1_49' title='bbox 609 565 874 620; x_wconf 86' lang='lat' dir='ltr'>temporibus</span> <span class='ocrx_word' id='word_1_50' title='bbox 905 565 1284 606; x_wconf 87' lang='lat' dir='ltr'>transmittendum</span> <span class='ocrx_word' id='word_1_51' title='bbox 1311 567 1475 622; x_wconf 88' lang='lat' dir='ltr'>putavi.</span> <span class='ocrx_word' id='word_1_52' title='bbox 1537 568 1606 610; x_wconf 86' lang='lat' dir='ltr'>Ita</span> <span class='ocrx_word' id='word_1_53' title='bbox 1632 583 1773 625; x_wconf 82' lang='lat' dir='ltr'>neque</span> 
     </span>
     <span class='ocr_line' id='line_1_9' title="bbox 337 619 1772 678; baseline 0.006 -18"><span class='ocrx_word' id='word_1_54' title='bbox 337 619 409 662; x_wconf 79' lang='lat' dir='ltr'>hic</span> <span class='ocrx_word' id='word_1_55' title='bbox 432 621 548 663; x_wconf 87' lang='lat' dir='ltr'>locus</span> <span class='ocrx_word' id='word_1_56' title='bbox 571 624 590 653; x_wconf 76' lang='lat'><strong>2</strong></span> <span class='ocrx_word' id='word_1_57' title='bbox 605 636 763 662; x_wconf 81' lang='lat' dir='ltr'>vacuus</span> <span class='ocrx_word' id='word_1_58' title='bbox 787 635 990 677; x_wconf 86' lang='lat' dir='ltr'>uinquam</span> <span class='ocrx_word' id='word_1_59' title='bbox 1011 622 1097 663; x_wconf 89' lang='lat' dir='ltr'>fuit</span> <span class='ocrx_word' id='word_1_60' title='bbox 1117 624 1172 664; x_wconf 82' lang='lat' dir='ltr'>ab</span> <span class='ocrx_word' id='word_1_61' title='bbox 1203 622 1269 673; x_wconf 89' lang='lat' dir='ltr'>iis,</span> <span class='ocrx_word' id='word_1_62' title='bbox 1291 623 1365 678; x_wconf 90' lang='lat' dir='ltr'>qui</span> <span class='ocrx_word' id='word_1_63' title='bbox 1391 633 1572 667; x_wconf 86' lang='lat' dir='ltr'>vestram</span> <span class='ocrx_word' id='word_1_64' title='bbox 1599 640 1772 668; x_wconf 85' lang='lat' dir='ltr'>causam</span> 
     </span>
     <span class='ocr_line' id='line_1_10' title="bbox 331 678 1770 737; baseline 0.006 -19"><span class='ocrx_word' id='word_1_65' title='bbox 331 678 635 720; x_wconf 87' lang='lat' dir='ltr'>defenderent:</span> <span class='ocrx_word' id='word_1_66' title='bbox 668 688 711 719; x_wconf 88' lang='lat' dir='ltr'>et</span> <span class='ocrx_word' id='word_1_67' title='bbox 741 693 861 720; x_wconf 87' lang='lat' dir='ltr'>meus</span> <span class='ocrx_word' id='word_1_68' title='bbox 893 679 1029 731; x_wconf 89' lang='lat' dir='ltr'>labor,</span> <span class='ocrx_word' id='word_1_69' title='bbox 1051 680 1095 720; x_wconf 89' lang='lat' dir='ltr'>in</span> <span class='ocrx_word' id='word_1_70' title='bbox 1124 680 1403 736; x_wconf 86' lang='lat' dir='ltr'>privatorum·</span> <span class='ocrx_word' id='word_1_71' title='bbox 1423 682 1770 737; x_wconf 73' lang='lat' dir='ltr'>periculiscaste</span> 
     </span>
     <span class='ocr_line' id='line_1_11' title="bbox 331 735 1768 797; baseline 0.005 -22"><span class='ocrx_word' id='word_1_72' title='bbox 331 735 584 791; x_wconf 82' lang='lat' dir='ltr'>integreque</span> <span class='ocrx_word' id='word_1_73' title='bbox 606 745 812 789; x_wconf 86' lang='lat' dir='ltr'>versatus,</span> <span class='ocrx_word' id='word_1_74' title='bbox 834 751 889 777; x_wconf 81' lang='lat' dir='ltr'>ex</span> <span class='ocrx_word' id='word_1_75' title='bbox 913 746 1055 779; x_wconf 81' lang='lat' dir='ltr'>vestro</span> <span class='ocrx_word' id='word_1_76' title='bbox 1071 737 1242 793; x_wconf 81' lang='lat' dir='ltr'>judicio</span> <span class='ocrx_word' id='word_1_77' title='bbox 1276 737 1465 779; x_wconf 86' lang='lat' dir='ltr'>fructum</span> <span class='ocrx_word' id='word_1_78' title='bbox 1497 748 1563 780; x_wconf 88' lang='lat' dir='ltr'>est</span> <span class='ocrx_word' id='word_1_79' title='bbox 1587 741 1768 797; x_wconf 56' lang='lat' dir='ltr'>*amplis-</span> 
     </span>
     <span class='ocr_line' id='line_1_12' title="bbox 330 792 1768 851; baseline 0.004 -19"><span class='ocrx_word' id='word_1_80' title='bbox 330 792 487 833; x_wconf 87' lang='lat' dir='ltr'>simum</span> <span class='ocrx_word' id='word_1_81' title='bbox 506 802 779 835; x_wconf 85' lang='lat' dir='ltr'>consecutus.</span> <span class='ocrx_word' id='word_1_82' title='bbox 841 794 955 836; x_wconf 79' lang='lat' dir='ltr'>Nam</span> <span class='ocrx_word' id='word_1_83' title='bbox 977 809 1090 846; x_wconf 87' lang='lat' dir='ltr'>cum,</span> <span class='ocrx_word' id='word_1_84' title='bbox 1114 798 1319 851; x_wconf 77' lang='lat' dir='ltr'>3propter</span> <span class='ocrx_word' id='word_1_85' title='bbox 1350 795 1611 838; x_wconf 56' lang='lat' dir='ltr'>dilationem&gt;</span> <span class='ocrx_word' id='word_1_86' title='bbox 1633 799 1768 839; x_wconf 68' lang='lat' dir='ltr'>comi-</span> 
     </span>
     <span class='ocr_line' id='line_1_13' title="bbox 329 849 1766 907; baseline 0.004 -18"><span class='ocrx_word' id='word_1_87' title='bbox 329 849 503 901; x_wconf 83' lang='lat' dir='ltr'>tiorum,</span> <span class='ocrx_word' id='word_1_88' title='bbox 536 861 601 892; x_wconf 86' lang='lat' dir='ltr'>ter</span> <span class='ocrx_word' id='word_1_89' title='bbox 641 860 802 907; x_wconf 88' lang='lat' dir='ltr'>praetor</span> <span class='ocrx_word' id='word_1_90' title='bbox 843 852 1006 907; x_wconf 87' lang='lat' dir='ltr'>primus</span> <span class='ocrx_word' id='word_1_91' title='bbox 1044 853 1248 893; x_wconf 87' lang='lat' dir='ltr'>centuriis</span> <span class='ocrx_word' id='word_1_92' title='bbox 1289 854 1458 894; x_wconf 89' lang='lat' dir='ltr'>cunctis</span> <span class='ocrx_word' id='word_1_93' title='bbox 1497 855 1766 896; x_wconf 83' lang='lat' dir='ltr'>renuntiatus</span> 
     </span>
     <span class='ocr_line' id='line_1_14' title="bbox 327 907 1766 966; baseline 0.003 -18"><span class='ocrx_word' id='word_1_94' title='bbox 327 920 437 958; x_wconf 82' lang='lat' dir='ltr'>sum,</span> <span class='ocrx_word' id='word_1_95' title='bbox 467 907 593 950; x_wconf 86' lang='lat' dir='ltr'>facile</span> <span class='ocrx_word' id='word_1_96' title='bbox 614 909 824 960; x_wconf 82' lang='lat' dir='ltr'>intellexi,</span> <span class='ocrx_word' id='word_1_97' title='bbox 848 910 1056 960; x_wconf 81' lang='lat' dir='ltr'>Quirites,</span> <span class='ocrx_word' id='word_1_98' title='bbox 1083 919 1127 951; x_wconf 88' lang='lat' dir='ltr'>et</span> <span class='ocrx_word' id='word_1_99' title='bbox 1148 910 1252 965; x_wconf 90' lang='lat' dir='ltr'>quid</span> <span class='ocrx_word' id='word_1_100' title='bbox 1274 910 1326 950; x_wconf 88' lang='lat' dir='ltr'>de</span> <span class='ocrx_word' id='word_1_101' title='bbox 1347 925 1416 951; x_wconf 88' lang='lat' dir='ltr'>me</span> <span class='ocrx_word' id='word_1_102' title='bbox 1430 910 1701 966; x_wconf 76' lang='lat' dir='ltr'>judicaretiS,</span> <span class='ocrx_word' id='word_1_103' title='bbox 1721 922 1766 954; x_wconf 83' lang='lat' dir='ltr'>et</span> 
     </span>
     <span class='ocr_line' id='line_1_15' title="bbox 325 964 1761 1022; baseline 0.003 -17"><span class='ocrx_word' id='word_1_104' title='bbox 325 964 427 1018; x_wconf 86' lang='lat' dir='ltr'>quid</span> <span class='ocrx_word' id='word_1_105' title='bbox 458 965 550 1006; x_wconf 85' lang='lat' dir='ltr'>aliis</span> <span class='ocrx_word' id='word_1_106' title='bbox 574 967 922 1022; x_wconf 79' lang='lat' dir='ltr'>praescriberetis.</span> <span class='ocrx_word' id='word_1_107' title='bbox 986 967 1115 1008; x_wconf 84' lang='lat' dir='ltr'>Nunc</span> <span class='ocrx_word' id='word_1_108' title='bbox 1137 982 1236 1008; x_wconf 90' lang='lat' dir='ltr'>cum</span> <span class='ocrx_word' id='word_1_109' title='bbox 1266 978 1310 1008; x_wconf 88' lang='lat' dir='ltr'>et</span> <span class='ocrx_word' id='word_1_110' title='bbox 1333 968 1603 1009; x_wconf 82' lang='lat' dir='ltr'>auctoritatis</span> <span class='ocrx_word' id='word_1_111' title='bbox 1626 969 1669 1010; x_wconf 89' lang='lat' dir='ltr'>in</span> <span class='ocrx_word' id='word_1_112' title='bbox 1691 984 1761 1011; x_wconf 90' lang='lat' dir='ltr'>me</span> 
     </span>
     <span class='ocr_line' id='line_1_16' title="bbox 324 1023 1761 1078; baseline 0.004 -16"><span class='ocrx_word' id='word_1_113' title='bbox 324 1030 493 1063; x_wconf 84' lang='lat' dir='ltr'>tantum</span> <span class='ocrx_word' id='word_1_114' title='bbox 519 1023 588 1074; x_wconf 88' lang='lat' dir='ltr'>sit,</span> <span class='ocrx_word' id='word_1_115' title='bbox 611 1032 820 1078; x_wconf 88' lang='lat' dir='ltr'>quantum</span> <span class='ocrx_word' id='word_1_116' title='bbox 845 1039 918 1065; x_wconf 82' lang='lat' dir='ltr'>vos</span> <span class='ocrx_word' id='word_1_117' title='bbox 941 1023 1208 1065; x_wconf 82' lang='lat' dir='ltr'>4honoribus</span> <span class='ocrx_word' id='word_1_118' title='bbox 1239 1025 1493 1066; x_wconf 81' lang='lat' dir='ltr'>mandandis</span> <span class='ocrx_word' id='word_1_119' title='bbox 1524 1041 1616 1067; x_wconf 83' lang='lat' dir='ltr'>esse</span> <span class='ocrx_word' id='word_1_120' title='bbox 1639 1027 1761 1068; x_wconf 88' lang='lat' dir='ltr'>volu-</span> 
     </span>
     <span class='ocr_line' id='line_1_17' title="bbox 323 1077 1761 1138; baseline 0.005 -20"><span class='ocrx_word' id='word_1_121' title='bbox 323 1077 438 1121; x_wconf 83' lang='lat' dir='ltr'>istis:</span> <span class='ocrx_word' id='word_1_122' title='bbox 471 1090 513 1120; x_wconf 87' lang='lat' dir='ltr'>et</span> <span class='ocrx_word' id='word_1_123' title='bbox 549 1081 601 1122; x_wconf 90' lang='lat' dir='ltr'>ad</span> <span class='ocrx_word' id='word_1_124' title='bbox 635 1082 851 1137; x_wconf 81' lang='lat' dir='ltr'>agendum</span> <span class='ocrx_word' id='word_1_125' title='bbox 881 1081 1097 1122; x_wconf 79' lang='lat' dir='ltr'>facultatis</span> <span class='ocrx_word' id='word_1_126' title='bbox 1135 1091 1319 1133; x_wconf 84' lang='lat' dir='ltr'>tantum,</span> <span class='ocrx_word' id='word_1_127' title='bbox 1349 1092 1558 1138; x_wconf 84' lang='lat' dir='ltr'>quantum</span> <span class='ocrx_word' id='word_1_128' title='bbox 1594 1084 1761 1126; x_wconf 87' lang='lat' dir='ltr'>homini</span> 
     </span>
     <span class='ocr_line' id='line_1_18' title="bbox 322 1136 1763 1195; baseline 0.004 -19"><span class='ocrx_word' id='word_1_129' title='bbox 322 1136 519 1191; x_wconf 81' lang='lat' dir='ltr'>vigilanti</span> <span class='ocrx_word' id='word_1_130' title='bbox 543 1153 596 1179; x_wconf 86' lang='lat' dir='ltr'>ex</span> <span class='ocrx_word' id='word_1_131' title='bbox 621 1138 779 1180; x_wconf 87' lang='lat' dir='ltr'>forensi</span> <span class='ocrx_word' id='word_1_132' title='bbox 802 1154 881 1179; x_wconf 80' lang='lat' dir='ltr'>usu</span> <span class='ocrx_word' id='word_1_133' title='bbox 914 1154 1049 1195; x_wconf 86' lang='lat' dir='ltr'>prope</span> <span class='ocrx_word' id='word_1_134' title='bbox 1071 1139 1325 1194; x_wconf 82' lang='lat' dir='ltr'>quotidiana</span> <span class='ocrx_word' id='word_1_135' title='bbox 1356 1141 1527 1181; x_wconf 84' lang='lat' dir='ltr'>dicendi</span> <span class='ocrx_word' id='word_1_136' title='bbox 1550 1142 1763 1183; x_wconf 83' lang='lat' dir='ltr'>exercita-</span> 
     </span>
     <span class='ocr_line' id='line_1_19' title="bbox 322 1193 1760 1251; baseline 0.005 -18"><span class='ocrx_word' id='word_1_137' title='bbox 322 1193 383 1234; x_wconf 86' lang='lat' dir='ltr'>tio</span> <span class='ocrx_word' id='word_1_138' title='bbox 405 1195 549 1250; x_wconf 86' lang='lat' dir='ltr'>potuit</span> <span class='ocrx_word' id='word_1_139' title='bbox 571 1195 745 1238; x_wconf 83' lang='lat' dir='ltr'>afferre:</span> <span class='ocrx_word' id='word_1_140' title='bbox 777 1210 906 1247; x_wconf 78' lang='lat' dir='ltr'>certe,</span> <span class='ocrx_word' id='word_1_141' title='bbox 930 1205 986 1247; x_wconf 90' lang='lat' dir='ltr'>et,</span> <span class='ocrx_word' id='word_1_142' title='bbox 1011 1197 1045 1237; x_wconf 88' lang='lat' dir='ltr'>si</span> <span class='ocrx_word' id='word_1_143' title='bbox 1067 1197 1170 1251; x_wconf 83' lang='lat' dir='ltr'>quid.</span> <span class='ocrx_word' id='word_1_144' title='bbox 1203 1197 1472 1238; x_wconf 81' lang='lat' dir='ltr'>auctoritatis</span> <span class='ocrx_word' id='word_1_145' title='bbox 1504 1198 1546 1237; x_wconf 92' lang='lat' dir='ltr'>in</span> <span class='ocrx_word' id='word_1_146' title='bbox 1581 1213 1650 1239; x_wconf 85' lang='lat' dir='ltr'>me</span> <span class='ocrx_word' id='word_1_147' title='bbox 1680 1209 1760 1251; x_wconf 86' lang='lat' dir='ltr'>est,</span> 
     </span>
     <span class='ocr_line' id='line_1_20' title="bbox 318 1253 1760 1310; baseline 0.006 -20"><span class='ocrx_word' id='word_1_148' title='bbox 318 1264 368 1291; x_wconf 87' lang='lat' dir='ltr'>ea</span> <span class='ocrx_word' id='word_1_149' title='bbox 389 1253 503 1308; x_wconf 85' lang='lat' dir='ltr'>apud</span> <span class='ocrx_word' id='word_1_150' title='bbox 525 1268 597 1294; x_wconf 86' lang='lat' dir='ltr'>eos</span> <span class='ocrx_word' id='word_1_151' title='bbox 621 1262 730 1305; x_wconf 81' lang='lat' dir='ltr'>utar,</span> <span class='ocrx_word' id='word_1_152' title='bbox 752 1254 824 1310; x_wconf 88' lang='lat' dir='ltr'>qui</span> <span class='ocrx_word' id='word_1_153' title='bbox 849 1269 943 1295; x_wconf 85' lang='lat' dir='ltr'>earn</span> <span class='ocrx_word' id='word_1_154' title='bbox 965 1254 1071 1294; x_wconf 87' lang='lat' dir='ltr'>mihi</span> <span class='ocrx_word' id='word_1_155' title='bbox 1095 1254 1333 1295; x_wconf 78' lang='lat' dir='ltr'>dederunt:</span> <span class='ocrx_word' id='word_1_156' title='bbox 1366 1264 1424 1304; x_wconf 82' lang='lat' dir='ltr'>et,</span> <span class='ocrx_word' id='word_1_157' title='bbox 1448 1254 1482 1295; x_wconf 89' lang='lat' dir='ltr'>si</span> <span class='ocrx_word' id='word_1_158' title='bbox 1504 1255 1607 1309; x_wconf 90' lang='lat' dir='ltr'>quid</span> <span class='ocrx_word' id='word_1_159' title='bbox 1626 1257 1760 1300; x_wconf 81' lang='lat' dir='ltr'>etiam</span> 
     </span>
     <span class='ocr_line' id='line_1_21' title="bbox 316 1308 1758 1368; baseline 0.003 -18"><span class='ocrx_word' id='word_1_160' title='bbox 316 1308 501 1351; x_wconf 88' lang='lat' dir='ltr'>dicendo</span> <span class='ocrx_word' id='word_1_161' title='bbox 524 1312 729 1366; x_wconf 87' lang='lat' dir='ltr'>consequi</span> <span class='ocrx_word' id='word_1_162' title='bbox 760 1326 949 1367; x_wconf 87' lang='lat' dir='ltr'>possum,</span> <span class='ocrx_word' id='word_1_163' title='bbox 972 1311 1023 1352; x_wconf 87' lang='lat' dir='ltr'>iis</span> <span class='ocrx_word' id='word_1_164' title='bbox 1057 1312 1281 1352; x_wconf 86' lang='lat' dir='ltr'>ostendam</span> <span class='ocrx_word' id='word_1_165' title='bbox 1312 1312 1600 1368; x_wconf 85' lang='lat' dir='ltr'>potissimum,</span> <span class='ocrx_word' id='word_1_166' title='bbox 1623 1314 1695 1368; x_wconf 92' lang='lat' dir='ltr'>qui</span> <span class='ocrx_word' id='word_1_167' title='bbox 1718 1314 1758 1356; x_wconf 91' lang='lat' dir='ltr'>ei</span> 
     </span>
     <span class='ocr_line' id='line_1_22' title="bbox 271 1368 1757 1431; baseline 0.001 -21"><span class='ocrx_word' id='word_1_168' title='bbox 271 1381 303 1410; x_wconf 83' lang='lat' dir='ltr'>b.</span> <span class='ocrx_word' id='word_1_169' title='bbox 317 1381 488 1422; x_wconf 87' lang='lat' dir='ltr'>quoque</span> <span class='ocrx_word' id='word_1_170' title='bbox 509 1369 568 1408; x_wconf 89' lang='lat' dir='ltr'>rei</span> <span class='ocrx_word' id='word_1_171' title='bbox 592 1368 781 1410; x_wconf 81' lang='lat' dir='ltr'>fructum</span> <span class='ocrx_word' id='word_1_172' title='bbox 801 1384 876 1409; x_wconf 82' lang='lat' dir='ltr'>suo</span> <span class='ocrx_word' id='word_1_173' title='bbox 893 1369 1063 1431; x_wconf 71' lang='lat' dir='ltr'>judicio</span> <span class='ocrx_word' id='word_1_174' title='bbox 1083 1369 1358 1410; x_wconf 86' lang='lat' dir='ltr'>tribuendum</span> <span class='ocrx_word' id='word_1_175' title='bbox 1375 1384 1465 1410; x_wconf 85' lang='lat' dir='ltr'>esse</span> <span class='ocrx_word' id='word_1_176' title='bbox 1483 1381 1757 1413; x_wconf 88' lang='lat' dir='ltr'>censuerunt.</span> 
     </span>
     <span class='ocr_line' id='line_1_23' title="bbox 277 1422 1757 1483; baseline 0.005 -21"><span class='ocrx_word' id='word_1_177' title='bbox 277 1422 460 1479; x_wconf 87' lang='lat' dir='ltr'>3Atque</span> <span class='ocrx_word' id='word_1_178' title='bbox 483 1425 585 1466; x_wconf 91' lang='lat' dir='ltr'>illud</span> <span class='ocrx_word' id='word_1_179' title='bbox 609 1427 650 1466; x_wconf 91' lang='lat' dir='ltr'>in</span> <span class='ocrx_word' id='word_1_180' title='bbox 676 1427 824 1482; x_wconf 79' lang='lat' dir='ltr'>primis</span> <span class='ocrx_word' id='word_1_181' title='bbox 847 1426 952 1467; x_wconf 81' lang='lat' dir='ltr'>mihi</span> <span class='ocrx_word' id='word_1_182' title='bbox 984 1426 1217 1467; x_wconf 73' lang='lat' dir='ltr'>laetandum</span> <span class='ocrx_word' id='word_1_183' title='bbox 1234 1427 1335 1481; x_wconf 86' lang='lat' dir='ltr'>jure</span> <span class='ocrx_word' id='word_1_184' title='bbox 1363 1441 1454 1469; x_wconf 85' lang='lat' dir='ltr'>esse</span> <span class='ocrx_word' id='word_1_185' title='bbox 1478 1427 1617 1478; x_wconf 87' lang='lat' dir='ltr'>video,</span> <span class='ocrx_word' id='word_1_186' title='bbox 1639 1429 1757 1483; x_wconf 89' lang='lat' dir='ltr'>quod</span> 
     </span>
     <span class='ocr_line' id='line_1_24' title="bbox 314 1481 1753 1535; baseline 0.003 -13"><span class='ocrx_word' id='word_1_187' title='bbox 314 1481 359 1521; x_wconf 89' lang='lat' dir='ltr'>in</span> <span class='ocrx_word' id='word_1_188' title='bbox 382 1482 463 1524; x_wconf 83' lang='lat' dir='ltr'>hac</span> <span class='ocrx_word' id='word_1_189' title='bbox 485 1483 658 1524; x_wconf 86' lang='lat' dir='ltr'>insolita</span> <span class='ocrx_word' id='word_1_190' title='bbox 681 1483 786 1524; x_wconf 87' lang='lat' dir='ltr'>mihi</span> <span class='ocrx_word' id='word_1_191' title='bbox 808 1498 863 1524; x_wconf 79' lang='lat' dir='ltr'>ex</span> <span class='ocrx_word' id='word_1_192' title='bbox 887 1484 968 1525; x_wconf 82' lang='lat' dir='ltr'>lioc</span> <span class='ocrx_word' id='word_1_193' title='bbox 991 1484 1086 1524; x_wconf 90' lang='lat' dir='ltr'>loco</span> <span class='ocrx_word' id='word_1_194' title='bbox 1111 1484 1276 1524; x_wconf 82' lang='lat' dir='ltr'>ratione</span> <span class='ocrx_word' id='word_1_195' title='bbox 1297 1484 1483 1535; x_wconf 89' lang='lat' dir='ltr'>dicendi,</span> <span class='ocrx_word' id='word_1_196' title='bbox 1505 1498 1636 1526; x_wconf 86' lang='lat' dir='ltr'>causa</span> <span class='ocrx_word' id='word_1_197' title='bbox 1656 1485 1753 1527; x_wconf 87' lang='lat' dir='ltr'>talis</span> 
     </span>
     <span class='ocr_line' id='line_1_25' title="bbox 312 1539 1753 1596; baseline 0.003 -16"><span class='ocrx_word' id='word_1_198' title='bbox 312 1539 457 1580; x_wconf 82' lang='lat' dir='ltr'>oblata</span> <span class='ocrx_word' id='word_1_199' title='bbox 477 1549 556 1593; x_wconf 88' lang='lat' dir='ltr'>est,</span> <span class='ocrx_word' id='word_1_200' title='bbox 579 1541 622 1581; x_wconf 91' lang='lat' dir='ltr'>in</span> <span class='ocrx_word' id='word_1_201' title='bbox 646 1556 731 1596; x_wconf 84' lang='lat' dir='ltr'>qua</span> <span class='ocrx_word' id='word_1_202' title='bbox 751 1541 889 1581; x_wconf 82' lang='lat' dir='ltr'>oratio</span> <span class='ocrx_word' id='word_1_203' title='bbox 912 1541 1056 1582; x_wconf 85' lang='lat' dir='ltr'>deesse</span> <span class='ocrx_word' id='word_1_204' title='bbox 1086 1541 1248 1581; x_wconf 87' lang='lat' dir='ltr'>nemini</span> <span class='ocrx_word' id='word_1_205' title='bbox 1284 1551 1442 1596; x_wconf 87' lang='lat' dir='ltr'>potest.</span> <span class='ocrx_word' id='word_1_206' title='bbox 1504 1541 1753 1584; x_wconf 82' lang='lat' dir='ltr'>Dicendum</span> 
     </span>
     <span class='ocr_line' id='line_1_26' title="bbox 310 1597 1752 1654; baseline 0.002 -18"><span class='ocrx_word' id='word_1_207' title='bbox 310 1605 375 1636; x_wconf 83' lang='lat' dir='ltr'>est</span> <span class='ocrx_word' id='word_1_208' title='bbox 395 1597 511 1638; x_wconf 90' lang='lat' dir='ltr'>enim</span> <span class='ocrx_word' id='word_1_209' title='bbox 542 1598 594 1638; x_wconf 88' lang='lat' dir='ltr'>de</span> <span class='ocrx_word' id='word_1_210' title='bbox 619 1598 701 1639; x_wconf 87' lang='lat' dir='ltr'>Cn.</span> <span class='ocrx_word' id='word_1_211' title='bbox 726 1598 924 1653; x_wconf 88' lang='lat' dir='ltr'>Pompeii</span> <span class='ocrx_word' id='word_1_212' title='bbox 949 1598 1155 1654; x_wconf 78' lang='lat' dir='ltr'>singulari</span> <span class='ocrx_word' id='word_1_213' title='bbox 1182 1599 1428 1654; x_wconf 80' lang='lat' dir='ltr'>eximiaque</span> <span class='ocrx_word' id='word_1_214' title='bbox 1457 1597 1639 1640; x_wconf 83' lang='lat' dir='ltr'>virtute:</span> <span class='ocrx_word' id='word_1_215' title='bbox 1673 1599 1752 1640; x_wconf 84' lang='lat' dir='ltr'>hu-</span> 
     </span>
     <span class='ocr_line' id='line_1_27' title="bbox 302 1653 1753 1712; baseline 0.004 -19"><span class='ocrx_word' id='word_1_216' title='bbox 302 1653 377 1708; x_wconf 80' lang='lat' dir='ltr'>jus</span> <span class='ocrx_word' id='word_1_217' title='bbox 407 1664 551 1695; x_wconf 85' lang='lat' dir='ltr'>autem</span> <span class='ocrx_word' id='word_1_218' title='bbox 574 1656 781 1696; x_wconf 79' lang='lat' dir='ltr'>orationis</span> <span class='ocrx_word' id='word_1_219' title='bbox 803 1655 1021 1696; x_wconf 79' lang='lat' dir='ltr'>difficilius</span> <span class='ocrx_word' id='word_1_220' title='bbox 1043 1666 1109 1696; x_wconf 87' lang='lat' dir='ltr'>est</span> <span class='ocrx_word' id='word_1_221' title='bbox 1130 1656 1312 1706; x_wconf 76' lang='lat' dir='ltr'>exitum,</span> <span class='ocrx_word' id='word_1_222' title='bbox 1335 1669 1465 1711; x_wconf 85' lang='lat' dir='ltr'>quam</span> <span class='ocrx_word' id='word_1_223' title='bbox 1488 1656 1753 1712; x_wconf 88' lang='lat' dir='ltr'>principium</span> 
     </span>
     <span class='ocr_line' id='line_1_28' title="bbox 310 1710 1752 1768; baseline 0.003 -17"><span class='ocrx_word' id='word_1_224' title='bbox 310 1710 516 1753; x_wconf 85' lang='lat' dir='ltr'>invenire.</span> <span class='ocrx_word' id='word_1_225' title='bbox 541 1713 600 1753; x_wconf 83' lang='lat' dir='ltr'>ita</span> <span class='ocrx_word' id='word_1_226' title='bbox 633 1712 740 1753; x_wconf 83' lang='lat' dir='ltr'>mihi</span> <span class='ocrx_word' id='word_1_227' title='bbox 769 1727 857 1754; x_wconf 86' lang='lat' dir='ltr'>non</span> <span class='ocrx_word' id='word_1_228' title='bbox 889 1722 976 1753; x_wconf 82' lang='lat' dir='ltr'>tam</span> <span class='ocrx_word' id='word_1_229' title='bbox 1009 1713 1151 1768; x_wconf 88' lang='lat' dir='ltr'>copia,</span> <span class='ocrx_word' id='word_1_230' title='bbox 1174 1728 1303 1768; x_wconf 87' lang='lat' dir='ltr'>quam</span> <span class='ocrx_word' id='word_1_231' title='bbox 1325 1713 1478 1754; x_wconf 87' lang='lat' dir='ltr'>modus</span> <span class='ocrx_word' id='word_1_232' title='bbox 1501 1714 1545 1753; x_wconf 93' lang='lat' dir='ltr'>in</span> <span class='ocrx_word' id='word_1_233' title='bbox 1567 1713 1752 1756; x_wconf 89' lang='lat' dir='ltr'>dicendo</span> 
     </span>
     <span class='ocr_line' id='line_1_29' title="bbox 309 1770 667 1823; baseline 0.008 -14"><span class='ocrx_word' id='word_1_234' title='bbox 309 1770 564 1823; x_wconf 79' lang='lat' dir='ltr'>quaerendus</span> <span class='ocrx_word' id='word_1_235' title='bbox 587 1779 667 1813; x_wconf 83' lang='lat' dir='ltr'>est.</span> 
     </span>
     <span class='ocr_line' id='line_1_30' title="bbox 261 1825 1754 1884; baseline 0.003 -18"><span class='ocrx_word' id='word_1_236' title='bbox 261 1826 294 1873; x_wconf 73' lang='lat'>2</span> <span class='ocrx_word' id='word_1_237' title='bbox 365 1825 526 1882; x_wconf 86' lang='lat' dir='ltr'>Atque,</span> <span class='ocrx_word' id='word_1_238' title='bbox 548 1836 596 1868; x_wconf 86' lang='lat' dir='ltr'>ut</span> <span class='ocrx_word' id='word_1_239' title='bbox 618 1827 718 1869; x_wconf 89' lang='lat' dir='ltr'>inde</span> <span class='ocrx_word' id='word_1_240' title='bbox 736 1828 875 1869; x_wconf 86' lang='lat' dir='ltr'>oratio</span> <span class='ocrx_word' id='word_1_241' title='bbox 895 1842 992 1869; x_wconf 83' lang='lat' dir='ltr'>mea</span> <span class='ocrx_word' id='word_1_242' title='bbox 1012 1827 1328 1884; x_wconf 87' lang='lat' dir='ltr'>proficiscatur,</span> <span class='ocrx_word' id='word_1_243' title='bbox 1357 1826 1470 1868; x_wconf 91' lang='lat' dir='ltr'>unde</span> <span class='ocrx_word' id='word_1_244' title='bbox 1490 1826 1589 1870; x_wconf 82' lang='lat' dir='ltr'>haec</span> <span class='ocrx_word' id='word_1_245' title='bbox 1608 1827 1754 1870; x_wconf 74' lang='lat' dir='ltr'>omnis</span> 
     </span>
     <span class='ocr_line' id='line_1_31' title="bbox 270 1884 1750 1942; baseline 0.002 -19"><span class='ocrx_word' id='word_1_246' title='bbox 270 1897 435 1931; x_wconf 84' lang='lat' dir='ltr'>4causa</span> <span class='ocrx_word' id='word_1_247' title='bbox 467 1885 663 1927; x_wconf 80' lang='lat' dir='ltr'>ducitur:</span> <span class='ocrx_word' id='word_1_248' title='bbox 697 1885 855 1927; x_wconf 87' lang='lat' dir='ltr'>bellum</span> <span class='ocrx_word' id='word_1_249' title='bbox 889 1899 1019 1942; x_wconf 85' lang='lat' dir='ltr'>grave</span> <span class='ocrx_word' id='word_1_250' title='bbox 1049 1895 1092 1926; x_wconf 89' lang='lat' dir='ltr'>et</span> <span class='ocrx_word' id='word_1_251' title='bbox 1121 1884 1410 1942; x_wconf 86' lang='lat' dir='ltr'>periculosum</span> <span class='ocrx_word' id='word_1_252' title='bbox 1440 1885 1591 1925; x_wconf 81' lang='lat' dir='ltr'>vestris</span> <span class='ocrx_word' id='word_1_253' title='bbox 1614 1886 1750 1926; x_wconf 89' lang='lat' dir='ltr'>vecti-</span> 
     </span>
     <span class='ocr_line' id='line_1_32' title="bbox 304 1941 1747 1999; baseline 0.002 -18"><span class='ocrx_word' id='word_1_254' title='bbox 304 1941 473 1995; x_wconf 85' lang='lat' dir='ltr'>galibus</span> <span class='ocrx_word' id='word_1_255' title='bbox 496 1951 625 1998; x_wconf 87' lang='lat' dir='ltr'>atque</span> <span class='ocrx_word' id='word_1_256' title='bbox 654 1943 780 1984; x_wconf 85' lang='lat' dir='ltr'>sociis</span> <span class='ocrx_word' id='word_1_257' title='bbox 811 1959 835 1984; x_wconf 87' lang='lat' dir='ltr'>a</span> <span class='ocrx_word' id='word_1_258' title='bbox 865 1944 1034 1984; x_wconf 80' lang='lat' dir='ltr'>duobus</span> <span class='ocrx_word' id='word_1_259' title='bbox 1065 1942 1377 1999; x_wconf 81' lang='lat' dir='ltr'>potentissimis</span> <span class='ocrx_word' id='word_1_260' title='bbox 1407 1942 1582 1998; x_wconf 79' lang='lat' dir='ltr'>regibus</span> <span class='ocrx_word' id='word_1_261' title='bbox 1614 1941 1747 1984; x_wconf 82' lang='lat' dir='ltr'>infer-</span> 
     </span>
     <span class='ocr_line' id='line_1_33' title="bbox 299 1999 1746 2057; baseline 0.003 -20"><span class='ocrx_word' id='word_1_262' title='bbox 299 2005 385 2050; x_wconf 85' lang='lat' dir='ltr'>tur,</span> <span class='ocrx_word' id='word_1_263' title='bbox 409 1999 669 2042; x_wconf 86' lang='lat' dir='ltr'>Mithridate</span> <span class='ocrx_word' id='word_1_264' title='bbox 691 2010 735 2041; x_wconf 89' lang='lat' dir='ltr'>et</span> <span class='ocrx_word' id='word_1_265' title='bbox 755 2000 968 2057; x_wconf 81' lang='lat' dir='ltr'>Tigrane3</span> <span class='ocrx_word' id='word_1_266' title='bbox 999 2014 1183 2056; x_wconf 87' lang='lat' dir='ltr'>quorum</span> <span class='ocrx_word' id='word_1_267' title='bbox 1214 2000 1320 2041; x_wconf 82' lang='lat' dir='ltr'>alter</span> <span class='ocrx_word' id='word_1_268' title='bbox 1340 1999 1528 2051; x_wconf 80' lang='lat' dir='ltr'>relictus,</span> <span class='ocrx_word' id='word_1_269' title='bbox 1559 1999 1665 2040; x_wconf 83' lang='lat' dir='ltr'>alter</span> <span class='ocrx_word' id='word_1_270' title='bbox 1684 1999 1746 2041; x_wconf 86' lang='lat' dir='ltr'>la-</span> 
     </span>
     <span class='ocr_line' id='line_1_34' title="bbox 299 2056 1742 2115; baseline 0.002 -19"><span class='ocrx_word' id='word_1_271' title='bbox 299 2057 494 2109; x_wconf 84' lang='lat' dir='ltr'>cessitus,</span> <span class='ocrx_word' id='word_1_272' title='bbox 527 2058 799 2099; x_wconf 86' lang='lat' dir='ltr'>occasionem</span> <span class='ocrx_word' id='word_1_273' title='bbox 839 2058 922 2099; x_wconf 88' lang='lat' dir='ltr'>sibi</span> <span class='ocrx_word' id='word_1_274' title='bbox 955 2057 1008 2098; x_wconf 87' lang='lat' dir='ltr'>ad</span> <span class='ocrx_word' id='word_1_275' title='bbox 1041 2057 1340 2115; x_wconf 83' lang='lat' dir='ltr'>occupandam</span> <span class='ocrx_word' id='word_1_276' title='bbox 1370 2056 1520 2098; x_wconf 85' lang='lat' dir='ltr'>Asiam</span> <span class='ocrx_word' id='word_1_277' title='bbox 1549 2056 1742 2099; x_wconf 81' lang='lat' dir='ltr'>oblatam</span> 
     </span>
     <span class='ocr_line' id='line_1_35' title="bbox 298 2113 1741 2171; baseline 0.003 -19"><span class='ocrx_word' id='word_1_278' title='bbox 298 2126 390 2154; x_wconf 85' lang='lat' dir='ltr'>esse</span> <span class='ocrx_word' id='word_1_279' title='bbox 412 2114 659 2157; x_wconf 84' lang='lat' dir='ltr'>arbitratur.</span> <span class='ocrx_word' id='word_1_280' title='bbox 703 2115 936 2171; x_wconf 90' lang='lat' dir='ltr'>Equitibus</span> <span class='ocrx_word' id='word_1_281' title='bbox 956 2114 1182 2166; x_wconf 80' lang='lat' dir='ltr'>Romanis,</span> <span class='ocrx_word' id='word_1_282' title='bbox 1206 2113 1517 2156; x_wconf 88' lang='lat' dir='ltr'>honestissimis</span> <span class='ocrx_word' id='word_1_283' title='bbox 1540 2113 1657 2165; x_wconf 88' lang='lat' dir='ltr'>viris,</span> <span class='ocrx_word' id='word_1_284' title='bbox 1676 2113 1741 2156; x_wconf 85' lang='lat' dir='ltr'>af-</span> 
     </span>
     <span class='ocr_line' id='line_1_36' title="bbox 297 2169 1741 2229; baseline 0.001 -18"><span class='ocrx_word' id='word_1_285' title='bbox 297 2169 494 2214; x_wconf 87' lang='lat' dir='ltr'>feruntur</span> <span class='ocrx_word' id='word_1_286' title='bbox 515 2188 568 2214; x_wconf 83' lang='lat' dir='ltr'>ex</span> <span class='ocrx_word' id='word_1_287' title='bbox 592 2171 697 2214; x_wconf 88' lang='lat' dir='ltr'>Asia</span> <span class='ocrx_word' id='word_1_288' title='bbox 715 2173 909 2229; x_wconf 88' lang='lat' dir='ltr'>quotidie</span> <span class='ocrx_word' id='word_1_289' title='bbox 931 2173 1102 2224; x_wconf 85' lang='lat' dir='ltr'>litterae,</span> <span class='ocrx_word' id='word_1_290' title='bbox 1120 2186 1304 2229; x_wconf 86' lang='lat' dir='ltr'>quorum</span> <span class='ocrx_word' id='word_1_291' title='bbox 1323 2185 1493 2228; x_wconf 85' lang='lat' dir='ltr'>magnae</span> <span class='ocrx_word' id='word_1_292' title='bbox 1515 2184 1580 2212; x_wconf 89' lang='lat' dir='ltr'>res</span> <span class='ocrx_word' id='word_1_293' title='bbox 1602 2185 1741 2227; x_wconf 85' lang='lat' dir='ltr'>agun-</span> 
     </span>
     <span class='ocr_line' id='line_1_37' title="bbox 297 2229 1738 2288; baseline 0.002 -20"><span class='ocrx_word' id='word_1_294' title='bbox 297 2238 382 2280; x_wconf 88' lang='lat' dir='ltr'>tur,</span> <span class='ocrx_word' id='word_1_295' title='bbox 412 2230 458 2271; x_wconf 89' lang='lat' dir='ltr'>in</span> <span class='ocrx_word' id='word_1_296' title='bbox 497 2230 647 2272; x_wconf 85' lang='lat' dir='ltr'>vestris</span> <span class='ocrx_word' id='word_1_297' title='bbox 682 2230 967 2288; x_wconf 85' lang='lat' dir='ltr'>vectigalibus</span> <span class='ocrx_word' id='word_1_298' title='bbox 1007 2229 1259 2271; x_wconf 86' lang='lat' dir='ltr'>exercendis</span> <span class='ocrx_word' id='word_1_299' title='bbox 1291 2237 1543 2286; x_wconf 86' lang='lat' dir='ltr'>occupatae:</span> <span class='ocrx_word' id='word_1_300' title='bbox 1575 2229 1649 2283; x_wconf 91' lang='lat' dir='ltr'>qui</span> <span class='ocrx_word' id='word_1_301' title='bbox 1684 2229 1738 2271; x_wconf 83' lang='lat' dir='ltr'>ad</span> 
     </span>
     <span class='ocr_line' id='line_1_38' title="bbox 294 2285 1740 2344; baseline -0.001 -17"><span class='ocrx_word' id='word_1_302' title='bbox 294 2299 378 2338; x_wconf 83' lang='lat' dir='ltr'>ine,</span> <span class='ocrx_word' id='word_1_303' title='bbox 401 2302 479 2344; x_wconf 86' lang='lat' dir='ltr'>pro</span> <span class='ocrx_word' id='word_1_304' title='bbox 500 2287 832 2340; x_wconf 89' lang='lat' dir='ltr'>necessitudine,</span> <span class='ocrx_word' id='word_1_305' title='bbox 855 2303 952 2344; x_wconf 87' lang='lat' dir='ltr'>quae</span> <span class='ocrx_word' id='word_1_306' title='bbox 973 2287 1082 2328; x_wconf 88' lang='lat' dir='ltr'>mihi</span> <span class='ocrx_word' id='word_1_307' title='bbox 1116 2296 1181 2328; x_wconf 87' lang='lat' dir='ltr'>est</span> <span class='ocrx_word' id='word_1_308' title='bbox 1212 2302 1312 2328; x_wconf 91' lang='lat' dir='ltr'>cum</span> <span class='ocrx_word' id='word_1_309' title='bbox 1345 2286 1417 2327; x_wconf 93' lang='lat' dir='ltr'>illo</span> <span class='ocrx_word' id='word_1_310' title='bbox 1450 2285 1616 2337; x_wconf 90' lang='lat' dir='ltr'>ordine,</span> <span class='ocrx_word' id='word_1_311' title='bbox 1637 2300 1740 2328; x_wconf 90' lang='lat' dir='ltr'>cau-</span> 
     </span>
     <span class='ocr_line' id='line_1_39' title="bbox 258 2341 1740 2403; baseline -0.003 -14"><span class='ocrx_word' id='word_1_312' title='bbox 258 2354 386 2389; x_wconf 84' lang='lat' dir='ltr'>5sa1n</span> <span class='ocrx_word' id='word_1_313' title='bbox 420 2345 671 2403; x_wconf 86' lang='lat' dir='ltr'>reipublicae</span> <span class='ocrx_word' id='word_1_314' title='bbox 697 2345 973 2403; x_wconf 84' lang='lat' dir='ltr'>periculaque</span> <span class='ocrx_word' id='word_1_315' title='bbox 1002 2359 1141 2386; x_wconf 88' lang='lat' dir='ltr'>rerum</span> <span class='ocrx_word' id='word_1_316' title='bbox 1167 2359 1340 2387; x_wconf 85' lang='lat' dir='ltr'>suarum</span> <span class='ocrx_word' id='word_1_317' title='bbox 1362 2341 1628 2385; x_wconf 85' lang='lat' dir='ltr'>detulerunt:</span> <span class='ocrx_word' id='word_1_318' title='bbox 1661 2342 1740 2385; x_wconf 90' lang='lat' dir='ltr'>Bi-</span> 
     </span>
    </p>
   </div>
   <div class='ocr_carea' id='block_1_3' title="bbox 291 2492 1740 2622">
    <p class='ocr_par' dir='ltr' id='par_1_3' title="bbox 291 2492 1740 2622">
     <span class='ocr_line' id='line_1_40' title="bbox 336 2492 1738 2537; baseline -0.001 -10"><span class='ocrx_word' id='word_1_319' title='bbox 336 2499 351 2527; x_wconf 92' lang='lat'>1</span> <span class='ocrx_word' id='word_1_320' title='bbox 376 2497 555 2537; x_wconf 77' lang='lat' dir='ltr'>attingere]</span> <span class='ocrx_word' id='word_1_321' title='bbox 592 2497 645 2529; x_wconf 78' lang='lat' dir='ltr'>Sic</span> <span class='ocrx_word' id='word_1_322' title='bbox 672 2507 748 2528; x_wconf 91' lang='lat' dir='ltr'>cum</span> <span class='ocrx_word' id='word_1_323' title='bbox 777 2497 907 2528; x_wconf 83' lang='lat' dir='ltr'>Graevio</span> <span class='ocrx_word' id='word_1_324' title='bbox 933 2505 994 2536; x_wconf 88' lang='lat' dir='ltr'>pro</span> <span class='ocrx_word' id='word_1_325' title='bbox 1037 2501 1094 2526; x_wconf 85' lang='lat' dir='ltr'>tur</span> <span class='ocrx_word' id='word_1_326' title='bbox 1115 2495 1156 2526; x_wconf 84' lang='lat' dir='ltr'>ad</span> <span class='ocrx_word' id='word_1_327' title='bbox 1170 2500 1230 2526; x_wconf 82' lang='lat' dir='ltr'>ter.</span> <span class='ocrx_word' id='word_1_328' title='bbox 1266 2495 1408 2535; x_wconf 86' lang='lat' dir='ltr'>Nempe,</span> <span class='ocrx_word' id='word_1_329' title='bbox 1424 2493 1572 2524; x_wconf 85' lang='lat' dir='ltr'>nondum</span> <span class='ocrx_word' id='word_1_330' title='bbox 1587 2492 1738 2525; x_wconf 80' lang='lat' dir='ltr'>absoluta</span> 
     </span>
     <span class='ocr_line' id='line_1_41' title="bbox 292 2536 1740 2580; baseline -0.002 -11"><span class='ocrx_word' id='word_1_331' title='bbox 292 2540 480 2578; x_wconf 77' lang='lat' dir='ltr'>contingere</span> <span class='ocrx_word' id='word_1_332' title='bbox 495 2540 594 2577; x_wconf 85' lang='lat' dir='ltr'>edidi,</span> <span class='ocrx_word' id='word_1_333' title='bbox 612 2540 699 2580; x_wconf 90' lang='lat' dir='ltr'>quod</span> <span class='ocrx_word' id='word_1_334' title='bbox 716 2541 761 2570; x_wconf 85' lang='lat' dir='ltr'>sic</span> <span class='ocrx_word' id='word_1_335' title='bbox 776 2549 844 2570; x_wconf 90' lang='lat' dir='ltr'>non</span> <span class='ocrx_word' id='word_1_336' title='bbox 860 2539 991 2569; x_wconf 85' lang='lat' dir='ltr'>dicitur.</span> <span class='ocrx_word' id='word_1_337' title='bbox 1037 2539 1204 2568; x_wconf 82' lang='lat' dir='ltr'>creatione</span> <span class='ocrx_word' id='word_1_338' title='bbox 1227 2538 1378 2568; x_wconf 87' lang='lat' dir='ltr'>omnium</span> <span class='ocrx_word' id='word_1_339' title='bbox 1400 2542 1594 2576; x_wconf 67' lang='lat' dir='ltr'>praetorum,</span> <span class='ocrx_word' id='word_1_340' title='bbox 1609 2536 1740 2566; x_wconf 89' lang='lat' dir='ltr'>obnun-</span> 
     </span>
     <span class='ocr_line' id='line_1_42' title="bbox 291 2577 1739 2622; baseline -0.002 -11"><span class='ocrx_word' id='word_1_341' title='bbox 291 2583 523 2612; x_wconf 71' lang='lat' dir='ltr'>(tuctoritatem</span> <span class='ocrx_word' id='word_1_342' title='bbox 555 2584 742 2622; x_wconf 76' lang='lat' dir='ltr'>contingere</span> <span class='ocrx_word' id='word_1_343' title='bbox 764 2588 827 2619; x_wconf 87' lang='lat' dir='ltr'>est,</span> <span class='ocrx_word' id='word_1_344' title='bbox 854 2581 993 2620; x_wconf 85' lang='lat' dir='ltr'>assequi,</span> <span class='ocrx_word' id='word_1_345' title='bbox 1037 2581 1161 2611; x_wconf 83' lang='lat' dir='ltr'>ciatum</span> <span class='ocrx_word' id='word_1_346' title='bbox 1188 2586 1247 2611; x_wconf 89' lang='lat' dir='ltr'>aut</span> <span class='ocrx_word' id='word_1_347' title='bbox 1279 2581 1493 2610; x_wconf 82' lang='lat' dir='ltr'>intercessum</span> <span class='ocrx_word' id='word_1_348' title='bbox 1520 2583 1615 2617; x_wconf 80' lang='lat' dir='ltr'>erat3</span> <span class='ocrx_word' id='word_1_349' title='bbox 1650 2577 1739 2618; x_wconf 82' lang='lat' dir='ltr'>quod</span> 
     </span>
    </p>
   </div>
   <div class='ocr_carea' id='block_1_4' title="bbox 288 2621 1734 2702">
    <p class='ocr_par' dir='ltr' id='par_1_4' title="bbox 288 2621 1734 2702">
     <span class='ocr_line' id='line_1_43' title="bbox 289 2621 1556 2664; baseline -0.002 -10"><span class='ocrx_word' id='word_1_350' title='bbox 289 2623 378 2663; x_wconf 87' lang='lat' dir='ltr'>quod</span> <span class='ocrx_word' id='word_1_351' title='bbox 398 2624 438 2654; x_wconf 88' lang='lat' dir='ltr'>ab</span> <span class='ocrx_word' id='word_1_352' title='bbox 462 2624 495 2654; x_wconf 93' lang='lat' dir='ltr'>h.</span> <span class='ocrx_word' id='word_1_353' title='bbox 508 2624 529 2656; x_wconf 91' lang='lat' dir='ltr'>l.</span> <span class='ocrx_word' id='word_1_354' title='bbox 545 2625 702 2656; x_wconf 79' lang='lat' dir='ltr'>alienum.</span> <span class='ocrx_word' id='word_1_355' title='bbox 747 2625 922 2663; x_wconf 78' lang='lat' dir='ltr'>Attingere</span> <span class='ocrx_word' id='word_1_356' title='bbox 943 2628 993 2654; x_wconf 81' lang='lat' dir='ltr'>est</span> <span class='ocrx_word' id='word_1_357' title='bbox 1036 2623 1166 2664; x_wconf 85' lang='lat' dir='ltr'>proprie</span> <span class='ocrx_word' id='word_1_358' title='bbox 1181 2627 1232 2653; x_wconf 87' lang='lat' dir='ltr'>est</span> <span class='ocrx_word' id='word_1_359' title='bbox 1247 2622 1400 2662; x_wconf 68' lang='lat' dir='ltr'>dirimere</span> <span class='ocrx_word' id='word_1_360' title='bbox 1413 2621 1556 2652; x_wconf 78' lang='lat' dir='ltr'>comitia.</span> 
     </span>
     <span class='ocr_line' id='line_1_44' title="bbox 288 2660 1734 2702; baseline -0.003 -6"><span class='ocrx_word' id='word_1_361' title='bbox 288 2677 306 2696; x_wconf 88' lang='lat' dir='ltr'>e</span> <span class='ocrx_word' id='word_1_362' title='bbox 324 2665 402 2697; x_wconf 88' lang='lat' dir='ltr'>Mss.</span> <span class='ocrx_word' id='word_1_363' title='bbox 416 2666 527 2697; x_wconf 54' lang='lat' dir='ltr'>WVerd.</span> <span class='ocrx_word' id='word_1_364' title='bbox 540 2672 574 2698; x_wconf 89' lang='lat' dir='ltr'>et</span> <span class='ocrx_word' id='word_1_365' title='bbox 589 2667 659 2698; x_wconf 88' lang='lat' dir='ltr'>Erf.</span> <span class='ocrx_word' id='word_1_366' title='bbox 1068 2668 1089 2695; x_wconf 82' lang='lat'>4</span> <span class='ocrx_word' id='word_1_367' title='bbox 1111 2665 1282 2696; x_wconf 79' lang='lat' dir='ltr'>honoribus</span> <span class='ocrx_word' id='word_1_368' title='bbox 1305 2662 1515 2702; x_wconf 67' lang='lat' dir='ltr'>mandandis]</span> <span class='ocrx_word' id='word_1_369' title='bbox 1552 2660 1635 2692; x_wconf 82' lang='lat' dir='ltr'>Edd.</span> <span class='ocrx_word' id='word_1_370' title='bbox 1650 2664 1734 2692; x_wconf 74' lang='lat' dir='ltr'>vett-</span> 
     </span>
    </p>
   </div>
   <div class='ocr_carea' id='block_1_5' title="bbox 285 2703 1733 2834">
    <p class='ocr_par' dir='ltr' id='par_1_5' title="bbox 285 2703 1733 2834">
     <span class='ocr_line' id='line_1_45' title="bbox 329 2703 1732 2750; baseline -0.004 -11"><span class='ocrx_word' id='word_1_371' title='bbox 329 2710 351 2739; x_wconf 69' lang='lat'>2</span> <span class='ocrx_word' id='word_1_372' title='bbox 371 2717 495 2738; x_wconf 77' lang='lat' dir='ltr'>vacuus</span> <span class='ocrx_word' id='word_1_373' title='bbox 517 2719 665 2749; x_wconf 73' lang='lat' dir='ltr'>unquam</span> <span class='ocrx_word' id='word_1_374' title='bbox 676 2707 754 2750; x_wconf 83' lang='lat' dir='ltr'>fuit</span> <span class='ocrx_word' id='word_1_375' title='bbox 774 2709 815 2739; x_wconf 86' lang='lat' dir='ltr'>ab</span> <span class='ocrx_word' id='word_1_376' title='bbox 834 2708 887 2747; x_wconf 81' lang='lat' dir='ltr'>iis]</span> <span class='ocrx_word' id='word_1_377' title='bbox 906 2706 984 2738; x_wconf 67' lang='lat' dir='ltr'>Fuit</span> <span class='ocrx_word' id='word_1_378' title='bbox 1027 2707 1245 2744; x_wconf 88' lang='lat' dir='ltr'>omnes‚item</span> <span class='ocrx_word' id='word_1_379' title='bbox 1255 2705 1491 2745; x_wconf 82' lang='lat' dir='ltr'>Mss.p1erique</span> <span class='ocrx_word' id='word_1_380' title='bbox 1501 2703 1732 2735; x_wconf 74' lang='lat' dir='ltr'>mandandum</span> 
     </span>
     <span class='ocr_line' id='line_1_46' title="bbox 286 2747 1731 2791; baseline -0.003 -10"><span class='ocrx_word' id='word_1_381' title='bbox 286 2750 470 2781; x_wconf 72' lang='lat' dir='ltr'>exciderat:</span> <span class='ocrx_word' id='word_1_382' title='bbox 487 2760 547 2781; x_wconf 89' lang='lat' dir='ltr'>nec</span> <span class='ocrx_word' id='word_1_383' title='bbox 562 2752 593 2781; x_wconf 91' lang='lat' dir='ltr'>id</span> <span class='ocrx_word' id='word_1_384' title='bbox 607 2752 718 2782; x_wconf 81' lang='lat' dir='ltr'>abesse</span> <span class='ocrx_word' id='word_1_385' title='bbox 733 2751 786 2782; x_wconf 86' lang='lat' dir='ltr'>hic</span> <span class='ocrx_word' id='word_1_386' title='bbox 800 2753 931 2791; x_wconf 78' lang='lat' dir='ltr'>potest3</span> <span class='ocrx_word' id='word_1_387' title='bbox 945 2755 984 2780; x_wconf 87' lang='lat' dir='ltr'>ut</span> <span class='ocrx_word' id='word_1_388' title='bbox 1027 2760 1091 2779; x_wconf 78' lang='lat' dir='ltr'>esse</span> <span class='ocrx_word' id='word_1_389' title='bbox 1117 2759 1148 2780; x_wconf 83' lang='lat' dir='ltr'>v.</span> <span class='ocrx_word' id='word_1_390' title='bbox 1185 2749 1213 2779; x_wconf 91' lang='lat' dir='ltr'><strong>E</strong></span> <span class='ocrx_word' id='word_1_391' title='bbox 1242 2749 1306 2779; x_wconf 87' lang='lat' dir='ltr'>Ms.</span> <span class='ocrx_word' id='word_1_392' title='bbox 1333 2747 1456 2778; x_wconf 80' lang='lat' dir='ltr'>Fabric.</span> <span class='ocrx_word' id='word_1_393' title='bbox 1483 2751 1652 2787; x_wconf 80' lang='lat' dir='ltr'>receptum</span> <span class='ocrx_word' id='word_1_394' title='bbox 1678 2751 1731 2776; x_wconf 84' lang='lat' dir='ltr'>est</span> 
     </span>
     <span class='ocr_line' id='line_1_47' title="bbox 285 2788 1733 2834; baseline -0.003 -12"><span class='ocrx_word' id='word_1_395' title='bbox 285 2802 414 2823; x_wconf 76' lang='lat' dir='ltr'>sensere</span> <span class='ocrx_word' id='word_1_396' title='bbox 429 2793 489 2822; x_wconf 83' lang='lat' dir='ltr'>viri</span> <span class='ocrx_word' id='word_1_397' title='bbox 502 2793 601 2824; x_wconf 83' lang='lat' dir='ltr'>docti.</span> <span class='ocrx_word' id='word_1_398' title='bbox 644 2794 731 2834; x_wconf 72' lang='lat' dir='ltr'>Quia</span> <span class='ocrx_word' id='word_1_399' title='bbox 746 2794 791 2824; x_wconf 88' lang='lat' dir='ltr'>sie</span> <span class='ocrx_word' id='word_1_400' title='bbox 805 2798 856 2824; x_wconf 84' lang='lat' dir='ltr'>est</span> <span class='ocrx_word' id='word_1_401' title='bbox 870 2793 904 2823; x_wconf 88' lang='lat' dir='ltr'>in</span> <span class='ocrx_word' id='word_1_402' title='bbox 920 2793 984 2823; x_wconf 85' lang='lat' dir='ltr'>Ms.</span> <span class='ocrx_word' id='word_1_403' title='bbox 1028 2792 1239 2830; x_wconf 79' lang='lat' dir='ltr'>mandandis,</span> <span class='ocrx_word' id='word_1_404' title='bbox 1254 2790 1462 2831; x_wconf 83' lang='lat' dir='ltr'>firmavitque</span> <span class='ocrx_word' id='word_1_405' title='bbox 1476 2789 1544 2821; x_wconf 81' lang='lat' dir='ltr'>Erf.</span> <span class='ocrx_word' id='word_1_406' title='bbox 1556 2788 1652 2828; x_wconf 84' lang='lat' dir='ltr'>idque</span> <span class='ocrx_word' id='word_1_407' title='bbox 1662 2797 1733 2818; x_wconf 84' lang='lat' dir='ltr'>me.</span> 
     </span>
    </p>
   </div>
   <div class='ocr_carea' id='block_1_6' title="bbox 287 2834 1170 2918">
    <p class='ocr_par' dir='ltr' id='par_1_6' title="bbox 287 2834 1170 2918">
     <span class='ocr_line' id='line_1_48' title="bbox 287 2834 1170 2876; baseline -0.001 -11"><span class='ocrx_word' id='word_1_408' title='bbox 287 2835 356 2865; x_wconf 80' lang='lat' dir='ltr'>Erf.</span> <span class='ocrx_word' id='word_1_409' title='bbox 371 2845 445 2865; x_wconf 87' lang='lat' dir='ltr'>cum</span> <span class='ocrx_word' id='word_1_410' title='bbox 460 2835 589 2865; x_wconf 84' lang='lat' dir='ltr'>Graevio</span> <span class='ocrx_word' id='word_1_411' title='bbox 607 2837 723 2876; x_wconf 82' lang='lat' dir='ltr'>recepi.</span> <span class='ocrx_word' id='word_1_412' title='bbox 1031 2834 1093 2865; x_wconf 84' lang='lat' dir='ltr'>lius</span> <span class='ocrx_word' id='word_1_413' title='bbox 1108 2838 1170 2865; x_wconf 86' lang='lat' dir='ltr'>est.</span> 
     </span>
     <span class='ocr_line' id='line_1_49' title="bbox 326 2876 986 2918; baseline 0 -10"><span class='ocrx_word' id='word_1_414' title='bbox 326 2879 345 2908; x_wconf 87' lang='grc'>3</span> <span class='ocrx_word' id='word_1_415' title='bbox 362 2882 498 2918; x_wconf 77' lang='lat' dir='ltr'>propter</span> <span class='ocrx_word' id='word_1_416' title='bbox 509 2878 697 2908; x_wconf 72' lang='lat' dir='ltr'>dilationem</span> <span class='ocrx_word' id='word_1_417' title='bbox 713 2876 835 2917; x_wconf 56' lang='lat' dir='ltr'>cornia]</span> <span class='ocrx_word' id='word_1_418' title='bbox 873 2876 986 2908; x_wconf 67' lang='lat' dir='ltr'>Refer-</span> 
     </span>
    </p>
   </div>
  </div>
 </body>
</html>
