1907 3231
277 117 359 163 ‘468
895 116 1141 166 ORATIO

280 229 424 286 aliqua
444 224 656 287 liujiisssr'ei
688 229 819 282 actio,
839 231 1055 272 an'nulla.
1117 228 1362 284 Convoca'ri
1399 229 1599 273 homines
1626 242 1729 288 pm-

226 282 237 293 ’
281 297 378 346 pter
399 284 680 346 poSseSsionis
703 288 1042 339 controversiam
1064 301 1151 328 non
1172 294 1371 345 oportet:
1403 289 1558 331 armari
1580 287 1730 340 multi·-

283 346 493 401 tudinem,
516 334 633 402 juris
674 344 887 403 retinendi
922 352 1081 395 causa,
1115 359 1202 386 non
1237 347 1473 388 convenit:
1522 360 1602 388 nec
1631 346 1726 402 juri

283 399 522 460 quidquait'i
566 413 654 445 tam
692 400 931 453 inimicum,
963 408 1094 457 qu‘am
1129 403 1219 445 vis:
1250 411 1330 445 nec
1365 404 1565 460 'aequitati
1601 404 1729 460 qui‘d'-

286 463 529 517 quam'tam
548 462 753 502 infestum
772 465 852 510 est,
872 466 1012 515 quam>
1026 461 1255 501 convocati
1268 459 1471 503 'homines
1493 470 1536 503 et
1557 460 1728 504 armati.

207 508 272 569 12
288 518 420 567 Quod
443 519 542 562 cum
566 520 627 560 ita
649 519 717 569 sit,
740 531 891 571 resque
912 517 1128 572 ejusmodi
1151 517 1221 569 sit,
1237 526 1286 559 Ut
1306 519 1351 560 i'n
1372 519 1522 575 primis
1544 535 1569 560 a
1591 519 1734 576 magi·

271 573 493 627 stratibus
515 574 897 617 animadvertenda
917 589 1010 615 esse
1038 575 1252 627 videatur,
1281 576 1438 618 iterum
1467 591 1632 633 quaero,
1654 576 1732 618 sie-

283 650 339 676 ne
359 635 451 690 ejus
475 634 534 674 rei
565 629 713 688 aliqua.¹
738 632 870 693 actio,
891 647 946 674 an
975 632 1108 674 nulla.
1170 632 1347 674 Nullam
1369 642 1461 676 esse
1481 635 1624 691 dices?
1655 649 1732 676 au-

284 689 376 734 dire
398 691 552 747 cupio:
586 691 660 746 qui
683 689 728 731 in
750 695 856 748 pa'ce
877 693 922 731 et
942 690 1054 742 otio,
1072 705 1172 732 cum
1195 695 1371 745 manum
1393 692 1561 744 fecerit,
1581 692 1731 748 copias

285 749 460 806 pararit,
481 746 805 800 multitudinem
827 746 1062 789 'hoininum
1091 749 1305 806 coegerit,
1328 750 1518 800 armarit,
1539 750 1734 805 instrux-

283 807 380 857 erit,
404 805 600 847 homines
623 807 821 857 inermes,
853 806 928 862 qui
958 806 1011 851 a‘d
1036 807 1325 848 constitutum
1346 807 1603 864 experiundi
1617 807 1734 863 juris

285 863 427 920 gratia
447 863 678 919 venissent,
701 863 845 915 armis,
864 863 984 915 viris,
1000 873 1176 916 terrore,
1197 864 1474 921 periculoque
1495 864 1647 906 mortis
1668 864 1735 906 re-

286 921 459 978 pulerit,
492 919 671 978 fugarit,
706 919 923 973 averterit,
960 921 1045 964 hoe
1079 922 1218 974 dicat,
1253 922 1354 963 Feci
1386 922 1603 978 equidem,
1635 936 1739 978 quae

287 979 412 1030 dicis,
435 979 602 1020 omnia:
635 988 679 1020 et
700 993 749 1019 ea
771 980 871 1020 sur‘it
886 982 932 1020 et
945 979 1207 1035 turbulenta,
1225 989 1274 1021 et
1296 979 1536 1030 temeraria,
1557 989 1601 1021 et
1622 979 1737 1037 peri-

222 1047 275 1081 34
288 1037 460 1091 culosa„
511 1036 631 1083 Quid
663 1050 766 1093 ergo
799 1039 892 1078 est?
922 1036 1101 1093 impune
1135 1037 1235 1079 feci.
1262 1042 1383 1088 ham,
1422 1038 1593 1093 ³4quod
1613 1040 1738 1095 ‘agab

286 1108 459 1136 mecum
481 1108 536 1134 ex
552 1094 652 1149 jure
681 1093 798 1136 civili
814 1110 878 1136 -ae
903 1095 1124 1150 praetorio,
1146 1110 1234 1136 non
1262 1095 1411 1137 habes,
1471 1095 1597 1136 Itane
1619 1093 1736 1147 vero,

286 1154 638 1208 recuperatores?
669 1151 753 1193 hoc
777 1157 848 1208 vos
871 1152 1079 1195 audietis?
1111 1162 1154 1193 et
1173 1153 1288 1209 apud
1308 1168 1384 1194 vos
1402 1153 1490 1195 dici
1509 1152 1736 1210 patiemin'i

288 1210 473 1267 saepius?
505 1224 603 1251 cum
627 1209 811 1265 majores
834 1210 971 1251 nostri
1006 1218 1128 1251 tanta
1159 1211 1388 1267 diligentia
1419 1211 1737 1267 prudentiaque

288 1267 465 1318 fuerint,
488 1275 537 1308 ut
558 1268 706 1309 omnia
727 1268 922 1309 omnium
956 1282 1042 1309 non
1077 1268 1208 1310 modo
1240 1276 1457 1310 tantarum
1481 1283 1638 1322 rerum,
1660 1268 1738 1311 sed

287 1325 419 1366 etiam
442 1325 789 1366 tenuissimarum
806 1324 908 1381 jura
931 1326 1174 1378 statuerint,
1195 1326 1532 1382 persequutique
1553 1327 1666 1379 sint;
1688 1335 1739 1368 ut

286 1382 373 1424 hoc
411 1397 548 1440 genus
584 1387 734 1434 unum,
767 1382 834 1425 vel
868 1384 1125 1435 maximum,
1164 1384 1576 1440 praetermitterent:
1607 1393 1671 1436 ut,
1702 1383 1741 1439 si

243 1441 364 1496 b,qui
397 1455 467 1481 me
499 1440 618 1481 exire
647 1440 779 1482 domo
815 1455 911 1482 mea
942 1440 1192 1498 coegissent
1223 1442 1367 1493 armis,
1396 1441 1601 1483 haberem
1629 1441 1740 1485 acti-

290 1512 444 1551 onem3
476 1498 616 1554 siqui
651 1498 830 1539 introire
862 1497 1201 1555 prohibuissent,
1232 1514 1318 1540 non
1348 1499 1581 1542 haberem?
1613 1499 1741 1541 Non-

289 1556 393 1597 dum
413 1556 465 1597 de
487 1554 679 1597 Caecinae
702 1571 831 1597 causa
849 1557 1038 1613 disputo,
1058 1557 1251 1598 nondum
1268 1556 1436 1613 dejure
1455 1557 1739 1612 possessionis

292 1616 454 1654 nostrae
476 1612 650 1668 loquor:
683 1622 853 1655 tantuin
883 1614 935 1655 de
958 1624 1032 1655 tua
1060 1613 1325 1662 defensione,
1349 1613 1402 1656 C.
1426 1614 1544 1666 Piso,
1566 1628 1739 1670 queror.

230 1670 280 1705 35
297 1670 484 1718 Quando
506 1671 568 1712 ita
587 1671 710 1721 dicis,
734 1680 776 1712 et
798 1671 860 1712 ita
880 1672 1124 1723 constituis,
1155 1672 1201 1713 Si
1226 1671 1418 1724 Caecina,
1448 1686 1549 1714 cum
1573 1672 1616 1714 in
1638 1671 1740 1714 fun-

293 1729 350 1770 do
372 1737 498 1780 esset,
521 1728 620 1770 inde
641 1729 835 1784 dejectus
857 1739 983 1781 esset,
1007 1739 1099 1771 tum
1134 1744 1209 1785 per
1229 1729 1315 1771 hoc
1337 1729 1617 1772 interdictum
1638 1744 1739 1772 eum

292 1786 460 1828 restitui
497 1787 762 1842 oportuisse:
797 1802 911 1829 nune
945 1802 1045 1829 vero
1078 1787 1297 1842 dejectum
1330 1787 1449 1828 nulio
1484 1787 1618 1828 modo
1648 1793 1743 1829 esse

294 1842 405 1896 inde,
437 1843 512 1885 ubi
552 1858 638 1885 non
676 1843 831 1897 fuerit,
874 1845 958 1888 hoe
994 1845 1225 1886 interdicto
1261 1843 1371 1886 nihil
1405 1859 1484 1886 nos
1520 1853 1740 1887 assecutos

291 1917 408 1944 esse:
441 1917 604 1957 quaero,
628 1902 662 1942 si
699 1912 740 1942 te
773 1902 904 1945 hodie
941 1903 1119 1944 domum
1153 1911 1274 1944 tuam
1312 1902 1564 1944 redeuntem
1597 1903 1741 1945 coacti

292 1958 490 2001 homines
510 1968 552 2001 et
572 1961 741 2010 armati,
772 1975 859 2002 non
889 1961 1020 2002 modo
1048 1961 1197 2002 limine
1220 1968 1423 2016 tectoque
1457 1960 1617 2002 aedium
1645 1968 1747 2002 tua-

293 2033 403 2070 rum,
427 2017 499 2059 sed
525 2018 663 2074 primo
686 2018 804 2059 aditu
831 2019 1130 2075 vestibuloque
1153 2017 1470 2074 prohibuerint,
1492 2018 1596 2074 quid
1618 2026 1743 2060 actu-

295 2091 364 2117 rus
387 2075 458 2117 sis.
512 2074 670 2117 Monet
692 2077 856 2117 amicus
878 2091 998 2118 meus
1022 2088 1078 2127 te,
1104 2077 1152 2118 L.
1178 2075 1454 2132 Calpurnius,
1473 2085 1522 2116 ut
1541 2076 1654 2117 idem
1676 2075 1744 2117 di-

280 2133 381 2186 eas,
404 2133 520 2189 q'uod
544 2133 636 2190 ipse
661 2134 937 2185 antea'dixit,
961 2135 1232 2190 injuriarum.
1291 2137 1331 2165 35
1344 2133 1463 2180 Quid
1486 2133 1530 2176 id
1559 2133 1613 2174 ad
1640 2147 1743 2175 cau-

294 2206 383 2232 sain
407 2193 721 2247 possessionis?
752 2191 856 2247 quid
889 2193 941 2233 ad
980 2192 1292 2234 restituendum
1323 2205 1437 2242 eum,
1458 2187 1589 2248 qiiem
1613 2205 1743 2248 opor-

295 2258 358 2290 tet
379 2248 571 2290 restitui?
602 2249 705 2305 quid
729 2249 914 2306 denique
936 2250 989 2292 ad
1016 2250 1090 2306 jus
1113 2249 1254 2301 civile,-
1277 2256 1352 2290 aut
1373 2249 1426 2290 ad
1448 2248 1608 2290 actoris
1623 2249 1745 2291 'noti⁴

294 2321 422 2348 onem
445 2315 488 2348 et
510 2307 563 2347 ad
593 2307 1036 2350 animadversionem?
1067 2307 1185 2364 Agcs
1219 2307 1502 2363 injuriarum?
1536 2300 1638 2347 Plus
1661 2305 1747 2349 tibi

294 2367 378 2422 ego
401 2364 572 2420 largiar.
598 2379 684 2405 non
707 2365 843 2406 solum
867 2366 1021 2422 egeris,
1046 2380 1193 2407 verum
1215 2366 1346 2406 etiam
1368 2363 1669 2406 condemnaris
1692 2363 1743 2406 li-

294 2431 388 2464 cet:
420 2421 629 2478 numquid
655 2423 792 2479 inagis
813 2424 1081 2479 possidebis?
1113 2423 1229 2465 actio
1251 2423 1367 2464 enim
1383 2421 1745 2477 injuriarumnon

289 2479 364 2535 jus
387 2479 669 2536 possessionis
702 2481 960 2536 assequitur,
983 2482 1056 2523 scd
1088 2481 1281 2523 dolorem
1296 2480 1545 2532 ¹iistnminutae
1568 2478 1746 2521 liberta·

338 2595 380 2624 34
400 2594 483 2634 quid
492 2603 577 2633 agas
594 2593 734 2634 meeum]
754 2594 887 2625 Cot-rexi
904 2595 997 2636 quod.
1041 2596 1145 2633 cii-ile,
1169 2599 1229 2626 aut
1251 2595 1297 2626 ad
1317 2594 1438 2626 actoris
1459 2594 1621 2625 notionem
1643 2597 1674 2624 et
1699 2592 1749 2631 asa

296 2644 374 2666 nam
392 2636 470 2677 quid
486 2638 519 2667 in
532 2636 595 2668 hac
610 2637 717 2668 forma
733 2637 843 2668 locum
861 2648 927 2668 non
942 2638 999 2668 ha·
1041 2639 1369 2674 animadversionem,
1392 2647 1472 2677 ages
1495 2634 1744 2676 injuriammn

294 2677 364 2714 bet,
387 2682 427 2708 ut
447 2676 518 2719 jam
547 2678 625 2710 alibi
651 2683 807 2710 notatum
831 2688 893 2711 est.
938 2681 1000 2712 Est
1043 2681 1143 2712 Hunc
1159 2682 1269 2711 locum
1292 2686 1486 2720 corruptum
1508 2684 1544 2710 et
1565 2679 1746 2709 obscurum

294 2720 385 2751 enim
398 2732 414 2751 e
430 2721 546 2752 Graeco
562 2723 597 2752 ἐν,
611 2723 689 2764 ἕχει,-
707 2722 750 2753 {lm
766 2722 802 2753 ἂν
818 2724 876 2754 διο.
899 2724 952 2754 Sic
966 2729 1000 2755 et
1041 2727 1236 2763 queruntur.
1281 2723 1351 2754 Nos
1377 2723 1475 2752 unius
1500 2721 1628 2752 verbuli
1653 2720 1746 2762 adje-

294 2762 407 2803 paullo
424 2768 508 2802 post.
1041 2766 1151 2797 ctione
1178 2766 1224 2804 z'd,
1248 2770 1282 2796 et
1305 2764 1577 2806 interpunctione
1601 2764 1745 2795 correxi*

283 2842 287 2846 ᾗ
337 2806 379 2837 35
403 2806 522 2850 Quid?
544 2807 589 2836 acl
614 2817 751 2838 causam
776 2804 997 2848 possessionis.-
1041 2818 1124 2839 mus.
1168 2808 1297 2848 Nempe
1338 2808 1459 2848 repetit
1498 2806 1747 2848 responsionem

295 2847 397 2886 quid?
432 2849 478 2878 acl
512 2850 749 2881 restituendum
777 2861 866 2888 enm,
903 2860 998 2890 quem
1042 2851 1227 2893 Caipurnii,
1242 2856 1282 2882 ut
1293 2850 1433 2883 ulterius
1447 2850 1564 2882 instet.
1719 2849 1722 2852 ⁴

295 2894 419 2929 oportet
439 2893 588 2923 restitui.-
612 2893 691 2934 quid
704 2893 864 2934 denique?
887 2891 999 2935 adjus
