1907 3231
571 106 688 144 PRO
720 101 886 143 LEGE
913 102 1195 142 MANILIA.
1533 112 1613 147 499

153 214 328 254 'ornatas
344 221 475 269 atque
491 211 725 253 instructas
740 210 895 263 fuisse,
916 210 1155 264 urbemque
1174 207 1292 250 Asiae
1314 208 1612 263 clarissimam,

142 271 366 326 ‘nObisque
387 270 710 319 amicissimam,
730 269 1067 325 Cyzicenorum,
1087 267 1307 307 obsessam
1325 281 1417 308 esse
1438 269 1493 309 ab
1513 269 1608 324 ipso

151 341 255 385 rege
275 329 470 370 maxima
490 327 784 378 multitudine,
808 336 852 368 et
881 334 1193 382 oppugnatam¹
1212 323 1607 378 vehementissime,

149 390 283 442 quam
316 386 365 427 L.
389 385 595 427 Lucullus
625 385 799 436 virtute,
831 384 1100 435 assiduitate,
1120 381 1302 424 consilio
1326 384 1504 423 summis
1527 385 1607 424 ob-

151 444 332 495 sidionis
367 442 569 500 periculis
603 442 823 484 liberavit:
867 443 922 483 ab
949 442 1099 483 eodem
1135 440 1395 496 imperatore
1425 440 1602 482 classem
1615 454 1663 488 21

149 512 356 558 magnam
389 508 434 542 et
461 510 674 553 ornatam,
696 515 794 556 quae
827 501 1011 541 ducibus
1045 498 1304 540 Sertorianis
1341 497 1395 538 ad
1434 497 1606 540 Italiam

149 559 295 601 'studio
317 559 589 605 inflammato
619 569 854 615 raperetur,
885 566 1132 614 superatam
1161 570 1254 597 esse
1283 566 1413 611 atque
1426 555 1607 611 depres-

149 619 267 659 sam:
298 626 480 674 magnas
512 616 704 657 hostium
735 625 945 673 praeterea
971 612 1125 671 ⁴copias
1155 614 1302 654 multis
1325 613 1491 670 proeliis
1514 627 1606 655 esse

149 674 336 717 deletas:
389 675 744 731 patefactumque
785 674 945 714 nostris
984 672 1230 729 legionibus
1269 686 1361 712 esse
1397 671 1605 723 Pontum,

150 733 226 788 qui
249 740 350 774 ante
373 733 536 789 populo
561 732 762 773 Romano
783 745 839 772 ex
870 731 988 771 omni
1012 731 1133 771 aditu
1155 730 1325 771 clausus
1347 738 1473 771 esset.
1535 730 1603 770 Si-

148 800 294 847 nopen
317 799 447 846 atque
469 790 686 840 Amisum,
713 788 870 844 quibus
894 788 938 828 in
957 787 1130 843 oppidis
1153 797 1275 828 erant
1296 787 1518 829 domicilia
1536 802 1602 828 re-

182 847 231 900 is,
261 849 466 890 omnibus
494 849 621 889 rebus
652 855 806 888 ornata
834 854 965 900 atque
987 844 1167 896 referta3
1199 854 1451 900 ceterasque
1472 846 1598 886 urbes
1613 870 1642 899 p,
1659 863 1690 895 g,

148 862 282 947 {omi
312 915 356 947 et
377 905 673 962 Cappadociae
705 903 952 960 permultas,
976 917 1062 944 uno
1092 902 1211 943 aditu
1247 912 1377 957 atque
1410 903 1639 944 adventua-

145 977 238 1004 esse
260 973 431 1021 captas:
464 977 610 1019 regem
633 961 867 1018 spoliatum
898 975 1034 1018 regno
1056 960 1199 1017 patrio
1220 971 1351 1016 atque
1378 961 1513 1011 avito,
1545 961 1600 1002 ad

140 1021 257 1074 ulios
279 1036 324 1062 se
343 1035 466 1078 reges
489 1030 620 1077 atque
652 1019 756 1061 alias
785 1028 937 1076 gentes
970 1019 1210 1075 supplicem
1243 1018 1501 1060 contulisse:
1534 1027 1602 1059 at«

144 1093 230 1134 que
260 1079 356 1120 haec
386 1079 549 1130 omnia,
581 1077 707 1119 salvis
741 1077 888 1134 populi
933 1077 1122 1118 Romani
1149 1076 1293 1127 sociis,
1327 1085 1457 1131 atque
1488 1076 1599 1117 inte-

146 1137 235 1193 gris
258 1137 560 1193 vecfigalibus,
579 1151 672 1177 esse
695 1145 832 1193 gesta.
893 1135 1007 1176 Satis
1039 1135 1195 1191 opinor
1217 1134 1300 1175 hoc
1323 1149 1414 1174 esse
1435 1133 1599 1186 laudis;

143 1203 276 1250 atque
303 1195 378 1247 ita,
403 1195 613 1246 Quirites,
636 1208 685 1235 ut
714 1197 797 1235 hoc
820 1208 898 1235 vos
928 1192 1196 1250 intelligatis,
1218 1207 1244 1232 a
1261 1191 1378 1233 nullo
1401 1192 1599 1245 istorum,

142 1253 219 1308 qui
246 1252 349 1294 huic
380 1253 630 1294 obtrectant
654 1252 740 1309 leg-i
766 1260 896 1307 atque
925 1265 1083 1302 causae,
1110 1250 1158 1291 L.
1186 1250 1414 1291 Lucullum
1447 1249 1599 1291 simili-

144 1319 210 1351 ter
244 1325 300 1352 ex
333 1310 418 1352 hoc
449 1311 546 1352 loco
569 1325 660 1352 esse
682 1310 919 1351 laudatum.
980 1307 1444 1364 Requireturfortasse
1465 1318 1645 1373 nunc,9

141 1367 525 1423 quemadmodum,
543 1383 643 1409 cum
665 1367 761 1409 haec
777 1368 840 1408 ita
861 1368 961 1418 sint,
983 1367 1197 1422 reliquum
1217 1366 1354 1422 possit
1384 1380 1476 1407 esse
1505 1381 1658 1423 ina-02

141 1439 280 1482 gnum
311 1426 487 1468 bellum.
549 1425 832 1482 Cognoscitc,
865 1425 1075 1472 Quirites.
1111 1439 1199 1466 non
1232 1424 1349 1464 euim
1390 1423 1475 1465 hoc
1505 1414 1657 1465 sines*

141 1497 274 1525 causa
301 1483 439 1539 quaeri
474 1483 660 1525 videtur.
723 1483 921 1524 Primum
950 1497 1006 1523 ex
1041 1496 1118 1524 suo
1152 1496 1287 1537 regno
1322 1481 1384 1522 sic
1418 1481 1599 1523 Mithri-

139 1541 261 1582 dates
283 1541 495 1599 profugit,
517 1550 567 1583 ut
587 1555 642 1583 ex
659 1541 811 1583 eodem
829 1541 973 1582 Ponto
990 1539 1152 1581 Medea
1169 1540 1241 1580 illa
1263 1539 1483 1594 quondam
1501 1555 1599 1595 pro-

139 1598 306 1655 fugisse
325 1599 512 1642 dicitur:
542 1598 674 1656 quam
695 1599 938 1656 praedicant
968 1599 1013 1639 in
1036 1598 1156 1655 fuga,
1186 1597 1331 1638 fratris
1366 1597 1432 1638 sui
1462 1612 1599 1638 mem-

140 1657 218 1698 bra
244 1657 288 1698 in
322 1657 375 1698 iis
403 1657 526 1709 locis,
548 1671 636 1714 qua
667 1672 712 1698 se
743 1672 898 1714 parens
933 1666 1275 1713 persequeretur,
1308 1655 1599 1712 dissipavisse,¹

139 1723 188 1756 ut
207 1729 359 1756 eorum
388 1715 588 1757 collectio
618 1715 825 1772 dispersa,
848 1729 1099 1770 moerorque
1130 1714 1309 1771 patrius,
1332 1713 1599 1760 celeritatem

137 1773 427 1829 persequendi¹
445 1774 696 1815 retardaret.
749 1774 822 1815 Sic
843 1773 1125 1814 Mithridates
1148 1772 1335 1829 fugiens,
1358 1771 1597 1813 maximam

138 1830 229 1872 vim
250 1831 344 1873 auri
366 1840 496 1887 atque
519 1831 703 1888 argenti,
725 1831 1199 1888 pulcherrimarumque
1219 1844 1360 1871 rerum
1385 1828 1595 1882 omnium,

136 1901 245 1944 quas
276 1897 321 1930 et
354 1904 379 1930 a
408 1889 648 1945 majoribus
682 1899 924 1946 acceperat,
953 1898 998 1931 et
1030 1889 1124 1946 ipse
1155 1887 1266 1929 bello
1301 1888 1521 1944 superiore
1539 1902 1594 1931 ex

137 1953 232 1988 tota
251 1945 359 1989 Asia
379 1947 586 2004 direptas,
608 1948 653 1989 in
685 1962 810 1990 suum
841 1962 1026 2005 regnum
1055 1954 1347 2003 congesserat,
1381 1945 1424 1986 in
1450 1944 1594 1993 Ponto

133 2017 311 2046 omnem
333 2003 523 2061 reliquit.
583 2005 699 2048 Haec
719 2006 823 2047 dum
846 2006 983 2047 nostri
1005 2005 1221 2061 colligunt
1240 2003 1388 2044 omnia
1408 2002 1594 2059 diligen-

134 2061 237 2113 tius,
258 2077 337 2105 rex
359 2063 509 2120 ipse-e
541 2063 744 2109 manibus
784 2063 956 2121 effugit.
994 2064 1055 2105 ita
1077 2063 1197 2104 illum
1230 2062 1277 2103 in
1305 2061 1590 2118 persequendi

136 2120 281 2162 studio
303 2136 482 2173 moeror,
505 2121 584 2163 hos
606 2121 762 2163 laetitia
782 2122 1032 2164 retardavit.
1094 2121 1228 2163 Hunc
1259 2121 1302 2161 in
1336 2118 1409 2160 illo
1433 2120 1588 2160 timore
1600 2122 1649 2161 23

132 2186 177 2219 et
198 2177 307 2235 fuga
326 2177 552 2235 Tigranes,
575 2194 651 2221 rex
674 2178 922 2232 Armenius,
935 2179 1126 2236 excepit,
1144 2178 1502 2233 diffidentemque
1525 2192 1590 2218 re-

133 2235 214 2276 bus
248 2236 335 2277 suis
370 2237 662 2289 confirmavit,
694 2247 738 2279 et
767 2238 979 2280 afflictum
1001 2237 1156 2289 erexit,
1189 2236 1493 2293 perditumque
1527 2249 1594 2278 1·e-.

130 2288 309 2350 creavit.
348 2295 473 2351 cujus
515 2296 561 2337 in
601 2309 786 2352 regnum
827 2305 1111 2352 posteaquam
1156 2294 1205 2335 L.
1246 2292 1450 2335 Lucullus
1491 2307 1591 2335 cum

130 2351 329 2394 exercitu
373 2354 516 2406 venit;
560 2353 702 2410 plures
734 2353 867 2395 etiam
905 2364 1056 2411 gentes
1090 2364 1243 2395 contra
1284 2351 1592 2407 imperatorem

128 2419 328 2476 nostrum
350 2412 584 2454 concitatae
611 2420 726 2453 sunt.
754 2440 756 2442 v
787 2410 892 2453 Erat
915 2412 1030 2454 enim
1057 2420 1198 2454 metus
1219 2409 1407 2465 injectus
1432 2408 1484 2449 iis
1513 2423 1591 2450 na-

881 2527 1016 2564 deletas,
1031 2526 1121 2566 sequi
1144 2524 1240 2557 debet
1262 2524 1439 2564 urbemque
1459 2523 1589 2555 Asiae-

128 2524 206 2562 quia
216 2524 253 2556 in
265 2526 420 2557 omnibus
443 2527 656 2567 sequentibus
679 2527 835 2558 membris

879 2580 945 2601 esse
971 2570 1166 2601 liberatam:
1201 2567 1290 2607 quod
1311 2576 1389 2598 sane
1413 2567 1448 2596 in
1472 2565 1587 2601 iisdem

129 2567 292 2605 ejusmodi
317 2569 396 2608 quid
419 2576 519 2608 esset,
551 2571 585 2600 in
616 2570 680 2600 hoe
707 2580 836 2610 quoque

101 2646 103 2649 .
128 2617 198 2640 esse
220 2609 356 2643 debere:
388 2618 645 2652 sumseruntque
671 2613 794 2644 deletas
819 2624 836 2645 e

128 2653 352 2690 sequentibus.
396 2654 469 2695 Ego
491 2655 626 2695 quidem
649 2655 766 2696 etipse
787 2656 836 2686 in-

127 2693 263 2724 terdum
277 2695 330 2726 hic
343 2696 424 2729 haesi
436 2710 442 2727 :
467 2698 653 2738 praesertim
667 2709 744 2728 cum
760 2708 836 2738 pro-

126 2736 215 2767 fecto
229 2747 284 2768 eas
298 2739 408 2779 copias
430 2739 587 2773 deleverit
610 2739 784 2778 Lucullus,
800 2745 835 2771 et

126 2788 166 2816 ea
188 2788 222 2809 re
249 2779 408 2820 Cyzicum
428 2781 635 2815 liberaverit:
670 2782 727 2813 sed
749 2783 834 2814 ratio

125 2824 160 2851 et
177 2820 292 2871 forma·
305 2824 467 2857 orationis
489 2835 558 2856 non
580 2826 722 2867 patitur,
746 2827 834 2866 ejus-

123 2863 217 2896 modi
239 2865 318 2905 quid
343 2866 430 2907 addi.
488 2867 579 2906 Nam
599 2869 628 2911 si
651 2878 767 2903 verum
781 2872 834 2899 est

881 2613 1083 2644 editionibus
1098 2612 1144 2642 sie
1159 2615 1222 2648 est,
1238 2616 1273 2640 et
1287 2614 1379 2646 ante,
1402 2618 1462 2649 pro
1485 2618 1587 2648 quam

881 2656 924 2686 L.
940 2655 1117 2691 Lucullus,
1142 2654 1241 2686 Lucii
1264 2651 1412 2683 Luculli.
1434 2661 1507 2690 quae
1534 2661 1587 2681 ra·

878 2699 928 2729 tio
942 2702 1057 2729 tamen
1079 2707 1099 2728 a
1121 2706 1174 2727 me
1200 2695 1426 2736 praeferretur,
1445 2694 1472 2724 si
1491 2691 1585 2724 libris

879 2741 976 2771 bonis
1011 2741 1220 2770 firmaretur:
1262 2737 1350 2769 foret
1387 2737 1477 2767 enim
1510 2741 1586 2768 tota

878 2784 985 2815 oratio
1000 2782 1205 2814 concinnior.
1249 2780 1371 2822 Recepi
1384 2784 1419 2810 et
1435 2780 1585 2810 maoeima

878 2836 938 2866 pro
966 2835 1104 2865 magna.
1125 2829 1166 2855 ut
1192 2827 1243 2856 est
1268 2824 1303 2854 in
1331 2822 1484 2855 omnibus
1511 2820 1583 2852 edd.

875 2869 1050 2900 veteribus.

792 2922 939 2965 ku.
