1907 3231
552 134 674 173 Ac'r.
703 134 756 172 11.
788 132 977 172 LIBER
1003 132 1274 170 TER'rrUS.
1527 107 1606 174 2⁷7

223 240 400 291 Verum,
421 247 470 280 ut
495 239 612 290 dixi,
626 238 734 279 ratio
757 247 873 278 certa
894 247 959 278 est
980 235 1270 285 AEtnensium',
1292 242 1334 275 et
1356 234 1538 290 publicis
1560 244 1603 276 et
1615 237 1688 291 46

167 299 344 362 privatis
372 297 524 337 litteris
546 297 814 352 consignata.
847 309 954 335 meae
986 293 1224 349 diligentiae
1255 305 1434 347 pensum
1465 293 1602 349 magis
1619 315 1692 350 109

164 369 208 395 m
251 355 463 397 Leontino
499 368 604 410 agro
636 363 701 394 est
738 351 1016 408 exigendum,
1057 359 1231 406 propter
1269 348 1379 389 hanc
1416 363 1604 402 causam,

154 413 280 466 ,quod
309 412 392 468 ipsi
430 411 630 452 Leontini
663 410 833 467 publice
864 424 949 449 non
985 422 1084 448 sane
1116 421 1185 448 me
1221 405 1400 446 multum
1431 406 1606 460 adjuve-

151 479 277 510 runt.
309 483 448 524 neque
468 469 584 508 enim
605 482 677 508 eos
701 468 783 508 isto
808 476 1005 522 praetore,
1030 465 1095 507 11ae
1123 465 1458 507 decumanorum
1492 464 1549 518 inj
1560 479 1606 504 u-

150 525 238 568 ‚riae
273 526 499 567 laeserunt:
532 526 675 581 potius
706 525 851 575 etiam,
883 524 1069 578 judices,
1104 522 1375 577 adjuverunt.
1437 518 1604 562 Mirum

160 581 343 624 fortasse
374 583 456 624 hoc
479 584 616 634 vobis,
646 591 721 623 aut
751 581 1001 622 incredibile
1032 580 1240 629 videatur,
1275 578 1317 618 in
1350 577 1480 618 tantis
1510 592 1603 618 ara-

161 647 303 680 torum
340 641 640 690 incommodis,
677 640 925 689 Leontinos,
959 638 1030 693 qui
1066 637 1280 693 principes
1319 635 1377 676 rei
1411 632 1601 675 frumen-

161 697 281 738 tariae
320 697 507 748 fuerunt,
540 706 738 753 expertes
775 695 1148 736 incommodorum
1187 704 1316 748 atque
1346 691 1599 746 injuriarum

160 752 305 796 fuisse.
368 755 469 796 Hoc
506 770 646 796 causae
680 763 758 803 est,
785 753 971 808 judices,
1004 752 1118 807 quod
1154 751 1196 791 in
1230 765 1334 806 agro
1371 749 1599 800 Leontino,

147 821 316 867 *praeter
352 827 480 853 unam
519 811 790 852 Mnasistrati
824 809 1047 858 familiam,
1082 808 1252 864 glebam
1288 807 1599 848 Leontinorum

156 869 349 925 possidet
380 885 521 911 nemo.
584 868 737 923 Itaque
771 866 1057 916 Mnasistrati,
1089 865 1275 906 hominis
1307 864 1642 905 honestissimib.

156 935 286 982 atque
324 927 478 984 optimi
516 925 595 966 viri
631 925 940 975 testimonium,
976 923 1163 979 judices,
1196 921 1393 962 audietis.
1432 931 1597 963 ceteros

159 984 408 1035 Leontinos,
441 984 598 1039 quibus
638 998 724 1023 non
763 982 892 1022 modo
931 980 1150 1038 Apronius
1184 980 1227 1020 in
1267 979 1395 1035 agriS‚
1434 979 1506 1020 sed
1545 994 1599 1020 ne

156 1051 386 1098 tempestas
425 1041 599 1097 quidem
642 1040 727 1081 ulla
767 1053 922 1080 nocere
960 1038 1118 1095 potuit,
1155 1046 1407 1092 exspectare
1448 1036 1597 1078 nolite.

155 1097 329 1140 Etenim
352 1114 439 1140 non
462 1099 591 1139 modo
614 1097 878 1139 incommodi
910 1096 1018 1137 nihil
1039 1105 1271 1151 ceperunt3
1304 1094 1376 1135 sed
1399 1094 1529 1135 etiam
1552 1093 1597 1135 in

153 1155 415 1212 Apronianis
438 1156 519 1197 illis
550 1155 726 1212 rapinis,
750 1155 792 1195 in
815 1163 982 1210 quaestu
1017 1162 1116 1194 sunt
1136 1152 1482 1208 compendioque
1505 1166 1598 1193 ver-

145 1214 249 1255 sati.
311 1215 602 1270 Quapropter,
624 1213 827 1269 quoniam
858 1226 928 1252 me
960 1211 1174 1252 Leontina
1195 1210 1347 1250 civitas
1379 1219 1508 1264 atque
1538 1209 1686 1262 le-110

151 1272 288 1328 gatiO,
320 1282 496 1328 propter
524 1286 633 1322 eam,
665 1284 793 1325 quam
827 1269 935 1320 dixi,
961 1283 1149 1318 causam,
1180 1266 1365 1318 defecit3
1398 1267 1597 1308 mihimet

152 1329 339 1370 ineunda
372 1330 480 1370 ratio
502 1339 546 1369 et
575 1328 645 1369 via
674 1326 930 1383 reperiunda
958 1335 1036 1377 est,
1068 1340 1153 1380 qua
1181 1324 1233 1364 ad
1266 1324 1450 1380 Apronii
1477 1340 1596 1380 quae—

151 1395 281 1438 stum,
305 1387 394 1427 sive
416 1386 537 1436 adeo,
560 1401 645 1441 qua
669 1385 721 1425 ad
744 1384 866 1424 istius
891 1384 1112 1440 ingentem
1136 1382 1455 1437 immanemque
1485 1397 1597 1437 prae..

150 1444 249 1486 dam
272 1444 431 1500 possim
455 1443 690 1499 pervenire.
750 1441 857 1497 Agri
887 1441 1089 1482 Leontini
1112 1440 1306 1480 decumae
1328 1453 1442 1480 anno
1466 1440 1594 1484 tertio

151 1501 374 1542 venierunt
407 1501 537 1541 tritici
571 1499 840 1541 medimnum
878 1513 1063 1551 xxxw3
1093 1496 1177 1539 hoc
1210 1506 1289 1547 est,
1324 1496 1458 1538 tritici
1500 1512 1593 1538 mo·-

145 1558 267 1600 difim
292 1573 459 1600 ccxvi.
482 1572 656 1613 magno,
680 1557 869 1612 judiees,
893 1571 1067 1613 magno.
1089 1569 1227 1610 neque
1249 1553 1362 1594 enim
1387 1553 1471 1595 hoc
1492 1569 1592 1611 pos-

147 1631 242 1657 sum
275 1631 447 1673 negare.
509 1615 662 1670 [taque
698 1628 870 1655 necesse
901 1624 980 1665 est,
1014 1622 1089 1654 aut
1120 1613 1340 1663 damnum,
1371 1622 1446 1652 aut
1474 1622 1591 1653 certe

145 1688 233 1715 non
264 1688 470 1729 magnum
503 1673 665 1714 lucrum
702 1672 854 1714 fecisse
886 1672 1188 1712 decumanum.
1218 1669 1303 1710 hoc
1335 1670 1450 1710 enim
1482 1670 1591 1711 solet

146 1746 224 1773 usu
249 1732 392 1772 venire
415 1731 480 1783 iis,
503 1730 574 1786 qui
601 1745 758 1786 magno
782 1730 1068 1770 redemerunt.
1113 1727 1246 1778 Quid,
1270 1727 1302 1767 si
1326 1727 1522 1779 ostendo,
1544 1727 1588 1768 in
1606 1737 1675 1772 lll

145 1788 226 1830 hac
249 1803 334 1830 una
354 1790 588 1844 emptione,
610 1788 716 1829 lucri
740 1788 830 1828 fieri
855 1787 985 1827 tritici
1012 1786 1205 1827 modium
1232 1798 1255 1825 0
1274 1787 1286 1826 ἓ
1309 1785 1428 1839 quid,
1445 1785 1479 1825 si
1505 1789 1589 1828 cc?

142 1846 262 1902 quid,
300 1847 334 1887 si
370 1848 488 1887 ccc?
518 1846 637 1901 quid,
672 1846 706 1886 si
743 1859 862 1886 0000
904 1844 1065 1885 millia?
1116 1842 1403 1884 3dubitabitis
1443 1843 1590 1895 ctiam,

142 1905 213 1945 cui
244 1904 327 1944 ista
357 1912 476 1944 tanta
508 1904 654 1959 praeda
681 1903 865 1959 quaesita
896 1903 979 1944 sit?
1020 1901 1217 1956 iniquum
1249 1915 1318 1940 me
1350 1914 1441 1941 esse
1473 1901 1592 1955 quis-

142 1961 259 2017 piam
292 1961 422 2012 dicet,
452 1961 526 2017 qui
556 1975 610 2002 ex
641 1961 747 2002 lucri
779 1959 1080 2016 magnitudine
1106 1958 1403 2012 conjecturam
1431 1957 1589 1999 faciam

142 2019 245 2060 furti
268 2029 398 2074 atque
421 2018 607 2074 praedae?
642 2018 788 2065 Quid?
821 2018 853 2058 si
878 2018 1029 2068 doceo,
1046 2016 1232 2072 judices,
1256 2030 1343 2065 eos,
1367 2015 1440 2070 qui
1466 2028 1586 2057 cccc

139 2076 275 2118 millia
296 2076 489 2117 modium
514 2076 619 2116 lucri
644 2076 824 2126 faciunt,
846 2075 1051 2115 damnum
1075 2074 1264 2114 facturos
1288 2072 1434 2123 fuisse,
1457 2073 1491 2113 si
1515 2082 1590 2114 tua

139 2134 361 2190 iniquitas,
382 2134 414 2174 si
437 2133 497 2173 tui
517 2148 571 2174 ex
592 2133 771 2173 cohorte
795 2141 1113 2189 recuperatores
1132 2145 1219 2172 non
1243 2130 1588 2173 intercederent?

138 2207 240 2233 num
274 2192 369 2247 quis
401 2191 560 2247 poterit
593 2190 636 2231 in
669 2199 791 2231 tanto
822 2190 940 2230 lucro
965 2198 1170 2244 tantaque
1200 2187 1431 2243 iniquitate
1460 2187 1588 2229 dubi-

139 2261 242 2301 tare,
265 2245 383 2305 quin‘
401 2258 576 2305 propter
609 2247 934 2304 improbitatem
967 2257 1053 2287 tam
1086 2260 1268 2301 magnos
1298 2255 1490 2300 quaestus
1523 2245 1586 2290 fe,

134 2308 273 2349 ceris?
306 2316 480 2363 propter
501 2305 848 2361 magnitudinem
869 2312 1059 2359 quaestus
1082 2303 1305 2359 improbus
1324 2316 1416 2345 esse
1436 2301 1584 2347 volae„

137 2366 222 2407 ris?
255 2364 490 2410 Quomodo
513 2363 647 2419 igitur
669 2362 752 2406 hoc
775 2375 988 2419 assequar,
1004 2361 1254 2416 judices,ut
1275 2360 1423 2411 sciam,
1445 2375 1582 2416 quan-

136 2433 229 2464 tum
252 2421 356 2463 lucri
379 2421 541 2462 factum
567 2421 648 2466 sit?
672 2435 759 2461 non
778 2434 831 2459 ex
855 2418 1040 2474 Apronii
1063 2418 1235 2469 tabulis,
1253 2431 1360 2472 quas
1380 2432 1464 2474 ego
1481 2433 1582 2460 cum
1595 2417 1670 2452 11²

134 2480 449 2535 conquirerem,
472 2493 567 2519 non
591 2478 764 2518 inveni:
795 2484 838 2517 et
867 2490 967 2517 cum
997 2475 1043 2522 in
1066 2476 1141 2531 jus
1172 2476 1314 2530 ipsum
1335 2475 1483 2527 eduxi,
1505 2490 1582 2517 ex—

135 2537 285 2593 pressi,
321 2546 367 2578 ut
399 2535 613 2577 conficere
647 2534 813 2577 tabulas
847 2548 891 2574 se
927 2540 1119 2589 negaret,
1181 2533 1226 2573 Si
1264 2532 1582 2586 mentiebatur3

135 2594 417 2650 quamobrem
450 2594 714 2644 removebat,
737 2592 771 2633 si
797 2591 861 2634 hae
886 2591 1044 2633 tabulas
1076 2589 1186 2632 nihil
1207 2589 1288 2630 tibi
1309 2598 1432 2631 erant
1453 2591 1624 2643 obfu-P·
1643 2585 1718 2619 ¹724

137 2654 272 2694 turae?
305 2651 339 2692 si
371 2651 549 2692 omnino
579 2650 714 2695 nullas
747 2648 995 2692 confecerat
1027 2648 1217 2700 litteras3
1247 2661 1301 2688 ne
1330 2648 1375 2689 id
1405 2638 1622 2704 quidem*

173 2814 193 2843 3
209 2811 398 2843 dubitabitis
410 2810 526 2851 etiam]
548 2810 600 2841 Sic
616 2810 687 2841 edd.
701 2820 751 2851 pr.
766 2818 835 2840 non
877 2808 999 2840 eaedem
1015 2808 1139 2846 docebo,
1153 2807 1252 2838 male.
1274 2816 1351 2838 nam
1375 2813 1410 2837 et
1431 2812 1509 2838 ante
1531 2811 1580 2837 est

129 2854 300 2891 dubitatis,
319 2858 359 2884 ut
379 2853 576 2884 recentiores
599 2853 733 2885 habent.
757 2862 836 2883 nam
878 2852 1016 2884 ostendo.
1059 2852 1139 2883 Post
1161 2851 1282 2882 rectius
1303 2850 1405 2882 etiam
1421 2850 1504 2881 foret
1516 2847 1579 2888 sa-

131 2901 166 2928 εἴ
182 2900 256 2939 post
270 2900 320 2928 est
336 2896 431 2934 dicet,
442 2897 563 2937 poterit
577 2896 738 2927 dubitare.
755 2895 836 2926 Mox
878 2895 979 2926 eia-nt.

817 2951 845 2979 Τ
868 2942 894 2978 3
