1907 3231
325 123 401 157 428
866 122 937 160 IN
970 120 1245 159 VERREM

321 222 587 266 existimatio
611 224 759 282 populi
795 224 980 266 Romani
1013 234 1057 265 et
1087 224 1351 279 frequentia:
1384 224 1472 276 sed,
1494 225 1756 280 ubicumque

322 289 527 324 terrarum
550 291 595 323 et
627 283 821 339 gentium
845 283 1050 322 violatum
1077 296 1152 336 Jus
1185 283 1344 323 civium
1369 282 1665 324 Romanorum
1686 283 1756 333 sit,

321 338 508 379 statuitis
547 340 597 381 id
622 340 833 395 pertinere
865 339 917 379 ad
950 348 1224 380 communem
1262 355 1434 381 causam
1466 340 1676 382 libertatis
1711 349 1756 380 et

234 395 559 452 144dignitatis.
620 397 669 437 In
703 406 978 436 externorum
1011 395 1251 448 hominum,
1273 406 1317 438 et
1347 398 1640 439 maleficorum
1663 410 1754 437 sce-

317 452 647 509 leratorumque,
678 454 721 493 in
755 452 1005 507 praedonum
1042 452 1316 509 hostiumque
1345 456 1562 496 custodias
1588 465 1634 495 tu
1656 462 1751 494 tau-

316 519 409 551 tum
447 525 672 552 numerum
711 509 871 550 civium
921 509 1217 551 Romanorum
1263 511 1479 553 includere
1516 527 1645 553 ausus
1682 513 1753 552 es?

313 580 604 623 numquamne
643 566 721 607 tibi
758 566 932 621 judicii,
963 581 1199 622 numquam
1233 569 1471 619 concionis,
1512 581 1751 634 numquam

313 624 442 680 hujus
464 634 593 665 tantae
613 623 881 679 frequentiae,
903 639 999 679 quae
1022 639 1137 665 nunc
1160 625 1304 666 animo
1326 634 1367 666 te
1389 626 1660 682 iniquissimo
1683 625 1748 667 in·-

313 682 630 736 festissimoque
646 681 851 731 intuetur,
876 683 993 723 venit
1011 682 1054 722 in
1073 685 1285 737 mentem?
1317 697 1562 749 numquam
1572 684 1651 724 tibi
1671 697 1750 739 po-

310 739 400 796 puli
435 738 620 779 Romani
654 739 841 779 absentis
874 739 1078 795 diffnitas,
1100 754 1336 795 numquam
1368 741 1532 796 speeies
1554 741 1647 797 ipsa
1666 741 1748 781 hu-

302 796 548 851 juscemodi
582 795 885 847 multitudinis,
927 798 971 837 in
1010 797 1144 838 oculis
1178 797 1409 852 animoque
1444 809 1613 839 versata
1651 800 1745 839 est?

308 865 544 909 numquam
567 860 608 894 te
629 854 673 894 in
696 852 850 894 horum
871 867 1150 911 conspeetum
1171 855 1423 906 rediturum,
1444 867 1679 910 numquam
1701 855 1746 896 in

309 910 450 952 forum
483 911 632 968 populi
667 910 853 952 Romani
887 921 1131 963 venturum,
1161 926 1397 968 numquam
1423 913 1504 953 sub
1536 912 1680 968 legum
1701 921 1746 952 et

290 967 569 1024 judiciorum
591 977 849 1032 potestatem
871 982 1069 1010 casurum
1092 984 1182 1010 esse
1201 970 1386 1026 putasti?

228 1011 298 1066 56
369 1025 429 1066 At
449 1040 546 1081 quae
567 1034 655 1066 erat
679 1025 761 1066 ista
781 1025 915 1066 libido
945 1026 1209 1067 crudelitatis
1239 1026 1520 1068 exercendae?
1550 1040 1663 1081 quae
1679 1034 1747 1068 tot

267 1086 300 1115 b
311 1083 515 1125 scelerum
538 1083 904 1139 suscipiendorum
928 1087 1081 1126 causa?
1112 1083 1440 1140 nulla,judices‚
1456 1092 1613 1140 praeter
1634 1097 1746 1140 prae-

225 1134 438 1182 145dandi
471 1155 627 1182 novam
650 1140 1006 1205 singularemque
1029 1141 1254 1182 rationem.
1316 1142 1429 1182 Nam
1462 1151 1511 1182 ut
1539 1140 1614 1192 illi,
1636 1150 1744 1197 quos

307 1213 332 1239 a
351 1198 491 1254 poetis
514 1197 773 1253 accepimus,
793 1198 908 1238 sinus
927 1199 1136 1253 quosdam
1155 1199 1374 1240 obsedisse
1395 1198 1650 1261 maritimos,
1668 1208 1744 1240 aut

304 1255 448 1312 aliqua
469 1256 776 1320 promontoria,
810 1267 884 1296 aut
902 1266 1123 1321 praerupta
1143 1271 1247 1297 saxa
1269 1260 1308 1288 58
1321 1266 1507 1297 tenuisse
1525 1255 1742 1307 dicuntur,

303 1323 351 1353 ut
373 1328 460 1364 eos,
483 1313 556 1368 qui
586 1323 727 1353 essent
753 1313 918 1369 appulsi
953 1313 1415 1370 nax101is,interfieere
1445 1321 1645 1369 possent:
1679 1313 1742 1355 sic

301 1371 382 1412 iste
401 1372 442 1412 in
467 1371 613 1412 omnia
630 1370 763 1411 maiia
782 1370 961 1411 infestus
980 1386 1033 1412 ex
1054 1346 1254 1412 omriibus
1272 1371 1431 1413 Siciliae
1451 1370 1669 1427 partibus
1659 1384 1740 1411 im-

299 1429 508 1470 minebat.
570 1429 870 1483 Quaecumque
906 1429 1026 1469 navis
1068 1443 1122 1469 ex
1164 1429 1282 1480 Asia,
1313 1432 1354 1463 59
1367 1442 1464 1483 quae
1503 1442 1558 1468 ex
1601 1428 1740 1483 Syria,

300 1500 399 1542 quae
430 1485 562 1542 Tyro,
583 1500 680 1541 quae
703 1484 965 1527 Alexandria
987 1494 1174 1537 venerat,
1199 1486 1343 1526 statim
1366 1485 1494 1527 certis
1519 1485 1737 1526 indicibus

299 1555 344 1584 et
373 1544 625 1586 custodibus
647 1543 893 1585 tenebatur:
928 1553 1119 1584 vectores
1141 1558 1289 1584 ornnes
1313 1543 1355 1584 in
1386 1542 1615 1583 lautumias
1633 1555 1738 1583 con-

293 1601 585 1656 jiciebantur:
618 1615 747 1640 onera
765 1609 894 1656 atque
910 1615 1072 1641 merces
1096 1601 1135 1641 in
1162 1601 1408 1657 praetoriam
1427 1600 1604 1641 domum
1621 1599 1739 1641 defe-

301 1660 532 1700 rebantur:
566 1659 814 1698 versabatur
847 1673 890 1698 1n
925 1658 1072 1699 Sicilia
1093 1659 1224 1714 longo
1247 1657 1470 1698 inteivallo
1499 1656 1620 1707 alter,
1648 1671 1737 1699 non

303 1714 541 1772 Dionysius
563 1715 645 1766 ille,
669 1729 747 1756 nec
769 1715 976 1765 Phalaris,
998 1715 1117 1767 (tulit
1137 1716 1251 1756 enim
1273 1715 1345 1756 illa
1359 1714 1578 1769 quondam
1600 1714 1740 1755 insula

300 1773 460 1815 multos
498 1782 541 1814 et
579 1773 769 1813 crudeles
801 1775 1040 1828 tyrannos)
1071 1773 1144 1814 sed
1172 1773 1390 1828 quoddam
1419 1786 1580 1812 novum
1609 1784 1742 1813 mon-1

301 1839 452 1881 strum,
477 1845 533 1871 ex
556 1839 699 1871 vetere
720 1830 790 1871 illa
811 1831 1095 1882 immanitate,
1126 1845 1223 1886 quae
1258 1831 1301 1871 in
1329 1829 1482 1870 iisdem
1514 1828 1619 1869 locis
1642 1843 1736 1870 ver-

215 1897 394 1940 1465ata
413 1901 504 1930 esse
524 1888 696 1928 dicitur.
759 1888 859 1928 Non
881 1888 994 1929 enim
1021 1888 1288 1952 Charybdim
1313 1897 1400 1928 tam
1423 1886 1638 1937 infestam,
1660 1900 1736 1928 ne-

299 1960 383 2004 que
405 1945 591 2001 Scyllam
614 1945 770 1996 nautis,
793 1960 921 2001 quam
945 1946 1074 1986 istum
1098 1946 1142 1986 in
1164 1946 1315 1986 eodem
1338 1944 1447 1986 freto
1471 1943 1602 1985 fuisse
1623 1944 1736 1985 arbi-

296 2015 400 2045 tror.
422 2004 504 2045 hoc
525 2003 655 2044 etiam
678 2003 758 2044 iste
780 2002 991 2054 infestior,
1010 2004 1125 2059 quod
1148 2003 1284 2044 multo
1303 2017 1347 2043 se
1369 2002 1581 2066 pluribus.
1580 2009 1624 2041 et
1643 2015 1734 2042 ma-

289 2061 462 2116 ioribus
485 2061 664 2102 canibus
689 2061 977 2102 succinxerat.
1039 2060 1228 2116 Cyclops
1262 2060 1380 2111 alter,
1403 2059 1539 2100 multo
1571 2059 1734 2114 impor-

297 2120 457 2160 tunior.
479 2119 551 2160 hic
581 2119 695 2159 enim
719 2126 855 2160 totam
877 2118 1058 2159 insulam
1090 2118 1340 2159 obtinebat.
1373 2116 1443 2158 ille
1464 2115 1642 2157 AEtnam
1664 2131 1733 2158 so-

298 2177 399 2228 lam,
420 2185 463 2217 et
485 2189 580 2217 eam
603 2175 764 2217 Siciliae
786 2184 950 2231 paltem
974 2177 1161 2216 tenuisse
1183 2176 1356 2216 dicitur.
1406 2173 1466 2215 At
1483 2189 1582 2228 quae
1604 2186 1733 2216 causa

299 2243 393 2276 tum
425 2234 737 2289 subjiciebatur
765 2234 819 2274 ab
841 2233 950 2289 ipso,
966 2233 1154 2298 judices,
1176 2233 1303 2288 hujus
1327 2240 1414 2273 tam
1437 2231 1613 2272 nefariae.
1634 2244 1732 2272 cru-

298 2292 510 2334 dentatis?
538 2291 703 2342 eadem,
719 2305 816 2346 quae
838 2303 953 2332 nunc
971 2292 1015 2332 in
1037 2289 1286 2331 defensione
1307 2289 1730 2330 commemorabitur.

299 2348 576 2405 Quicumque
608 2356 875 2390 accesserant
905 2349 958 2389 ad
993 2348 1183 2389 Siciliam
1215 2347 1358 2404 paullo
1400 2346 1627 2403 pleniores,
1657 2360 1730 2387 eos

297 2407 568 2449 Sertorianos
588 2406 746 2448 milites
768 2421 873 2456 esse,
895 2414 1025 2461 atque
1046 2420 1070 2446 a
1090 2405 1250 2446 Dianio
1270 2404 1420 2461 fugere
1439 2404 1626 2444 dicebat.
1659 2402 1729 2445 Illi

295 2464 348 2506 ad
370 2464 687 2521 deprecandum
710 2463 948 2520 periculum
970 2462 1260 2520 profeiebant,
1292 2462 1363 2502 alii
1386 2473 1619 2517 purpuram
1639 2459 1729 2515 Ty-

248 2542 254 2545 ·
278 2522 424 2574 ·ri'am;
457 2531 524 2563 tus
551 2521 625 2562 alii
655 2530 785 2577 atque
807 2521 959 2562 odores
982 2521 1281 2575 60vestemque
1302 2519 1503 2569 lintea1n;
1536 2531 1728 2572 gemmas

293 2579 365 2621 alii
383 2588 427 2620 et
446 2579 724 2636 margaritas3
756 2579 857 2620 vina
876 2577 1070 2619 nonnulli
1096 2577 1266 2628 Graeca,
1290 2550 1562 2631 venalesque&
1566 2573 1728 2616 Asiati-

335 2712 382 2744 53,
395 2710 537 2745 tenuisse
556 2710 727 2750 dicum-nr]
744 2709 916 2741 Dicuntur
933 2709 988 2740 de·
1030 2709 1125 2739 Gmt.
1140 2716 1337 2748 quamquam
1360 2704 1543 2737 Lambinus
1557 2685 1604 2736 ait
1618 2685 1731 2736 abesse

289 2753 426 2785 lendum
439 2758 499 2783 est.
543 2753 664 2783 Omnia
677 2752 826 2792 pendent
844 2752 886 2782 ab
899 2761 989 2782 acce·
1030 2762 1050 2782 a
1063 2751 1143 2782 Mss.
1161 2749 1297 2781 duobus».

285 2796 408 2836 pimus.
453 2795 526 2826 Nisi
553 2795 647 2825 malis
684 2805 760 2825 cum
788 2794 851 2825 Ms.
877 2793 986 2825 Guelf.
1070 2794 1111 2824 60
1132 2797 1251 2823 vestem
1269 2789 1418 2829 linteam]
1437 2790 1489 2821 De
1502 2787 1657 2830 stragulis
1672 2798 1728 2819 ve-

289 2838 429 2867 scribere
444 2838 499 2876 qui
515 2838 604 2867 sinus
619 2837 773 2876 quosdam
790 2837 847 2867 ἃς.
1029 2836 1133 2866 stibus
1149 2835 1268 2876 accipit
1282 2834 1386 2865 Graev
1381 2842 1442 2868 ius,
1465 2831 1506 2863 ad
1519 2831 1622 2862 lectos
1637 2830 1730 2862 cubi.

331 2883 371 2913 59
393 2887 463 2920 que
489 2889 529 2910 ex
557 2879 672 2920 Syria]
701 2889 772 2920 qmae
793 2878 914 2910 excidit
935 2878 985 2910 ed.
1030 2878 1167 2910 culares.
1185 2878 1277 2909 bene.
1290 2876 1329 2908 de
1342 2875 1391 2907 his
1405 2880 1441 2906 et
1455 2883 1553 2916 supra
1567 2884 1594 2905 c.
1614 2876 1661 2904 11.
