1907 3231
606 118 724 158 PRO
748 119 807 159 M.
831 117 1112 158 FONTEIO.
1502 124 1579 160 448

128 220 415 269 *accusatione
435 237 532 266 mea
551 233 758 266 contenta
778 225 849 277 sit,
870 224 1064 281 mihique
1083 222 1265 280 posthac
1280 224 1417 265 bonos
1436 225 1581 282 potius

138 284 367 326 defendere
388 283 529 334 liceat,
551 297 679 337 quam
700 283 920 340 improbos
941 295 1143 324 accusare
1164 295 1336 322 necesse
1357 282 1428 324 sit.

422 480 506 534 M.
547 479 831 534 TULLII
869 478 1302 535 CICERONIS

882 586 910 613 0

294 652 403 729 M.
522 655 574 720 F
654 655 714 721 o
797 586 875 721 {i
945 646 1006 721 T
1082 655 1252 722 EI
1335 657 1426 726 o,

506 773 778 817 ORATIO
826 773 1238 831 UNDECIMAX

666 958 1070 997 ARGUMENTUM.

141 1032 196 1069 M.
217 1032 383 1068 Fonteius
402 1032 545 1067 Proetor
569 1029 731 1065 Galliam
749 1029 955 1064 obtinuerat
969 1040 1036 1075 per
1055 1030 1262 1066 triennium.
1299 1029 1456 1066 Romam
1474 1043 1592 1067 rever-

194 1097 254 1121 sus
277 1085 557 1133 repetundarum
590 1094 671 1118 reus
684 1081 814 1130 factus
839 1085 903 1122 est,
930 1082 1180 1117 accusantibus
1208 1083 1326 1118 Gallis
1358 1085 1594 1132 inprimisque

194 1137 448 1173 Indutiomaro
472 1136 701 1172 Trevirorum
724 1135 821 1170 duce.
875 1135 1078 1170 Accusator
1089 1133 1174 1183 fait
1201 1135 1256 1172 M.
1277 1135 1485 1179 Plaetorius,
1509 1138 1591 1173 sub-

191 1191 349 1238 scriptor
372 1188 428 1225 M.
456 1189 597 1224 Fabius.
652 1186 820 1223 llffaoeima
847 1198 935 1234 pars
959 1189 1148 1228 orationis,
1173 1192 1282 1235 atque
1303 1189 1478 1237 pleraque
1502 1191 1592 1225 adeo

191 1242 341 1278 fonteio
360 1240 497 1288 objecta
516 1242 669 1277 crimina
687 1240 866 1275 interiere.
922 1237 1078 1274 Restant
1098 1242 1182 1276 tria.
1237 1240 1416 1284 Primum,
1437 1243 1481 1278 de
1504 1243 1594 1278 Gal-

196 1295 248 1330 lia
266 1307 334 1330 aere
353 1295 486 1336 alieno,
507 1295 619 1341 ipsius
643 1293 762 1340 calpa,
782 1303 974 1339 oppressa:
1004 1293 1172 1334 alterum,
1193 1294 1237 1328 cle
1260 1299 1396 1340 qaaesta
1414 1306 1433 1330 e
1449 1296 1593 1330 viarum

193 1349 393 1383 munitione
416 1348 595 1394 imperata
607 1345 731 1394 facto,
752 1355 878 1392 nempe
902 1343 997 1391 quod
1021 1347 1183 1392 pecuniae
1207 1346 1336 1381 dandae
1351 1345 1526 1395 fuissent,
1551 1352 1593 1384 ut

194 1405 258 1436 aut
275 1411 318 1435 ne
337 1410 500 1447 cogeret-e
518 1399 566 1434 ad
583 1398 826 1438 muniendum,
843 1401 908 1431 aut
927 1397 1022 1443 quod
1039 1399 1213 1433 munitam
1231 1404 1322 1440 erat,
1340 1400 1378 1434 iel
1394 1412 1438 1435 ne
1456 1401 1592 1448 impro-

194 1453 365 1489 baretur.-
395 1452 544 1487 tertium
573 1451 615 1486 de
636 1450 802 1497 portorio
818 1450 894 1484 vini
921 1450 1099 1486 instituto.
1147 1450 1270 1486 Cicero
1290 1453 1323 1486 in
1354 1451 1421 1494 his,
1442 1464 1520 1500 quoe
1537 1465 1594 1489 re-

192 1509 307 1546 stant,
326 1505 365 1539 id
381 1504 547 1551 inprimis
564 1504 657 1550 agit,
673 1506 712 1537 ut
733 1502 851 1538 Gallis
858 1501 974 1551 fidem
992 1513 1064 1537 non
1083 1502 1283 1539 habendam
1303 1505 1440 1546 doceat,
1461 1508 1594 1554 quippe

195 1556 397 1593 hominibus
418 1556 563 1598 levibus,
578 1555 741 1605 pefidis,
760 1559 795 1590 et
814 1555 850 1589 in
868 1555 962 1602 ipsos
980 1554 1082 1590 Deos
1099 1557 1323 1592 immortales
1339 1559 1473 1606 impiis.

669 1637 831 1680 Desunt
844 1637 1068 1694 permulta.

148 1720 303 1786 HOC
326 1750 512 1799 praetore
535 1756 782 1799 oppressam
807 1756 897 1782 esse
920 1756 1004 1783 aere
1026 1741 1165 1783 alieno
1188 1742 1391 1786 Galliam.
1434 1744 1472 1786 A
1496 1744 1590 1800 qui-
1607 1745 1635 1794 1

144 1803 224 1844 bus
259 1815 450 1842 versuras
494 1810 709 1841 tantarum
744 1800 1023 1856 pecuniarum
1060 1800 1196 1841 factas
1235 1816 1325 1843 esse
1357 1802 1536 1845 dicunt?
1567 1817 1625 1852 al

148 1859 315 1902 Gallis?
345 1857 454 1899 nihil
472 1858 628 1898 minus.
688 1857 728 1898 A
750 1857 905 1914 quibus
928 1858 1090 1914 igitur?
1121 1874 1146 1899 a
1168 1858 1336 1900 civibus
1365 1860 1592 1912 Romanis,

144 1918 219 1974 qui
243 1917 520 1972 negotiantur
541 1915 584 1957 in
609 1915 764 1956 Gallia.
822 1914 912 1956 Cur
934 1930 1080 1957 eorum
1104 1917 1236 1957 verba
1257 1933 1342 1958 non
1367 1918 1593 1960 audimus?

144 1990 222 2018 cur
244 1989 393 2016 eorum
416 1973 574 2015 tabulae
605 1973 731 2014 nullae
755 1973 1059 2030 proferuntur?
1092 1972 1288 2016 Insector
1316 1975 1442 2028 ultro,
1464 1986 1594 2032 atque

143 2034 258 2076 insto
291 2031 547 2082 accusatori,
573 2030 770 2086 judices:
812 2031 1013 2083 insector,
1050 2032 1241 2087 inquam,
1272 2042 1316 2074 et
1346 2034 1500 2090 flagito
1531 2044 1594 2075 te-

144 2103 244 2133 stes.
307 2090 408 2131 Plus
431 2104 513 2146 ego
541 2089 584 2130 in
617 2089 698 2130 hac
729 2104 858 2130 causa
887 2089 1046 2130 laboris
1077 2100 1119 2130 et
1141 2105 1285 2146 operae
1308 2107 1517 2133 consumo
1549 2092 1607 2133 in*

143 2148 372 2207 poscendis
406 2147 614 2197 testibus3
645 2162 773 2202 quam
805 2147 935 2188 ceteri
972 2147 1219 2190 defensores
1259 2149 1303 2190 in
1340 2149 1593 2191 refutandis.

150 2211 162 2238 l
191 2205 409 2248 Audacter
439 2205 523 2246 hoc
554 2205 666 2256 dico,
691 2204 887 2259 judices:
919 2220 1006 2246 non
1038 2214 1199 2247 temere
1219 2207 1445 2249 confirmo.
1507 2206 1594 2249 Re-

144 2263 256 2306 ferta
285 2263 428 2305 Gallia
460 2263 781 2320 negotiatorum
814 2272 893 2313 est,
926 2263 1052 2319 plena
1083 2263 1245 2305 civium
1279 2264 1593 2307 Romanorum.

142 2337 272 2365 nemo
296 2321 520 2363 Gallorum
545 2320 635 2361 sine
656 2320 751 2361 cive
775 2319 975 2362 Romano
997 2321 1233 2377 quidquam
1264 2324 1430 2379 negotii
1454 2323 1592 2380 gerit:

142 2395 300 2422 numus
337 2380 380 2420 in
415 2378 560 2420 Gallia
599 2377 738 2419 nullus
771 2378 861 2418 sine
894 2378 1055 2419 civium
1097 2379 1394 2421 Romanorum
1435 2380 1592 2422 tabulis

142 2446 458 2480 commovetur.
513 2436 682 2487 Videte,
705 2450 790 2492 quo
813 2436 1085 2488 descendam,
1101 2437 1288 2492 judiceS‚
1311 2453 1440 2494 quam
1462 2438 1627 2495 longeq

145 2495 291 2539 videar
320 2496 375 2537 ab
397 2494 709 2537 consuetudine
732 2509 827 2535 mea
847 2504 890 2534 et
912 2494 1114 2536 cautione
1135 2510 1185 2537 ac
1206 2495 1434 2552 diligentia
1453 2497 1593 2539 disce-

144 2621 318 2654 Sententia
343 2621 442 2662 plena
477 2622 556 2652 satis
591 2624 689 2657 esset,
717 2621 744 2651 si
772 2630 847 2650 mea
889 2624 939 2651 est
953 2619 1046 2651 vaide
1061 2625 1248 2662 corruptus.
1283 2621 1394 2654 Habet
1407 2623 1471 2653 sic:
1494 2628 1533 2654 ut
1545 2624 1592 2660 Izi,

135 2663 226 2705 fides
240 2664 376 2694 abesset.
419 2663 521 2696 Aldus
536 2664 620 2704 Nep.
641 2665 730 2694 1580.
746 2663 848 2693 edidit
890 2663 1004 2704 quihus
1016 2673 1098 2703 resp.
1110 2665 1232 2704 placet,
1244 2665 1408 2697 servanda
1421 2676 1594 2706 eorumque

146 2717 186 2737 ex
211 2705 417 2737 Hotomanni
432 2708 638 2747 conjectura,
661 2716 734 2736 mea
746 2706 847 2748 fideS,
890 2716 960 2736 una
974 2707 1180 2737 accusatione
1193 2717 1267 2738 mea
1280 2713 1431 2739 contenta
1444 2710 1486 2739 sit
1501 2711 1560 2739 διε.

146 2758 279 2789 unaque
293 2751 354 2780 hac
368 2758 436 2780 acc.
450 2749 537 2790 quod
555 2755 591 2780 et
605 2749 753 2779 Graevius
776 2758 850 2789 pro·
939 2752 951 2778 l
976 2749 1171 2789 Audaciter]
1201 2751 1253 2781 Sic
1278 2761 1318 2782 ex
1343 2751 1407 2782 Ms.
1423 2751 1539 2782 Faemi
1560 2756 1597 2782 et

148 2792 217 2822 bat.
248 2791 329 2822 mihi
357 2801 425 2821 non
452 2792 623 2823 satisfacit.
668 2791 754 2821 Puto
782 2800 851 2821 esse
894 2790 964 2821 Pal.
989 2791 1092 2822 edidit
1113 2792 1294 2824 Gruterus:
1318 2803 1432 2825 omnes
1455 2794 1512 2825 alii
1533 2804 1595 2824 aa-

147 2832 337 2865 delendum.
351 2833 430 2864 fides
442 2840 476 2865 et
498 2835 534 2865 in
547 2835 620 2866 aliis
632 2835 738 2864 causis
752 2844 852 2873 agen·
894 2834 1020 2872 dacter,
1047 2845 1126 2875 quos
1155 2837 1266 2876 potius
1290 2842 1422 2868 secutus
1449 2846 1536 2874 sum,
1562 2846 1594 2866 v.

146 2876 198 2908 alis
221 2876 420 2918 postulatur.
466 2876 574 2909 Locus
596 2878 633 2908 in
653 2876 718 2908 Ms.
742 2876 851 2908 Guelf.
897 2876 988 2907 Clav.
