1907 3231
419 148 539 188 ACT.
567 144 618 186 II.
654 143 840 184 LIBER
867 145 1193 187 SECUNDUS.
1441 147 1518 189 209

81 268 212 297 causa
233 269 316 295 non
347 253 504 309 agitur.
563 251 754 292 Veniunt
776 251 827 292 ad
857 251 991 293 ⁴istum
1022 252 1246 293 domestici
1271 253 1424 303 nuntii,
1447 253 1519 294 lit-

84 321 279 367 terasque
300 326 323 351 a
342 320 461 366 patre
483 309 667 350 afferunt
689 318 787 349 ante
808 308 1022 349 Kalendas
1060 308 1291 350 Decembr.
1325 325 1423 350 cum
1446 311 1517 351 isti

81 370 214 410 etiam
238 378 328 409 tum
351 368 403 408 de
433 367 613 407 Sthenio
645 367 812 422 integra
845 375 935 406 tota
966 380 1030 406 res
1053 376 1187 408 esset:
1219 366 1455 421 eodemque
1477 368 1516 407 ei

84 436 277 482 tempore
294 425 346 466 de
367 424 516 465 eadem
539 438 582 464 re
608 423 761 464 litterae
788 423 1029 478 complures
1062 439 1087 464 a
1107 423 1251 464 multis
1284 423 1376 478 ejus
1408 424 1514 464 ami-

83 483 146 524 cis
169 498 218 523 ac
239 481 485 522 necessariis
507 480 755 521 afferuntur.
817 480 904 521 Hic
926 480 1020 531 iste,
1050 482 1122 536 qui
1156 495 1244 536 prae
1277 480 1514 535 cupiditate
1526 468 1599 517 40

84 553 223 595 neque
263 539 395 580 officii
439 538 517 588 sui,
555 552 694 592 neque
736 537 928 592 periculi,
970 552 1108 593 neque
1149 537 1336 594 pietatiS,
1376 551 1515 592 neque

84 596 364 637 humanitatis
407 596 614 636 rationem
662 594 883 635 habuisset
923 609 1141 650 umquam,
1183 609 1322 651 neque.
1363 595 1407 635 in
1450 610 1516 646 eo,
1533 597 1565 628 b.

85 653 202 708 quod
232 654 503 704 monebatur,
538 652 838 692 auctoritatem
867 652 1015 708 patris,
1038 667 1116 694 nec
1146 652 1189 693 in
1214 668 1279 704 eo,
1306 652 1420 708 quod
1450 666 1519 693 ro-

85 711 283 766 gabatur,
321 713 356 741 15
372 710 635 751 voluntatem
668 708 943 760 (amicorum)
973 711 1317 765 anteponendam
1351 709 1522 766 putavit

87 767 255 808 libidini
279 782 392 808 suae:
423 781 549 807 mane
573 765 778 807 Kalendis
816 764 1046 807 Decembr.
1079 775 1126 807 ut
1159 767 1367 817 edixerat,
1392 767 1519 807 Sthe-

86 826 205 866 nium
228 825 350 865 citari
363 824 506 878 jubet.
568 824 612 864 Si
635 824 709 863 abs
734 831 774 862 te
796 823 922 862 istam
936 836 1024 863 rem
1047 838 1198 879 parens
1221 834 1318 865 tuus
1337 824 1517 880 alicujus
1529 833 1579 870 98

87 882 214 923 amici
247 892 415 938 rogatu,
447 880 714 936 benignitate
742 887 816 920 aut
837 880 1075 920 ambitione
1096 882 1296 922 inductus
1319 882 1521 938 petisset;

88 939 343 995 gravissima
376 948 518 979 tamen
549 937 661 993 apud
686 946 727 976 te
755 936 950 977 voluntas
986 938 1117 993 patris
1148 953 1239 979 esse
1278 939 1520 981 debuisset:

87 1011 186 1038 cum
210 1010 310 1036 vero
332 997 406 1036 abs
430 1007 471 1036 te
488 995 550 1035 tui
568 994 721 1050 capitis
745 1009 872 1034 causa
889 1003 1068 1050 peteret,
1082 995 1364 1052 hominesque
1385 1006 1525 1037 certos

86 1054 218 1094 domo
240 1053 438 1103 misisset,
462 1052 591 1108 hique
613 1066 663 1092 eo
695 1060 888 1107 tempore
919 1052 971 1092 ad
1003 1061 1045 1092 te
1069 1054 1299 1105 venissent,
1322 1069 1420 1095 cum
1443 1055 1524 1095 tibi

89 1112 133 1151 in
156 1112 325 1166 integro
357 1119 448 1150 tota
480 1124 545 1150 res
573 1117 697 1158 esset,
728 1123 780 1148 ne
802 1118 892 1148 tum
915 1109 1089 1163 quidem
1124 1120 1164 1151 te
1196 1111 1354 1167 potuit,
1379 1112 1412 1151 si
1436 1126 1526 1152 non

88 1167 278 1223 pietatis,
300 1175 344 1207 at
376 1167 522 1207 salutis
548 1175 632 1207 tuae
667 1166 776 1206 ratio
809 1166 861 1206 ad
893 1166 1085 1207 officium
1119 1170 1432 1224 sanitatemque
1463 1183 1527 1210 re-

88 1225 269 1266 ducere?
322 1224 442 1265 Citat
485 1238 617 1265 reum.
658 1237 745 1263 non
779 1223 1022 1278 respondet.
1064 1224 1169 1266 citat
1207 1236 1526 1269 accusatorem:

94 1281 382 1334 16(attendite,
400 1280 760 1336 quaeso,judices:
794 1280 951 1330 videte,
965 1291 1231 1337 quantopere
1245 1283 1365 1324 istius
1383 1298 1528 1324 amen-

92 1339 165 1380 tiae
188 1339 362 1380 fortuna
384 1339 476 1394 ipsa
500 1338 722 1387 adversata
743 1336 822 1378 sit:
854 1347 897 1376 et
916 1337 1042 1377 simul
1061 1339 1217 1390 videte,
1240 1342 1334 1395 quis
1359 1341 1528 1382 Sthenii

91 1411 265 1437 causam
299 1410 420 1437 casus
454 1395 717 1450 adjilveritz)
755 1394 912 1434 citatus
943 1405 1182 1447 accusator,
1223 1397 1290 1438 M.
1326 1397 1526 1448 Pacilius,

92 1453 238 1494 nescio
270 1468 356 1509 quo
398 1467 513 1502 casu,
546 1466 633 1491 non
663 1450 899 1507 respondit,
929 1465 1017 1492 non
1049 1452 1188 1494 affuit.
1260 1455 1305 1495 Si
1340 1469 1526 1510 praesens
1539 1467 1589 1502 99

94 1511 298 1552 Sthenius
320 1525 414 1551 reus
437 1517 547 1550 esset
569 1508 730 1560 factus3
764 1508 796 1547 si
817 1508 1047 1550 manifesto
1071 1510 1114 1550 in
1130 1510 1343 1552 maleficio
1365 1523 1530 1553 tenere-

94 1578 187 1619 tur;
220 1578 376 1618 tamen,
397 1581 496 1608 cum
517 1577 740 1608 accusator
763 1579 849 1605 non
871 1565 1051 1617 adesset,
1076 1567 1303 1609 Sthenium
1328 1570 1532 1610 condem-

93 1626 185 1666 nari
203 1640 289 1666 non
312 1633 544 1681 oporteret.
594 1622 782 1673 Etenim,
806 1623 839 1662 si
865 1633 1009 1678 posset
1030 1638 1139 1676 reUS,
1162 1627 1338 1668 absente
1360 1642 1535 1668 accusa.-

96 1692 203 1734 tore,
232 1682 440 1733 damnari,
469 1696 556 1721 non
590 1695 672 1736 ego
695 1695 719 1720 a
750 1679 922 1720 Vibone
961 1681 1123 1722 Veliam
1147 1683 1325 1738 parvulo
1357 1685 1534 1740 navigio

96 1739 208 1781 inter
241 1739 526 1796 fugitivorum
553 1753 603 1779 ac
634 1737 903 1794 praedonum,
926 1752 976 1778 ac
999 1747 1072 1779 tua
1094 1741 1178 1780 tela
1200 1742 1426 1793 venissem,
1449 1757 1536 1797 quo

98 1806 294 1854 tempore
316 1797 455 1837 omnis
478 1796 549 1836 illa
567 1810 661 1835 mea
687 1794 908 1835 festinatio
941 1794 1024 1836 fuit
1046 1812 1144 1837 cum
1169 1798 1358 1852 periculo
1381 1800 1536 1855 capitis

97 1855 154 1895 ob
176 1869 270 1895 eam
291 1868 478 1904 causam,
497 1867 551 1893 ne
581 1862 626 1893 tu
649 1867 703 1892 ex
726 1851 808 1892 reis
830 1852 1081 1904 eximerere,
1104 1854 1137 1894 si
1161 1869 1242 1911 ego
1274 1871 1361 1897 non
1392 1856 1540 1897 affuis-

99 1926 187 1952 sem
210 1912 263 1952 ad
284 1912 413 1952 diem.
475 1910 605 1957 Quod
627 1909 761 1966 igitur
793 1909 872 1949 tibi
894 1919 985 1950 erat
1007 1911 1050 1951 in
1074 1921 1148 1952 tuo
1163 1912 1334 1966 judicio
1357 1914 1539 1969 optatis-

99 1970 270 2020 simum,
301 1982 384 2019 me,
418 1982 516 2009 cum
546 1967 702 2008 citatus
731 1980 883 2016 essem,
912 1981 1001 2007 non
1035 1968 1207 2021 adesse3
1249 1985 1325 2011 cur
1359 1971 1540 2012 Sthenio

99 2042 186 2067 non
229 2025 390 2083 putasti
415 2025 616 2082 prodesse
643 2032 855 2081 oportere,
887 2027 1032 2065 lTcum
1061 2026 1154 2080 ejus
1191 2038 1415 2069 accusator
1452 2042 1540 2070 non

98 2084 317 2125 affuisset?
366 2082 520 2138 Itaque
552 2081 670 2133 fecit,
703 2089 751 2121 ut
775 2081 918 2120 exitus
950 2083 1166 2139 principio
1195 2085 1436 2126 simillimus
1474 2099 1540 2126 re-

99 2141 323 2198 periretur.
346 2155 473 2196 quem
497 2140 719 2180 absentem
748 2151 867 2178 reum
891 2137 1065 2191 fecerat,
1088 2155 1185 2182 eum
1215 2143 1392 2184 absente
1414 2157 1540 2184 accu-

99 2300 266 2331 vitiosam:
291 2299 368 2339 quia
381 2308 448 2329 non
471 2297 564 2338 potui
580 2307 655 2328 cum
678 2295 797 2327 fiducia
838 2296 997 2335 spondere
1018 2297 1048 2328 ei
1070 2298 1166 2330 debet
1187 2301 1291 2331 necin
1313 2300 1542 2333 eo—-z'olmzta-

101 2342 493 2379 decernet-effariantilius
507 2341 606 2371 etiam
620 2339 721 2369 libris.
733 2338 795 2368 Ms.
840 2342 903 2368 tem
913 2351 921 2367 .·
944 2339 999 2369 sed
1012 2340 1052 2370 ad
1067 2342 1100 2371 id
1122 2344 1298 2381 requiritur
1312 2343 1428 2373 similis
1450 2344 1542 2382 geni-

100 2385 254 2424 antiquus
276 2384 376 2415 habet
397 2384 438 2413 ab
459 2382 658 2422 illofurore,
683 2381 738 2412 alii
756 2381 797 2411 ab
839 2381 938 2417 tirus,
952 2386 1023 2411 tum
1039 2384 1193 2415 excidisse
1216 2385 1324 2422 credo,
1341 2384 1542 2416 addendum-

101 2428 224 2467 ἱνα-θρῖα
238 2428 304 2463 illo,
328 2425 416 2465 quod
430 2426 552 2465 recepit
574 2425 740 2454 Graevius:
758 2423 796 2455 il·
839 2432 900 2461 que
928 2424 1128 2459 mnium-mm·
1155 2435 1193 2456 ut
1221 2432 1292 2467 post
1318 2435 1368 2457 est
1389 2430 1543 2458 voluutas

102 2468 158 2501 lud
171 2479 248 2500 sane
263 2468 392 2504 melius,
407 2469 483 2506 quia
497 2472 546 2497 est
560 2466 704 2506 gravius,
719 2475 795 2496 nam
833 2467 955 2504 patris.
979 2466 1027 2496 ita
1035 2468 1186 2507 expletur
1197 2471 1304 2500 oratio
1319 2477 1352 2500 et
1365 2479 1538 2502 conserva—

99 2516 136 2542 et
161 2512 247 2542 iufra
269 2515 316 2541 est
338 2511 384 2540 ad
396 2509 538 2551 qfficium
559 2510 797 2548 sanitatemque
841 2511 896 2536 tur
910 2508 1125 2539 concinnitas.

102 2554 264 2584 reducere.
299 2553 396 2583 Certe
409 2552 608 2582 alterutrum
623 2550 796 2581 delendum
886 2550 922 2580 16
937 2551 1094 2581 attendite
1107 2562 1159 2591 qu.
1174 2553 1291 2593 videte]
1312 2553 1394 2584 Edd.
1410 2564 1458 2594 pr.
1475 2564 1542 2585 non

103 2602 166 2632 est,
180 2597 241 2626 nisi
256 2595 349 2625 malit
359 2595 429 2633 quis
442 2595 482 2624 ab
497 2594 618 2633 incepto
627 2593 795 2633 etfurore.
840 2591 964 2623 habent
971 2603 990 2632 J
997 2593 1102 2623 udices
1113 2607 1121 2622 .·
1145 2595 1230 2634 quod
1244 2597 1412 2627 commode
1433 2597 1542 2627 abesse

105 2638 192 2677 quod
207 2637 286 2667 mihi
300 2637 462 2677 optimum
479 2636 616 2666 videtur.
843 2643 910 2664 non
936 2640 1056 2674 potest.
1082 2641 1155 2667 tuin
1181 2639 1285 2668 videte
1310 2639 1451 2679 primum
1475 2648 1543 2668 non

152 2682 187 2710 15
212 2681 411 2709 voluntatem
436 2678 560 2718 antep.]
606 2677 669 2707 Hic
706 2686 798 2707 aures
842 2682 913 2706 erat
931 2687 962 2706 in
980 2677 1043 2707 ΜΞ.
1063 2685 1170 2708 vetere
1186 2680 1344 2719 quodam:
1371 2681 1456 2720 quod
1473 2681 1542 2721 pla—

105 2731 188 2751 meae
212 2721 336 2760 aliquid
358 2720 544 2750 desiderant
564 2719 605 2749 ad
626 2719 798 2760 perfectio·
842 2726 894 2748 cet
914 2720 1074 2749 Grutero:
1100 2730 1217 2762 nempe
1239 2724 1315 2761 quia
1338 2729 1412 2763 post
1427 2728 1489 2761 est,
1513 2729 1544 2753 ec

103 2773 181 2794 nem
197 2763 354 2794 orationis
367 2762 545 2800 Tullianae,
555 2767 588 2791 et
597 2761 803 2791 com-innita·
845 2762 946 2791 simul
961 2762 1075 2792 videte.
1089 2763 1145 2792 sed
1153 2771 1266 2795 tamen
1276 2770 1310 2795 et
1325 2777 1353 2795 c.
1368 2768 1419 2796 43.
1434 2765 1482 2796 bis
1495 2770 1545 2797 est

103 2814 187 2841 tem,
210 2814 307 2844 quam
328 2805 389 2835 hoc
406 2805 480 2835 loco
503 2803 676 2844 quaesitam
695 2813 763 2833 esse
785 2813 805 2833 a
845 2804 950 2834 videte
963 2803 1075 2834 eodem
1090 2805 1198 2836 modo.

105 2848 276 2883 Cicerone,
290 2846 425 2886 planum
450 2851 508 2877 est.
554 2845 726 2883 Praeeedit,
750 2855 804 2875 ne·
893 2849 928 2880 17
944 2856 1018 2876 cum
1031 2845 1101 2889 67'11-5'
1116 2857 1183 2878 acc.
1195 2858 1259 2879 non
1275 2847 1454 2890 afflasset]
1480 2849 1547 2880 De-

102 2898 164 2930 que
191 2890 226 2918 in
257 2889 564 2922 eo—auctoritaeem
598 2888 721 2928 patris,
754 2897 803 2918 re·
846 2888 943 2919 bebat
960 2898 1027 2919 esse
1041 2890 1176 2928 adesset,
1192 2898 1230 2921 ut
1244 2892 1357 2932 paullo
1375 2900 1463 2923 ante.

162 2944 270 2973 VOL.
295 2945 350 2972 11.
822 2943 847 2970 Ρ
