1907 3231
599 133 717 172 PRO
751 135 794 172 P.
831 133 1101 174 QUINTIO.
1540 136 1564 171 3

133 236 273 277 causis
307 250 397 276 esse
434 235 699 290 adjumento,
723 237 798 278 7id
836 251 1008 292 quoque
1043 236 1086 277 in
1125 235 1206 277 hac
1243 251 1372 277 causa
1403 235 1563 277 deficit.

134 305 250 344 nam,
271 308 356 348 quo
380 292 518 334 minus
543 293 717 349 ingenio
748 309 936 350 possum,
959 294 1148 335 subsidio
1167 293 1273 335 mihi
1295 292 1564 347 diligentiam

135 350 405 405 comparavi:
438 365 534 405 quae
558 361 718 405 quanta
742 351 811 401 sit,
835 351 916 392 nisi
946 361 1114 406 tempus
1139 360 1182 393 et
1201 349 1386 407 spatium
1415 349 1562 389 datum

135 404 206 457 sit,
229 406 410 462 intelligi
434 422 520 448 non
545 417 701 462 potest.
763 409 873 456 Quae
896 423 981 463 quo
1014 408 1136 463 plura
1164 417 1276 457 sunt,
1302 406 1353 447 C.
1384 404 1561 460 Aquilli,

134 475 186 502 eo
218 472 273 514 te,
304 473 347 503 et
376 466 468 515 hos,
500 465 572 519 qui
605 466 683 505 tibi
715 465 758 506 in
789 465 968 507 consilio
999 465 1168 515 adsunt,
1191 463 1388 504 9meliori
1418 470 1562 505 mente

133 528 280 561 nostra
302 521 432 562 verba
448 521 594 562 audire
623 523 855 577 oportebit:
898 531 947 563 ut
967 521 1112 562 multis
1143 520 1427 562 incommodis
1452 519 1561 561 veri·
1573 526 1604 556 b.

136 582 199 615 tas
230 576 466 629 debilitata,
499 578 669 620 tandem
701 580 904 634 aequitate
935 579 1084 620 talium
1115 579 1303 619 virorum
1331 585 1559 629 recreetur.

135 631 304 678 Quodsi
327 643 371 675 tu
394 635 533 689 judex
558 635 672 676 nullo
694 637 895 692 praesidio
920 635 1050 677 fuisse
1081 636 1279 676 videbere
1302 644 1452 675 contra
1474 634 1558 675 vim
1573 638 1597 675 5

130 698 175 734 et
196 691 394 745 gratiam,
417 693 651 744 solitudini,
673 704 802 749 atque
823 694 1008 748 inopiae3
1041 693 1074 733 si
1098 693 1211 748 apud
1229 693 1312 733 hoc
1334 690 1560 731 consilium

131 760 186 786 ex
208 748 379 802 opibus,
402 764 487 789 non
518 764 572 790 ex
598 751 774 791 veritate
803 765 932 791 causa
962 749 1194 805 pendetur:
1227 748 1422 805 profecto
1453 747 1561 788 nihil

130 813 195 843 est
209 805 304 859 jam
323 817 517 847 sanctum
535 817 664 862 atque
682 809 893 848 sincerum
913 807 956 847 in
975 807 1174 849 civitate:
1206 806 1328 856 nihil,
1347 805 1461 860 quod
1482 805 1560 845 hu-

126 861 354 903 militatem
386 863 654 919 cujusquam,
675 864 863 920 gravitas
885 873 928 904 et
951 864 1084 905 virtus
1108 864 1269 919 judicis
1301 862 1559 904 consoletur.

131 918 260 960 Certe
284 930 359 960 aut
387 921 499 975 apud
527 930 581 971 te,
604 931 647 961 et
670 936 757 971 eos,
779 921 852 976 qui
885 921 963 962 tibi
995 921 1164 971 adsunt,
1187 921 1342 961 veritas
1374 919 1557 960 valebit:

127 986 202 1017 aut
224 991 278 1018 ex
310 977 393 1018 hoc
422 977 517 1018 loco
549 978 716 1034 repulsa
741 978 780 1018 vi
800 989 844 1019 et
873 978 1026 1034 gratia,
1049 978 1206 1029 locum,
1230 977 1303 1018 ubi
1335 977 1557 1026 consistat,

127 1035 311 1089 reperire
339 1049 424 1074 non
457 1035 628 1090 poterit.
662 1039 699 1066 10
715 1035 816 1076 Non
846 1050 897 1076 eo
919 1035 1032 1085 dico,
1057 1034 1108 1076 C.
1140 1034 1318 1090 Aquilli,
1341 1049 1427 1089 quo
1449 1028 1601 1074 mihiss

127 1091 271 1131 veniat
288 1091 332 1132 in
354 1091 533 1132 dubium
553 1101 627 1132 tua
644 1091 748 1133 fides
770 1102 814 1133 et
832 1093 1088 1144 constantia,
1107 1102 1182 1133 aut
1199 1107 1284 1147 quo
1304 1106 1391 1132 non
1414 1091 1455 1131 in
1475 1090 1556 1140 his,

129 1151 163 1179 11
183 1162 290 1203 quos
312 1149 392 1190 tibi
414 1149 648 1200 advocasti,
667 1149 768 1190 viris
786 1149 1052 1190 electissimis
1076 1150 1278 1199 civitatis,
1302 1163 1421 1204 spem
1441 1162 1556 1187 sum-

125 1219 240 1247 mam
263 1206 420 1247 habere
443 1205 493 1246 P.
518 1206 723 1252 Quintius
746 1207 914 1247 debeat.
967 1206 1085 1252 Quid
1107 1221 1210 1262 ergo
1229 1208 1319 1246 est?
1362 1201 1595 1245 Primumfi

122 1263 377 1319 magnitudo
408 1263 584 1319 periculi
617 1278 784 1303 summo
817 1263 969 1303 timore
1008 1263 1227 1304 hominem
1259 1263 1408 1312 afficit,
1440 1262 1556 1316 quod

124 1320 394 1376 unojudicio
413 1320 465 1360 de
485 1319 666 1360 fortunis
691 1320 891 1360 omnibus
913 1320 1126 1372 decernit3
1159 1320 1287 1375 idque
1310 1319 1413 1359 dum
1435 1320 1555 1373 cogi-

122 1386 198 1428 tat,
221 1392 308 1418 non
329 1377 469 1417 minus
493 1392 606 1432 saepe
627 1377 666 1417 ei
686 1377 803 1417 venit
825 1377 868 1418 in
886 1387 1075 1418 mentem
1109 1381 1146 1409 12
1165 1376 1405 1432 potestatis,
1427 1390 1556 1430 quam

119 1433 336 1489 aequitatis
362 1443 469 1485 tuae3
501 1442 727 1489 propterea
755 1434 871 1489 quod
902 1448 1064 1486 omnes,
1096 1449 1278 1488 quorum
1312 1434 1352 1477 in.
1383 1432 1556 1473 alterius

120 1505 250 1532 manu
283 1492 372 1532 vita
397 1491 537 1547 posita
565 1500 643 1542 est,
668 1492 824 1547 saepius
851 1491 952 1534 illud
984 1491 1194 1547 cogitant,
1217 1490 1319 1545 quid
1346 1490 1481 1545 possit
1506 1489 1554 1540 is,

117 1549 242 1604 cujus
265 1549 308 1590 in
325 1548 488 1589 ditione
507 1563 556 1589 ac
576 1558 787 1604 potestate
806 1559 918 1599 sunt,
936 1563 1081 1604 quam,
1100 1548 1203 1603 quid
1222 1548 1378 1588 debeat
1399 1547 1552 1589 facere.

122 1605 293 1647 Deinde
323 1606 454 1646 habet
483 1606 771 1646 adversarium
804 1605 854 1646 P.
889 1606 1095 1653 Quintius
1122 1606 1251 1646 verbo
1278 1605 1380 1645 Sex.
1405 1603 1589 1649 Naevi-7

120 1677 216 1714 um3
246 1678 291 1705 re
320 1677 432 1714 vera,
455 1662 635 1718 hujusce
666 1664 806 1704 aetatis
837 1663 1033 1704 homines
1063 1662 1380 1711 disertissimos,
1415 1662 1449 1691 13
1465 1660 1552 1702 for-

117 1721 320 1772 tissimos,
339 1720 632 1762 ornatissimos
650 1730 808 1762 nostrae
828 1720 1040 1772 civitatis3
1059 1720 1133 1775 qui
1152 1719 1372 1760 communi
1392 1718 1549 1770 studio,

116 1779 293 1819 summis
313 1778 468 1834 opibus
487 1778 588 1819 Sex.
602 1777 805 1820 Naevium
825 1776 1083 1828 defendunt3
1108 1777 1141 1816 si
1162 1777 1204 1817 id
1224 1786 1288 1817 est
1306 1775 1548 1826 defendere,

114 1836 343 1891 cupiditati
375 1835 547 1880 alterius
577 1836 889 1891 obtemperare,
911 1849 997 1892 quo
1019 1835 1054 1876 is
1077 1833 1259 1885 facilius,
1279 1848 1408 1889 quem
1429 1832 1546 1883 velit,

114 1893 264 1948 iniquo
288 1892 457 1948 judicio
488 1892 729 1949 opprimere
751 1892 901 1948 possit.
962 1891 1074 1938 Nam
1107 1891 1317 1946 quidhoc
1343 1890 1584 1947 iniquius,8

113 1960 188 1990 aut
222 1950 456 2006 indigniUS,
490 1948 541 1990 C.
573 1948 750 2005 Aquilli,
780 1949 882 2000 dici,
913 1959 987 1991 aut
1019 1947 1347 1994 commemorari
1389 1956 1546 2004 potest,

111 2021 243 2062 quam
272 2022 355 2059 me,
387 2007 460 2062 qui
496 2016 628 2062 caput
659 2006 846 2058 alterius,
877 2005 1051 2058 famam,
1084 2005 1362 2059 fortunasque
1394 2003 1547 2045 'desen-

111 2066 225 2116 dam,
245 2066 386 2121 priore
405 2064 499 2105 loco
517 2078 689 2105 causam
707 2064 873 2106 dicere:
898 2079 996 2105 cum
1016 2062 1255 2119 praesertim
1275 2062 1331 2109 Q.
1355 2060 1546 2102 Horten-

109 2122 212 2173 sius,
235 2123 309 2177 qui
332 2122 415 2163 hoc
438 2121 608 2177 judicio
640 2132 780 2177 partes
810 2121 1070 2162 accusatoris
1102 2120 1285 2171 obtinet,
1307 2127 1458 2160 contra
1479 2132 1547 2158 me
1559 2135 1588 2166 p·
1604 2131 1633 2160 ⁶2.

112 2179 167 2219 sit
190 2180 417 2232 vdicturus;
458 2179 528 2220 cui
560 2193 771 2219 summam
801 2178 972 2234 copiam
1002 2177 1337 2232 facultatemque
1375 2175 1545 2217 dicendi
1558 2178 1586 2198 ὃ·
1640 2186 1642 2189 ’

110 2245 263 2278 natura
278 2236 433 2292 largita
451 2239 543 2277 est?
586 2235 655 2276 Ita
677 2236 740 2286 fit,
764 2245 811 2276 ut
832 2250 930 2291 ego,
953 2235 1027 2290 qui
1052 2234 1136 2276 tela
1157 2234 1368 2290 depellere
1390 2241 1433 2274 et
1456 2231 1545 2272 vul-

109 2294 281 2335 neribus
312 2294 470 2335 mederi
502 2293 696 2345 debeam,
730 2303 817 2334 tum
851 2293 894 2333 id
925 2292 1066 2333 facere
1104 2305 1250 2348 cogar,
1283 2305 1382 2332 cum
1413 2289 1545 2330 etiam

148 2412 166 2443 7
189 2410 226 2440 id
242 2418 362 2450 quoque
376 2409 410 2438 in
423 2410 455 2439 Ιι.
472 2407 514 2447 cz]
543 2408 723 2440 Lambinus
747 2407 801 2437 ad·
844 2416 919 2439 me,-
943 2407 977 2436 in
993 2405 1055 2437 Ms.
1072 2405 1230 2436 Falkenb.
1247 2405 1309 2435 fuit
1324 2414 1435 2444 neque.

105 2451 155 2482 dit
169 2462 229 2482 me.
264 2452 344 2482 Mox
356 2460 416 2491 pro
428 2461 488 2490 quo
504 2451 612 2482 minus
625 2449 802 2489 legendum
888 2451 922 2478 11
948 2459 1024 2487 quos
1047 2449 1103 2478 tibi
1131 2447 1308 2486 advocasti]
1333 2457 1363 2476 v.
1393 2447 1484 2477 Clav.
1509 2446 1543 2477 iu
1602 2483 1603 2487 Ἰ

104 2503 186 2530 esse,
209 2495 293 2534 quod
313 2495 420 2523 minus
441 2495 462 2524 i.
483 2503 516 2532 p.
537 2494 636 2524 etiam
657 2493 711 2523 alii
731 2502 801 2522 mo·
843 2492 1013 2521 advocare.

105 2545 224 2567 nuere:
248 2536 327 2567 alias
340 2536 524 2569 ἀπαιόλυθας
540 2536 644 2566 oratio
659 2542 717 2565 est.
890 2536 925 2564 12
940 2531 1124 2572 potestatis]
1153 2531 1215 2562 Ed.
1231 2530 1284 2561 W.
1301 2531 1350 2560 vis
1357 2533 1540 2569 potestatis.

144 2582 165 2612 9
188 2579 313 2610 meliori
327 2578 445 2618 mente]
471 2589 529 2619 pro
549 2578 693 2617 aequiori.
739 2575 798 2606 Ce·
886 2579 923 2606 13
934 2573 1148 2614 shy-tissimus]
1179 2573 1412 2604 Hotomannus
1438 2574 1543 2604 corri-

103 2625 215 2651 terum
235 2621 356 2651 bonam
377 2627 522 2651 mentem
547 2620 594 2651 sic
616 2620 692 2658 diei,
715 2628 798 2649 non·
841 2618 890 2657 git
926 2616 1194 2657 florentissimos.-
1237 2624 1315 2644 nam
1341 2613 1543 2654 fortissimos

104 2663 183 2694 dum
198 2662 375 2694 observavi.
842 2669 907 2689 non
931 2667 1007 2689 sane
1027 2663 1120 2698 aptos
1135 2657 1211 2687 huic
1227 2657 1301 2687 loco
1322 2666 1408 2686 esse:
1432 2657 1487 2689 sed
1508 2658 1542 2688 id

151 2708 188 2735 10
212 2706 290 2736 Non
308 2715 342 2743 eo
363 2704 445 2744 dico]
474 2704 526 2734 Sic
548 2703 697 2734 absolute
719 2702 797 2733 alias
842 2701 925 2732 nihil
948 2700 1057 2731 differt
1081 2700 1121 2730 ab
1145 2700 1375 2736 ornatissimos,
1398 2709 1456 2738 pro
1476 2710 1542 2739 quo

105 2751 175 2777 non
194 2747 326 2784 dicitur,
340 2747 396 2777 sed
415 2746 546 2777 additur
559 2747 644 2785 quod
662 2745 712 2775 vel
733 2747 800 2781 hoe,
844 2749 958 2774 tamen
978 2742 1028 2773 ed.
1047 2741 1101 2772 W.
1123 2741 1223 2772 habet
1241 2742 1539 2773 houorandissimos.

103 2796 163 2820 aut
178 2790 283 2820 simile
298 2789 384 2828 quid.
414 2789 561 2819 Fortasse.
576 2789 656 2818 suit:
684 2788 727 2818 Id
738 2797 802 2817 non
844 2785 949 2815 voluit
976 2785 1052 2814 dare
1066 2785 1343 2814 honoratissimos.-
1365 2784 1450 2822 quod
1464 2794 1542 2816 saue

102 2841 137 2865 ρο
166 2832 254 2861 dico:
289 2832 513 2871 absorpsitque
548 2831 584 2860 id
609 2831 683 2861 finis
712 2829 799 2859 verbi
844 2828 926 2858 bene
942 2826 1087 2868 patronis
1101 2826 1207 2857 Naevii
1220 2826 1384 2858 convenit.

102 2873 325 2920 praecedentis.
372 2874 509 2905 Ursinus
532 2873 566 2904 in
592 2872 654 2903 Ms.
680 2871 800 2913 reperit

901 2926 926 2952 n
950 2917 975 2960 9.-
