1907 3231
531 117 656 156 ACT.
683 116 735 156 11.
777 113 966 156 LIBER
989 114 1267 163 TERTIUS.
1546 123 1620 158 301

181 229 267 264 est:
299 219 373 264 sed
394 219 467 263 illa
495 220 769 277 impudentia
789 231 905 264 certe
925 236 1014 264 non
1033 221 1192 264 minor.
1254 221 1325 273 Et,
1344 223 1548 278 quoniam
1568 223 1712 270 de170

181 278 255 320 illa
276 278 566 321 foeneratione
588 279 691 320 satis
712 280 879 321 dictum
900 288 980 332 est,
1011 293 1127 321 nunc
1148 279 1203 321 de
1222 278 1304 321 hac
1326 289 1417 321 tota
1438 283 1622 337 pecunia

179 351 343 388 aversa,
362 351 525 392 quaeso,
547 337 815 393 cognoscite.

238 394 399 436 Siciliae
421 394 621 436 civitates
652 394 799 436 multae
833 403 949 446 sunt,
972 394 1162 450 Judices,
1185 406 1350 437 ornatae
1381 402 1511 450 atque
1541 395 1622 437 ho-
1635 400 1705 453 73

181 461 342 500 nestae;
374 466 429 492 ex
460 452 617 508 quibus
652 453 696 493 in
734 453 883 508 primis
912 453 1273 503 numerandaest
1295 453 1449 494 civitas
1488 451 1622 494 Hale-

183 509 290 557 sina.
337 509 500 559 nullam
542 510 657 550 enim
693 511 914 566 reperietis
955 520 1031 551 aut
1063 510 1219 552 officiis
1254 510 1514 561 fideliorem,
1549 520 1625 551 aut

178 567 318 623 copiis
339 567 683 623 locupletiorem,
709 578 784 608 aut
807 569 1065 609 auctoritate
1078 568 1338 625 graviorem.
1398 567 1518 609 Huic
1541 568 1624 611 iste

181 624 227 666 in
245 639 380 666 annos
402 624 609 681 singulos,
633 640 732 666 cum
753 627 984 682 sexaginta
1006 627 1139 668 tritici
1171 626 1306 667 millia
1326 625 1522 666 modium
1542 625 1624 666 1111-

179 683 432 738 peravisset,
456 697 534 739 pro
557 683 703 724 tritico
729 698 884 724 numos
903 684 1095 735 abstulit,
1117 684 1269 739 quanti
1291 693 1384 725 erat
1405 684 1450 724 in
1473 683 1624 725 Sicilia

178 739 396 786 triticum:
429 755 536 796 quos
555 741 608 782 de
627 741 802 797 publico
821 756 976 782 numos
998 751 1238 797 acceperat,
1259 741 1438 783 retinuit
1456 755 1621 783 omnes.

182 797 419 855 Obstupui,
444 798 631 853 judices,
654 813 754 839 011111
773 799 855 843 1100
877 798 986 839 1111111
1008 799 1197 854 primum
1220 798 1411 840 Halesiae
1442 799 1622 841 demon·
1633 809 1665 840 b.

180 856 334 898 stravit
356 857 400 897 in
423 866 573 898 senatu
606 855 913 897 Halesinorum
938 856 1068 898 homo
1092 871 1260 897 summo
1292 856 1484 912 ingenio,
1507 871 1623 897 sum-

180 928 254 955 ma
295 914 540 971 prudentia,
591 928 758 954 summa
803 914 1062 961 auctoritate
1114 915 1335 969 praeditus,
1387 913 1622 956 Halesinus

180 971 368 1014 AEneas:
410 972 480 1013 cui
511 981 683 1012 senatus
721 973 762 1005 74
775 971 951 1012 dederat
985 971 1158 1028 publice
1189 972 1403 1027 [causam]
1441 982 1489 1013 ut
1511 972 1622 1012 mihi

143 1047 146 1050 ·
183 1027 393 1085 fratrique
427 1042 526 1076 mjeo
565 1029 725 1084 gratias
759 1039 928 1085 ageret,
961 1039 1004 1070 et
1037 1029 1178 1081 simul,
1210 1030 1284 1084 qui
1315 1044 1393 1071 nos
1424 1044 1489 1081 ea,
1521 1045 1619 1085 quae

179 1087 232 1129 ad
249 1088 468 1143 judicium
491 1087 770 1143 pertinerent,
792 1087 981 1128 doceret.
1043 1087 1340 1139 Demonstrat,
1363 1087 1475 1128 hanc
1497 1088 1622 1129 istius
1636 1091 1706 1130 171

180 1145 540 1192 consuetudinem
570 1159 620 1185 ac
651 1145 864 1186 rationem
902 1143 1054 1187 fuisse':
1103 1160 1202 1187 cum
1240 1145 1381 1186 omnis
1416 1146 1624 1193 frumenti

178 1203 308 1259 copia
329 1203 610 1244 decumarum
632 1202 809 1243 nomine
830 1217 962 1259 penes
982 1204 1112 1249 istum
1131 1213 1244 1243 esset
1261 1203 1448 1254 redacta,
1469 1207 1509 1237 75
1525 1203 1631 1244 soli-¹

179 1271 273 1302 tum
295 1275 387 1302 0550
409 1261 542 1302 istum
571 1260 801 1315 pecuniam
823 1275 979 1316 cogere
1001 1276 1026 1301 a
1047 1261 1326 1312 civitatibus;
1357 1261 1627 1307 frumentum

176 1318 452 1375 improbare;
483 1327 695 1373 quantum
737 1317 946 1359 frumeuti
987 1318 1175 1359 Romam
1209 1328 1321 1367 esset
1348 1319 1627 1371 mittendum,

180 1385 351 1419 tantum
371 1377 425 1417 de
456 1390 533 1426 suo
563 1385 748 1429 quaestu,
771 1390 825 1421 ac.
852 1375 904 1416 de
935 1391 1012 1416 sua
1040 1377 1168 1432 copia
1201 1375 1407 1417 frumenti
1437 1376 1626 1419 mittere.

181 1432 325 1476 Posco
354 1434 564 1479 rationes:
598 1433 785 1489 inspicio
808 1432 1005 1479 litteras:
1048 1434 1174 1475 video
1204 1433 1412 1475 frumenti
1444 1448 1628 1490 granum

181 1490 430 1543 Halesinos,
448 1491 620 1546 quibus
656 1504 716 1531 Lx
749 1490 886 1532 millia
907 1491 1104 1533 modium
1135 1492 1346 1547 imperata
1375 1502 1511 1543 erant,
1534 1492 1629 1533 nul-

178 1549 269 1591 lum
299 1549 492 1591 dedisse:
526 1548 753 1604 pecuniam
790 1547 1006 1600 Volcatio,
1038 1548 1322 1600 Timarchidi,
1359 1550 1512 1591 scribae
1553 1550 1628 1591 de·-

180 1605 307 1649 disse.
331 1606 499 1663 reperio
523 1620 658 1663 genus
682 1606 947 1662 hujusmodi,
963 1607 1151 1662 judices,
1183 1608 1361 1663 praedae,
1379 1616 1429 1648 ut
1451 1617 1627 1663 praetor,

183 1666 258 1721 qui
290 1664 556 1706 frumentum
587 1678 728 1704 emere
749 1665 950 1716 debebat,
975 1680 1064 1706 non
1094 1675 1224 1716 emat,
1247 1665 1321 1706 sed
1340 1665 1520 1707 vendat:
1553 1679 1629 1721 pe-

181 1723 493 1779 cunias„quas
536 1721 788 1763 civitatibus
827 1723 1086 1764 distribuere
1124 1723 1326 1774 debebat,
1365 1738 1436 1764 eas
1475 1737 1628 1764 omnes

182 1790 349 1822 avertat
379 1780 511 1836 atque
547 1778 728 1821 auferat.
791 1780 893 1822 Non
923 1781 1031 1821 mihi
1058 1780 1152 1835 jam
1184 1781 1363 1832 furtum,
1399 1781 1471 1821 sed
1503 1795 1628 1822 mon-

181 1848 316 1880 strum
339 1852 391 1879 ac
421 1837 670 1894 prodigium
702 1837 952 1880 videbatur:
986 1839 1213 1880 civitatum
1247 1838 1514 1880 frumentum
1545 1839 1627 1879 im·-

183 1897 381 1952 probare,
412 1910 537 1936 suum
568 1896 771 1951 probare:
818 1912 917 1938 cum
955 1911 1078 1937 suum
1111 1897 1351 1953 probasset,
1374 1897 1561 1953 pretium
1583 1897 1624 1937 ei

181 1955 401 1995 frumento
419 1953 705 1995 constituere:
738 1955 855 2008 quod
874 1954 1185 2005 constituisset,
1208 1954 1253 1995 id
1274 1954 1526 1996 civitatibus
1548 1969 1624 1994 au-

181 2011 315 2054 ferre:
337 2011 466 2067 ,quod
488 2027 513 2051 a
534 2010 697 2067 populo
732 2011 932 2053 Romano
965 2012 1216 2068 accepisset,
1247 2024 1407 2053 tenere.
1445 2012 1485 2045 76
1501 2012 1624 2058 Quot
1635 2021 1709 2076 74

181 2069 312 2111 vultis
333 2083 426 2110 esse
447 2069 492 2109 in
519 2083 602 2109 uno
626 2068 741 2109 furto
773 2079 1052 2125 peccatorum
1084 2070 1271 2126 gradus?
1303 2080 1351 2110 ut
1375 2070 1408 2110 si
1441 2069 1622 2126 singulis
1641 2094 1713 2133 172

181 2127 378 2169 insistere
411 2126 556 2178 velim,
589 2127 790 2182 progredi
823 2128 904 2169 iste
938 2143 1026 2168 non
1056 2128 1208 2184 possit.
1270 2127 1498 2184 Improbas
1537 2127 1626 2168 fru-

181 2195 380 2226 mentum
410 2183 620 2225 Siculum.
691 2184 837 2231 Quid?
869 2186 961 2241 ipse
997 2186 1115 2241 quod
1152 2186 1318 2226 mittis?
1367 2185 1628 2241 peculiarem

182 2242 317 2284 habes
334 2242 522 2298 aliquam
541 2241 749 2290 Siciliam,
773 2258 869 2298 quae
894 2243 975 2284 tibi
996 2258 1051 2284 ex
1074 2243 1158 2284 alio
1183 2257 1341 2300 genere
1359 2244 1627 2284 frumentum
1686 2253 1690 2256 ·

183 2301 459 2357 suppeditare
483 2299 652 2356 possit?
715 2299 827 2340 Cum
859 2310 1030 2342 senatus
1062 2301 1271 2354 decernit,
1302 2310 1351 2342 ut
1383 2310 1551 2342 ematur
1583 2300 1629 2341 in

186 2358 334 2400 Sicilia
363 2358 644 2408 frumentum,
667 2367 742 2398 aut
761 2373 860 2399 cum
891 2359 1075 2415 populus
1091 2359 1236 2414 jubet,
1266 2359 1365 2409 hoc,
1387 2368 1437 2399 ut
1457 2358 1629 2414 opinor,

183 2415 402 2473 intelligit,
425 2431 480 2457 ex
505 2415 654 2457 Sicilia
668 2414 862 2456 Siculum
877 2417 1144 2458 frumentum
1166 2417 1387 2473 apportari
1410 2426 1626 2472 oportere.

220 2546 262 2577 74
280 2543 411 2583 publice
450 2542 585 2575 dederat
612 2540 763 2580 eausam]
806 2541 880 2572 Hoc
924 2542 1074 2572 oratione
1087 2541 1295 2582 praecedente
1312 2551 1379 2571 non
1394 2541 1473 2572 coit.

182 2586 275 2617 nullo
301 2586 399 2616 modo
427 2594 543 2615 verum
570 2593 639 2614 esse
664 2589 789 2623 potest:
814 2584 883 2614 fru-
969 2588 1009 2618 75
1023 2585 1155 2615 solitum
1170 2593 1236 2614 esse
1248 2584 1364 2623 istum]
1392 2584 1501 2615 Istum
1514 2583 1569 2615 hie
1581 2589 1632 2615 te-

181 2634 313 2667 straque
326 2629 361 2658 in
371 2639 410 2659 eo
423 2626 616 2667 explicando
630 2626 795 2656 laborant.
819 2626 887 2657 Lo-·
927 2637 1016 2658 mere
1029 2627 1246 2663 inculcatum,
1263 2626 1504 2666 delendumque
1516 2632 1609 2668 puto.

182 2679 239 2700 cus
266 2677 318 2702 est
342 2670 573 2710 interpolatus.
618 2668 806 2709 Delendum
834 2674 885 2700 est
969 2670 1010 2703 76
1033 2670 1123 2710 Quot
1148 2670 1249 2699 vultis
1277 2669 1352 2708 &c.]
1380 2669 1445 2700 Hic
1466 2669 1558 2700 locus
1581 2674 1633 2701 est

181 2722 318 2743 causam
329 2725 338 2741 .·
352 2713 452 2752 quod,
467 2717 507 2743 ut
521 2712 650 2751 opinor,
667 2711 732 2741 fuit
746 2712 781 2741 in
798 2722 883 2742 mar·
928 2713 1076 2747 vitiosus,
1098 2721 1158 2742 nec
1172 2713 1215 2747 ei,
1239 2711 1405 2751 quomodo
1427 2721 1631 2750 succurram,

180 2756 270 2795 gine,
287 2756 326 2785 ut'
340 2764 473 2793 nomen,
497 2755 590 2794 cujus
613 2753 810 2794 periphrasis
832 2760 882 2785 est
926 2755 1005 2785 satis
1033 2754 1151 2790 habeo,
1186 2753 1278 2784 libris
1315 2754 1398 2785 nihil
1424 2754 1632 2795 juvantibus.

181 2798 216 2828 in
231 2797 349 2835 verbis,
365 2808 415 2835 ea,
429 2807 500 2837 quoe
508 2795 727 2837 adjudicium
737 2798 883 2835 pertine-
928 2797 1075 2837 Conjeci,
1104 2797 1166 2827 Tot
1199 2797 1317 2828 videtis
1359 2799 1434 2827 essess
1491 2796 1553 2828 Tot
1582 2806 1633 2828 re-
1650 2827 1655 2831 ,

181 2845 269 2876 rent,
299 2840 437 2876 doceret,
469 2841 490 2870 i.
516 2850 544 2870 0.
571 2848 704 2869 causam
740 2838 883 2870 doceret.
928 2840 1056 2879 quirere
1071 2839 1200 2870 videtur
1212 2844 1259 2871 ut.
1376 2842 1379 2843 ⁷

181 2882 261 2913 Mox
285 2889 320 2913 et
344 2883 399 2923 qui
423 2882 599 2915 delendum
621 2886 684 2919 est,
706 2880 794 2920 quod
808 2892 884 2913 cum
