1907 3231
285 125 336 158 90
733 122 803 160 IN
840 123 887 164 Q.
925 124 1272 164 cAEClLl-UM

284 236 369 277 que
389 237 623 276 nossemus,
646 240 713 268 me
742 237 896 285 agente
927 227 969 269 in
994 228 1209 284 judicium
1231 237 1478 282 vocaretur3
1509 229 1604 286 quis
1626 237 1720 272 tan-

284 279 382 320 dem
406 292 531 331 esset,
562 283 633 338 qui
666 298 807 326 meum
831 284 1022 326 ⁵factum
1053 295 1128 326 aut
1157 285 1383 328 consilium
1406 297 1550 343 posset
1577 301 1719 344 repre-

236 335 496 392 sshendere?
528 339 644 385 Quid
667 350 745 392 est,
766 340 874 398 proh
895 342 1022 382 deum
1051 341 1361 399 hominumque
1383 343 1534 386 fidem!
1566 344 1610 385 in
1631 357 1718 399 quo

247 407 367 455 7ego
404 396 650 452 reipublic-<c
688 398 780 454 plus
819 397 901 439 hoc
931 408 1123 454 tempore
1153 400 1351 455 prodesse
1381 401 1568 457 possim?
1600 400 1719 448 Quid

283 462 362 503 est,
383 453 497 508 quod
529 463 603 494 aut
634 455 793 511 populo
824 454 1022 496 Romano
1046 457 1207 512 gratius
1238 471 1329 498 esse
1359 459 1526 509 debeat,
1547 466 1622 498 aut
1651 472 1718 498 so-

280 508 359 549 ciis
389 511 632 566 exterisque
670 512 915 553 nationibus
953 513 1142 568 optatius
1171 527 1262 554 esse
1296 516 1444 570 possit,
1481 523 1556 556 aut
1592 513 1717 556 saluti

280 565 550 623 fortunisque
571 569 763 609 omnium
789 569 927 626 magis
958 571 1330 612 accommodatum
1362 572 1444 614 sit?
1476 571 1716 628 Populatae,

279 633 464 675 vexatae,
498 624 689 665 funditus
722 639 878 667 eversae
914 626 1173 683 provinciae:
1207 628 1326 678 socii,
1365 628 1716 685 stipendiariique

279 680 427 736 populi
461 680 646 722 Romani
680 683 844 733 afflicti,
872 684 1030 734 miseri,
1059 684 1153 738 jam
1181 698 1269 724 non
1299 683 1445 726 salutis
1476 699 1610 742 spem,
1643 685 1717 727 sed

242 737 399 777 Sexitii
423 737 622 779 solatium
643 749 856 794 quaerunt.
903 741 990 788 Qui
1006 741 1175 796 judicia
1194 755 1365 783 manere
1386 742 1498 800 apud
1522 742 1716 783 ordinem

277 795 535 836 senatorium
571 795 734 848 volunt,
766 801 1015 853 queruntur,
1045 807 1313 840 accusatores
1344 812 1388 840 se
1416 800 1593 841 idoneos
1627 813 1715 840 non

274 849 446 893 habere.
467 853 540 907 qui
567 868 766 895 accusare
797 865 989 911 possunt,
1014 856 1280 911 judiciorum
1311 857 1581 898 severitatem
1602 856 1714 898 desi-

272 907 438 950 derant.
471 909 661 967 Populus
685 911 906 953 Romanus
928 913 1104 964 interea,
1117 913 1287 954 tametsi
1308 913 1454 954 multis
1477 914 1715 955 incommo-

273 965 338 1006 dis
370 966 782 1024 difficultatibusque
811 969 990 1010 affectus
1021 979 1099 1021 est,
1122 979 1264 1011 tamen
1287 970 1395 1012 nihil
1424 984 1546 1027 aeque
1576 970 1621 1011 in
1651 984 1716 1012 re-

272 1022 447 1078 publica
468 1033 597 1080 atque
618 1025 733 1066 illam
755 1034 940 1067 veterem
964 1027 1230 1082 judiciorum
1252 1028 1340 1068 vim
1371 1029 1715 1085 gravitatemque

270 1081 463 1135 requirit.
521 1081 794 1124 Judiciorum
823 1083 1032 1125 desiderio
1067 1084 1300 1126 tribunicia
1328 1093 1518 1141 potestas
1547 1084 1714 1141 efflagi-

272 1145 364 1177 tata
384 1146 472 1180 est:
497 1138 763 1194 judiciorum
786 1139 959 1182 levitate
985 1141 1090 1182 ordo
1111 1155 1283 1196 quoque
1304 1142 1409 1183 alius
1431 1142 1481 1183 ad
1505 1156 1569 1184 res
1593 1141 1714 1197 judi-

271 1195 428 1236 candas
469 1196 732 1252 postulatur:
770 1198 969 1253 judicum
1007 1198 1135 1254 culpa
1173 1208 1302 1254 atque
1339 1199 1547 1240 dedecore
1582 1198 1714 1241 etiam

271 1253 512 1294 censorium
543 1268 714 1304 nomen,
738 1255 852 1310 quod
883 1256 1072 1312 asperius
1103 1265 1230 1296 antea
1260 1255 1420 1313 populo
1443 1255 1576 1297 videri
1607 1255 1714 1296 sole-

272 1309 363 1360 bat,
386 1310 427 1351 id
450 1325 564 1352 nunc
586 1312 791 1367 poscitur,
814 1312 857 1353 id
881 1313 973 1368 jam
1005 1312 1210 1369 populare
1240 1323 1369 1368 atque
1399 1311 1623 1369 plausibile
1650 1311 1713 1354 fa-

236 1375 390 1410 9ctum
419 1378 497 1409 est.
559 1368 609 1409 In
640 1368 721 1410 hac
754 1368 931 1410 libidine
965 1369 1190 1410 hominum
1220 1370 1638 1421 nocentissimorum,
1667 1369 1713 1412 in

272 1423 420 1480 populi
443 1424 630 1466 Romani
653 1426 905 1481 quotidiana
925 1427 1206 1482 querimonia,
1231 1427 1497 1482 judiciorum
1519 1426 1711 1478 infamia,

270 1482 405 1522 totius
427 1482 588 1524 ordinis
609 1482 860 1536 offensione,
883 1499 982 1526 cum
1002 1484 1086 1526 hoc
1117 1498 1249 1525 unum
1279 1484 1346 1524 his
1378 1493 1444 1525 tot
1473 1484 1711 1525 incommo-

272 1538 338 1579 dis
367 1540 602 1581 remedium
623 1554 714 1581 esse
744 1541 985 1593 arbitrarer,
1008 1550 1057 1582 ut
1085 1541 1281 1582 homines
1312 1541 1455 1582 idonei
1487 1550 1616 1596 atque
1647 1541 1712 1581 in-

227 1597 382 1652 b.tegri
404 1611 576 1638 causam
598 1597 845 1654 reipublicae
875 1598 1106 1655 legumque
1135 1598 1422 1655 susciperent3
1455 1597 1606 1648 fateor,
1628 1612 1711 1650 me,

272 1653 419 1694 salutis
441 1655 634 1695 omnium
655 1669 797 1706 causa,
821 1655 871 1696 ad
894 1671 987 1697 eam
1011 1664 1175 1712 partem
1206 1656 1432 1697 accessisse
1462 1654 1710 1712 reipublicae

212 1721 261 1754 lo
271 1710 560 1763 sublevandae,
582 1727 679 1768 quae
702 1712 921 1754 6maxime
941 1712 1167 1757 laboraret.
1211 1713 1354 1764 Nunc,
1376 1712 1594 1768 quoniam,
1615 1712 1712 1768 qui-

271 1767 349 1809 bus
372 1769 496 1811 rebus
519 1769 728 1811 adductus
755 1770 807 1811 ad
829 1784 1002 1811 causam
1031 1770 1298 1821 accesserim,
1319 1768 1623 1820 demonstravi,
1644 1768 1709 1810 di-

266 1825 451 1867 cendum
472 1827 710 1868 necessario
738 1835 803 1868 est
833 1827 886 1868 de
915 1828 1193 1869 contentione
1222 1835 1383 1878 nostra,
1405 1835 1454 1868 ut
1482 1826 1527 1875 in
1548 1825 1709 1867 consti„

268 1883 429 1924 tuendo
452 1894 713 1936 accusatore,
735 1884 839 1940 quid
858 1885 976 1940 sequi
998 1884 1187 1941 possitis,
1208 1884 1417 1926 habeatis.

325 1939 420 1997 Ego
448 1941 509 1983 sic
542 1941 753 1998 intelligo,
780 1942 982 1998 judices:
1019 1956 1118 1983 cum
1146 1942 1200 1983 de
1233 1941 1427 1998 pecuniis
1456 1939 1704 1997 repetundis

265 2012 424 2039 nomen
449 1999 693 2056 cujuspiam
723 1999 953 2050 deferatur,
984 1999 1017 2040 si
1049 2007 1266 2040 certamen
1296 1999 1408 2040 inter
1439 1997 1604 2053 aliquos
1635 1996 1705 2048 sit,

267 2055 336 2096 cui
369 2057 642 2113 potissimum
673 2057 831 2098 delatio
862 2056 1000 2107 detur,
1022 2056 1118 2099 haec
1148 2056 1234 2097 duo
1265 2056 1309 2097 in
1341 2055 1490 2112 primis
1521 2054 1706 2111 spectari

229 2122 234 2126 ·
268 2123 490 2169 oportere:
529 2129 657 2169 quem
695 2114 886 2155 maxime
922 2114 1057 2154 velint
1090 2123 1311 2155 auctorem
1342 2126 1434 2153 esse
1467 2111 1513 2163 ii,
1551 2110 1708 2166 quibus

269 2169 398 2212 factae
429 2185 521 2212 esse
551 2172 749 2213 dicantur
780 2171 965 2227 injuriae,
988 2180 1032 2212 et
1061 2185 1190 2226 quem
1211 2170 1390 2212 minime
1418 2168 1523 2210 velit
1549 2168 1600 2221 is,
1628 2169 1703 2223 qui

222 2217 340 2268 4eas
364 2228 542 2284 injurias
564 2228 717 2270 fecisse
738 2238 956 2285 arguatur.
990 2227 1041 2269 In
1062 2227 1145 2269 hac
1166 2242 1308 2279 causa,
1325 2227 1512 2283 judices,
1535 2225 1706 2290 tametsi

211 2287 253 2321 11
271 2293 499 2341 utrumque
527 2300 619 2327 esse
649 2287 834 2327 arbitror
863 2285 1153 2342 perspicuum,
1182 2295 1325 2328 tamen
1351 2284 1405 2325 de
1430 2292 1613 2337 utroque
1636 2281 1705 2323 ‚dl-

268 2357 378 2394 cam‚
400 2353 443 2384 et
465 2343 517 2384 de
538 2357 590 2385 eo
613 2343 745 2400 prius,
768 2343 884 2399 quod
906 2343 1021 2398 apud
1046 2357 1122 2383 vos
1148 2341 1379 2398 plurimum
1401 2340 1530 2382 debet
1549 2337 1704 2391 valere,

267 2398 351 2441 hoc
388 2409 468 2453 est,
498 2401 550 2442 de
580 2401 801 2442 voluntate
833 2414 997 2451 eorum,
1031 2400 1187 2454 quibus
1220 2399 1390 2455 injuriae
1421 2397 1549 2438 factae
1582 2405 1703 2460 sunt3

264 2471 448 2510 quorum
479 2473 609 2499 causa
632 2457 850 2514 judicium
881 2457 933 2498 de
966 2456 1160 2513 pecuniis
1190 2455 1437 2513 repetundis
1458 2462 1524 2494 est
1544 2461 1706 2496 consti-

263 2522 422 2555 tutum.
484 2515 675 2557 Siciliam
704 2514 974 2571 provinciam
1007 2513 1058 2555 C.
1088 2513 1239 2554 Verres
1269 2527 1345 2570 per
1374 2510 1605 2552 triennium
1630 2510 1705 2551 de-

261 2570 493 2627 populatus
520 2587 626 2622 esse,
649 2571 892 2613 Siculorum
918 2571 1115 2612 civitates
1145 2581 1348 2620 vastasse,
1371 2569 1522 2610 domos
1549 2567 1702 2631 exina-

261 2628 389 2678 nisse,
413 2628 514 2670 fana
536 2629 740 2685 spoliasse
762 2629 933 2670 dicitur.
981 2627 1167 2678 Adsunt,
1190 2634 1425 2682 queruntur
1448 2623 1582 2665 Sicuh
1605 2638 1702 2687 uni-

260 2685 369 2724 versi
388 2701 397 2726 ε
430 2686 483 2727 ad
506 2700 646 2727 meam
677 2686 821 2738 fidem,
843 2699 973 2741 quarn
996 2685 1158 2726 habent
1179 2691 1414 2740 spectatam
1432 2682 1541 2737 jam,
1563 2692 1606 2722 et
1627 2680 1701 2721 diu

297 2831 316 2857 5
330 2828 498 2859 consilium
512 2826 724 2867 autsactum.
995 2824 1052 2855 bat
1067 2835 1083 2854 e
1099 2824 1162 2855 Ms.
1177 2823 1291 2870 Franc.
1308 2822 1439 2854 laboret.
1457 2820 1551 2870 male.
1567 2818 1693 2852 Pendet

296 2871 316 2900 ὅ
333 2871 474 2901 maxime
491 2869 668 2909 laboraret]
688 2869 834 2900 Graevius
851 2866 951 2898 male·
996 2867 1085 2898 enim
1100 2866 1140 2898 ab
1154 2874 1328 2896 accesstsse.
