1907 3231
335 151 415 195 436
671 147 687 176 -’
845 146 912 195 m
947 149 1239 195 VERREM

336 261 470 313 Quid,
492 261 526 302 si
550 260 598 302 L.
622 260 830 314 Pretium,
860 263 1049 317 equitem
1081 261 1346 313 Romanum,
1367 262 1557 318 quitum
1585 262 1687 304 791n
1705 260 1777 304 Sia

333 318 434 360 cilia
471 318 790 376 negotiabatur,
822 320 1101 360 nominabat?
1143 318 1329 360 etiamne
1362 320 1404 361 id
1437 334 1645 376 magnum
1674 319 1773 372 fuit,

335 353 598 426 Panormum
618 377 780 418 litteras
803 377 999 417 mittere?
1031 388 1266 416 asservasse
1288 352 1535 420 hominem?
1567 376 1774 418 custodiis

336 425 698 475 Mamertinorum
730 443 898 474 tuorum
942 433 1149 483 vinctum,
1179 432 1374 475 clausum
1416 434 1630 486 habuisse,
1671 434 1776 476 dum

340 486 557 532 Panormo
594 492 763 532 Pretius
801 490 991 531 veniret?
1022 499 1304 544 οο3ῐιο5οειεῑ
1334 491 1581 534 hominem:
1612 491 1775 547 aliquid

334 548 388 589 de
409 551 575 590 summo
598 547 822 611 supplicio
829 546 1088 588 remitterzes
1122 547 1155 587 si
1177 547 1417 603 ignoraret:
1450 557 1543 590 tum
1556 549 1589 590 si
1608 550 1670 590 ita
1691 548 1774 589 tibi

336 606 567 656 videretur,
589 605 789 659 hocjuris
813 604 856 644 in
874 618 1021 644 omnes
1038 604 1336 656 constitueres,
1357 615 1419 657 ut,
1437 607 1511 661 qui
1531 620 1671 662 neque
1693 605 1775 647 tibi

338 672 469 705 notus
508 671 632 712 esset,
666 675 804 717 neque
833 661 1104 717 cognitorem
1136 661 1395 718 locupletem
1423 663 1558 715 daret,
1578 662 1781 719 quamvis

343 721 449 762 'cixis
474 719 695 760 Romanus
717 727 841 769 esset,
864 719 907 759 in
930 733 1102 760 crucem
1126 718 1360 760 tolleretur
1691 735 1694 744 ¹

258 745 330 800 66
399 777 482 818 Sed
503 776 606 832 quid
636 791 717 832 ego
751 776 874 833 plura
901 776 954 817 de
985 775 1156 818 Gavio?
1186 777 1305 832 quasi
1330 786 1374 817 tu
1399 776 1541 819 Gavio
1567 786 1660 819 tum
1676 777 1776 819 fue·-

254 823 395 875 169ris
417 833 612 884 infestus,
644 849 694 875 ac
714 849 801 875 non
824 834 1311 890 nomini‚g·ene1i‚juri
1332 834 1493 875 civium
1513 835 1665 876 hostis.
1688 849 1777 876 non

340 892 449 943 illi,
439 906 628 947 inquam,
661 891 842 942 homini,
865 892 936 932 sed
970 906 1110 932 causae
1143 891 1383 932 communi
1393 891 1603 934 libertatis
1631 892 1776 933 inimi-¹

339 964 414 991 cus
437 949 572 990 fuisti.
633 948 752 995 Quid
782 949 896 989 enim
930 949 1120 1000 attinuit,
1143 964 1241 990 cum
1276 946 1545 1001 Mamertini,
1574 956 1696 991 more
1714 957 1780 991 at·-

339 1021 423 1063 que
443 1006 642 1047 instituto
665 1021 756 1071 suo,
779 1020 949 1046 crucem
972 1006 1169 1046 fixissent
1191 1015 1288 1062 post
1310 1021 1358 1047 ur
1363 1007 1503 1058 bem,'
1493 1022 1537 1048 ln
1558 1007 1630 1047 via
1648 1006 1780 1048 Pom-

342 1061 766 1121 pei-13tej11be1·e1n
789 1077 839 1104 ea
861 1073 980 1119 parte
1002 1063 1147 1119 figere,
1170 1078 1266 1118 quae
1286 1064 1338 1105 ad
1362 1065 1518 1105 fretum
1543 1073 1778 1121 spectaret:

339 1131 383 1162 et
402 1122 487 1162 hoc
515 1122 683 1171 addere,
705 1121 821 1176 quod
854 1135 1011 1176 negare
1046 1120 1162 1161 nullo
1183 1121 1317 1162 modo
1335 1131 1472 1177 potes,
1500 1122 1615 1177 quod
1638 1122 1779 1163 omni-

339 1180 419 1220 bus
451 1178 723 1219 audientibus
757 1178 905 1219 dixisti
930 1178 1084 1233 palam,
1120 1186 1161 1218 te
1183 1179 1344 1219 idcirco
1367 1179 1488 1220 illum
1508 1179 1652 1220 locum
1673 1178 1779 1220 deli-'-

341 1250 453 1286 0ἐῑε,
473 1245 524 1276 ut
546 1236 629 1288 ille,
653 1236 726 1292 qui
749 1250 792 1276 se
811 1236 949 1276 civem
983 1235 1228 1276 Romanum
1259 1250 1349 1277 esse
1380 1236 1555 1288 diceret,
1576 1251 1632 1277 ex
1653 1242 1781 1278 cruce

339 1270 456 1335 ltalia
446 1308 514 1333 nn
537 1308 722 1344 cernere,
745 1308 794 1334 ac
812 1294 987 1334 domum
1010 1308 1129 1334 suam
1152 1294 1396 1350 prospicere
1419 1296 1593 1350 posset?
1625 1292 1779 1349 Itaque

339 1351 413 1392 illa
433 1366 542 1392 crux*
576 1351 677 1402 sola,
705 1351 890 1406 judices,
913 1360 1011 1407 post
1046 1351 1265 1392 conditam
1296 1350 1544 1392 Messanam
1576 1350 1649 1392 illo
1681 1351 1778 1393 loca

339 1408 430 1449 fixa
447 1418 524 1450 est.
587 1408 724 1450 Italiae
747 1417 1002 1464 conspectus
1016 1409 1068 1449 ad
1087 1423 1181 1449 eam
1203 1423 1291 1449 rem
1319 1409 1374 1449 ab
1395 1408 1685 1450 ist0=delect1us
1699 1416 1780 1459 est,

341 1476 390 1506 nt
411 1465 481 1507 ille
504 1467 547 1506 in
570 1466 716 1507 dolore
747 1467 1026 1521 cruciatuque
1054 1466 1254 1517 moriens,
1288 1474 1550 1522 perangusto
1579 1465 1692 1507 fretu
1713 1466 1780 1507 di=

342 1524 434 1565 visa
456 1524 673 1565 servitutis
706 1539 755 1564 ac
776 1523 986 1564 libertatis
1011 1523 1114 1579 jura
1146 1532 1452 1579 cognosceret3
1486 1523 1612 1564 Italia
1631 1529 1778 1565 autem

344 1581 563 1622 alumnum
605 1592 743 1633 suum,
786 1581 1003 1621 servitutis
1028 1590 1232 1645 extremo
1275 1590 1531 1646 summoque·
1559 1580 1779 1637 supplicio

257 1625 522 1707 Ξῖοειῧᾶκιιῑη
554 1639 731 1680 vidermet
804 1638 985 1679 Facinus
1021 1647 1099 1689 est,
1142 1638 1293 1679 vinciri
1326 1638 1466 1679 civem
1503 1637 1776 1680 Romanumt

211 1686 243 1717 p.
257 1700 274 1707 ”
298 1680 491 1751 ἱ1,·500105,
520 1696 759 1738 ιεῑῦεῑειιὶε
800 1710 934 1752 prope
960 1696 1251 1751 parricidium,
1284 1696 1451 1737 necari:
1498 1696 1602 1751 quid
1633 1695 1778 1736 dicam

340 1755 406 1784 80
397 1769 439 1794 in
462 1751 634 1794 crucem
657 1753 775 1795 tolli?
806 1754 936 1794 verbo
961 1753 1062 1794 satis
1085 1753 1217 1809 digno
1241 1761 1328 1793 tam
1346 1752 1515 1794 nefaria
1535 1767 1600 1794 res
1629 1753 1777 1809 apptel-

339 1810 414 1851 imi
447 1811 563 1852 nullo
593 1811 722 1852 modo
753 1818 908 1875 potest.
969 1811 1070 1851 Non
1108 1810 1191 1851 fuit
1223 1809 1309 1851 his-
1327 1810 1528 1851 omnibus
1561 1811 1662 1851 iste'
1675 1816 1779 1851 coni-

360 1878 497 1909 entus.
561 1869 750 1925 Spectet,
784 1868 939 1924 inquit,
974 1868 1182 1924 patriam:
1214 1868 1259 1908 in
1289 1859 1525 1923 conspectu
1556 1866 1704 1923 legum'
1726 1867 1780 1909 li·-

336 1927 601 1982 bertatisque
623 1926 843 1967 moriatur.
890 1925 990 1967 Non
1016 1935 1059 1966 tu
1083 1926 1165 1965 hoc
1187 1924 1283 1966 loco
1307 1925 1512 1977 Gavium,
1532 1939 1620 1966 non
1643 1933 1778 1966 unum
1798 1938 1802 1943 ’

338 1982 572 2035 hominem,
600 1984 744 2025 nescio
777 1997 920 2038 quem,
943 1984 1081 2024 civem
1107 1982 1368 2033 Romanum,
1400 1983 1473 2024 sed
1503 1993 1777 2024 communem

336 2040 546 2081 libertatis
570 2049 612 2082 et
644 2041 830 2082 civitatis
861 2055 1033 2082 causam
1068 2041 1111 2080 in
1142 2040 1260 2080 illum
1282 2039 1520 2080 cruciatum
1541 2047 1585 2080 et
1605 2052 1777 2081 crucem

336 2098 479 2154 egisti.
538 2097 638 2140 Jam
668 2113 768 2139 vero
800 2099 940 2139 videte
974 2097 1161 2139 hominis
1190 2097 1429 2138 audaciam.
1490 2097 1648 2138 Nonne
1677 2110 1778 2138 eum

336 2170 409 2211 gre
404 2156 525 2196 viter
559 2156 704 2197 tulisse
746 2155 1029 2206 arbitramini,
1066 2155 1181 2211 quod
1212 2154 1328 2195 illam
1361 2155 1528 2196 civibus
1567 2153 1776 2196 Romanis

336 2227 376 2252 ei
374 2227 506 2254 neem
530 2228 616 2254 non
650 2222 794 2269 posset
824 2214 867 2253 in
891 2212 999 2263 foro,
1033 2228 1118 2254 non
1150 2227 1191 2252 m
1225 2212 1419 2263 comitio,
1450 2211 1600 2253 nonin
1627 2212 1775 2252 :Nostris

336 2269 552 2326 defigere?
583 2271 697 2326 quod
728 2285 840 2312 enim
864 2270 931 2311 his
955 2270 1092 2311 locis
1083 2285 1125 2311 ln
1158 2270 1382 2334 provincia
1415 2284 1504 2320 sua,
1525 2268 1776 2310 celebritate

335 2328 616 2380 simillimum,
634 2328 810 2384 regione
832 2328 1080 2384 proximum
1104 2328 1260 2383 potuit,
1277 2327 1422 2381 elegit.
1446 2335 1776 2367 monumentum

336 2385 503 2426 sceleris
534 2361 810 2441 audaciaeque
843 2400 930 2426 suae
966 2385 1102 2426 voluit
1131 2399 1222 2426 esse
1258 2385 1301 2424 in
1340 2392 1574 2448 conspectu
1607 2383 1797 2448 Italiae,·

335 2442 548 2484 vestibulo
583 2443 758 2495 Siciliae,
785 2443 1142 2500 praetervectione
1165 2442 1373 2494 omnium,
1402 2441 1476 2496 qui
1509 2440 1622 2481 ultro
1645 2441 1775 2482 citro-

377 2603 419 2635 79
435 2601 468 2630 in
484 2600 852 2638 Sicilianegotzabalur,
862 2599 965 2639 nom]
983 2600 1037 2631 Sic
1079 2599 1197 2637 Miror,
1227 2599 1394 2630 Graevium
1423 2598 1477 2629 hic
1504 2606 1571 2628 non
1598 2597 1774 2641 inspexisse

337 2640 421 2673 edidi
437 2654 475 2672 ex
488 2643 535 2672 ed.
553 2642 638 2673 mor.
652 2642 737 2682 quod
750 2648 783 2673 et
798 2648 872 2682 post
890 2643 1034 2682 quidam,
1078 2642 1278 2678 victorium,
1293 2646 1327 2672 et
1343 2641 1397 2681 qui
1413 2651 1488 2672 eum
1503 2641 1605 2671 secuti
1620 2645 1710 2670 sunt.

336 2686 371 2715 in
387 2684 435 2714 his
451 2685 631 2722 Victorius,
648 2685 752 2715 secuti
768 2691 856 2715 sunt.
901 2684 1037 2715 Delevit
1121 2687 1161 2715 80
1176 2695 1212 2714 m
1226 2693 1354 2714 crucem
1369 2683 1451 2722 tolli]
1482 2684 1535 2713 Sic
1548 2681 1632 2713 edidi
1647 2693 1686 2713 ex
1699 2680 1773 2712 edd.

334 2727 507 2763 Gruterus,
538 2727 623 2766 quod
650 2727 683 2756 in
712 2737 779 2757 una
806 2727 864 2758 illa
884 2727 1031 2757 editione
1074 2736 1122 2767 pr.
1133 2726 1236 2757 Aldus
1251 2726 1329 2757 fecit
1341 2727 1472 2755 tollet-:e
1495 2724 1582 2765 quod
1594 2729 1628 2755 et
1643 2723 1775 2765 praefer-

333 2774 419 2800 esset
433 2774 553 2799 vetere.
593 2769 774 2808 Vestigium
786 2775 899 2800 tamen
916 2769 1030 2800 lectio-
1074 2779 1156 2806 rem,
1169 2770 1195 2800 si
1208 2773 1293 2799 esset
1308 2772 1341 2798 et
1361 2769 1492 2805 vincire,
1520 2768 1702 2803 verberare,
1717 2775 1773 2796 ne-

333 2812 383 2842 nis
397 2818 448 2842 est
465 2812 498 2841 in
513 2811 583 2841 edd.
598 2821 644 2851 pr.
659 2821 731 2851 quae
746 2811 868 2842 habent
881 2812 1030 2842 nomina·
1072 2821 1157 2842 care.
1203 2812 1265 2842 Sed
1280 2810 1380 2841 malui
1398 2819 1501 2840 unum
1523 2809 1718 2849 corrigere-e
1732 2807 1776 2838 li·

333 2854 442 2885 batur.
486 2853 536 2884 Ex
550 2864 588 2885 eo
603 2854 706 2885 Aldus
727 2854 807 2885 fecit
826 2855 1028 2886 nominabat.
1072 2854 1151 2891 bris,
1167 2863 1266 2893 quam
1279 2853 1346 2883 tria
1360 2852 1432 2883 sine
1446 2852 1553 2883 libris.
