<?xml version="1.0" encoding="UTF-8"?>
<!DOCTYPE html PUBLIC "-//W3C//DTD XHTML 1.0 Transitional//EN"
    "http://www.w3.org/TR/xhtml1/DTD/xhtml1-transitional.dtd">
<html xmlns="http://www.w3.org/1999/xhtml" xml:lang="en" lang="en">
 <head>
  <title>
</title>
<meta http-equiv="Content-Type" content="text/html;charset=utf-8" />
  <meta name='ocr-system' content='tesseract 3.04.00' />
  <meta name='ocr-capabilities' content='ocr_page ocr_carea ocr_par ocr_line ocrx_word'/>
</head>
<body>
  <div class='ocr_page' id='page_1' title='image "./p1operaomnia02ciceuoft_0397.png"; bbox 0 0 1907 3231; ppageno 0'>
   <div class='ocr_carea' id='block_1_1' title="bbox 529 116 1625 161">
    <p class='ocr_par' dir='ltr' id='par_1_1' title="bbox 529 116 1625 161">
     <span class='ocr_line' id='line_1_1' title="bbox 529 116 1625 161; baseline 0 -5"><span class='ocrx_word' id='word_1_1' title='bbox 529 119 655 157; x_wconf 83' lang='lat' dir='ltr'>ACT.</span> <span class='ocrx_word' id='word_1_2' title='bbox 685 118 744 157; x_wconf 92' lang='lat' dir='ltr'>II.·</span> <span class='ocrx_word' id='word_1_3' title='bbox 779 116 963 155; x_wconf 90' lang='lat' dir='ltr'><strong>LIBER</strong></span> <span class='ocrx_word' id='word_1_4' title='bbox 992 117 1285 158; x_wconf 86' lang='lat' dir='ltr'>QUARTUS.</span> <span class='ocrx_word' id='word_1_5' title='bbox 1546 122 1625 161; x_wconf 78' lang='grc'>373</span> 
     </span>
    </p>
   </div>
   <div class='ocr_carea' id='block_1_2' title="bbox 153 221 1744 2581">
    <p class='ocr_par' dir='ltr' id='par_1_2' title="bbox 153 221 1733 2581">
     <span class='ocr_line' id='line_1_2' title="bbox 180 221 1624 279; baseline 0.001 -17"><span class='ocrx_word' id='word_1_6' title='bbox 180 222 450 264; x_wconf 76' lang='lat' dir='ltr'>rtevertebar</span> <span class='ocrx_word' id='word_1_7' title='bbox 483 221 559 262; x_wconf 84' lang='lat' dir='ltr'>ubi</span> <span class='ocrx_word' id='word_1_8' title='bbox 590 237 688 264; x_wconf 89' lang='lat' dir='ltr'>cum</span> <span class='ocrx_word' id='word_1_9' title='bbox 721 223 938 279; x_wconf 89' lang='lat' dir='ltr'>equitibus</span> <span class='ocrx_word' id='word_1_10' title='bbox 973 221 1182 263; x_wconf 90' lang='lat' dir='ltr'>Romanis</span> <span class='ocrx_word' id='word_1_11' title='bbox 1216 236 1271 262; x_wconf 82' lang='lat' dir='ltr'>ex</span> <span class='ocrx_word' id='word_1_12' title='bbox 1302 221 1374 263; x_wconf 87' lang='lat' dir='ltr'>illo</span> <span class='ocrx_word' id='word_1_13' title='bbox 1405 232 1624 264; x_wconf 85' lang='lat' dir='ltr'>conventu</span> 
     </span>
     <span class='ocr_line' id='line_1_3' title="bbox 178 277 1621 336; baseline 0.001 -16"><span class='ocrx_word' id='word_1_14' title='bbox 178 277 509 330; x_wconf 83' lang='lat' dir='ltr'>honestissimis,</span> <span class='ocrx_word' id='word_1_15' title='bbox 538 278 631 320; x_wconf 92' lang='lat' dir='ltr'>illos</span> <span class='ocrx_word' id='word_1_16' title='bbox 666 280 903 332; x_wconf 87' lang='lat' dir='ltr'>Verrutios,</span> <span class='ocrx_word' id='word_1_17' title='bbox 937 280 989 321; x_wconf 91' lang='lat' dir='ltr'>de</span> <span class='ocrx_word' id='word_1_18' title='bbox 1024 280 1180 336; x_wconf 90' lang='lat' dir='ltr'>quibus</span> <span class='ocrx_word' id='word_1_19' title='bbox 1212 288 1311 320; x_wconf 88' lang='lat' dir='ltr'>ante</span> <span class='ocrx_word' id='word_1_20' title='bbox 1343 280 1450 331; x_wconf 80' lang='lat' dir='ltr'>dixi,</span> <span class='ocrx_word' id='word_1_21' title='bbox 1480 281 1621 335; x_wconf 84' lang='lat' dir='ltr'>expli-</span> 
     </span>
     <span class='ocr_line' id='line_1_4' title="bbox 177 312 1618 394; baseline 0.001 -16"><span class='ocrx_word' id='word_1_22' title='bbox 177 337 358 378; x_wconf 89' lang='lat' dir='ltr'>cabam.</span> <span class='ocrx_word' id='word_1_23' title='bbox 389 352 415 377; x_wconf 90' lang='lat' dir='ltr'>a</span> <span class='ocrx_word' id='word_1_24' title='bbox 437 337 716 392; x_wconf 83' lang='lat' dir='ltr'>Sylacusanis</span> <span class='ocrx_word' id='word_1_25' title='bbox 730 353 901 394; x_wconf 89' lang='lat' dir='ltr'>prorsus</span> <span class='ocrx_word' id='word_1_26' title='bbox 914 337 1020 378; x_wconf 86' lang='lat' dir='ltr'>nihil</span> <span class='ocrx_word' id='word_1_27' title='bbox 1035 337 1273 392; x_wconf 78' lang='lat' dir='ltr'>adjumenti</span> <span class='ocrx_word' id='word_1_28' title='bbox 1287 350 1425 392; x_wconf 89' lang='lat' dir='ltr'>neque</span> <span class='ocrx_word' id='word_1_29' title='bbox 1439 312 1618 392; x_wconf 78' lang='lat' dir='ltr'>7publice</span> 
     </span>
     <span class='ocr_line' id='line_1_5' title="bbox 179 393 1614 459; baseline 0.001 -26"><span class='ocrx_word' id='word_1_30' title='bbox 179 407 318 449; x_wconf 89' lang='lat' dir='ltr'>neque</span> <span class='ocrx_word' id='word_1_31' title='bbox 341 394 542 449; x_wconf 87' lang='lat' dir='ltr'>privatim</span> <span class='ocrx_word' id='word_1_32' title='bbox 558 397 891 451; x_wconf 82' lang='lat' dir='ltr'>exspectabam:</span> <span class='ocrx_word' id='word_1_33' title='bbox 914 410 1052 451; x_wconf 90' lang='lat' dir='ltr'>neque</span> <span class='ocrx_word' id='word_1_34' title='bbox 1065 394 1211 436; x_wconf 88' lang='lat' dir='ltr'>eratin</span> <span class='ocrx_word' id='word_1_35' title='bbox 1225 408 1368 435; x_wconf 79' lang='lat' dir='ltr'>animo</span> <span class='ocrx_word' id='word_1_36' title='bbox 1384 393 1614 459; x_wconf 57' lang='lat' dir='ltr'>postulare.</span> 
     </span>
     <span class='ocr_line' id='line_1_6' title="bbox 178 449 1614 509; baseline 0.001 -18"><span class='ocrx_word' id='word_1_37' title='bbox 178 449 293 492; x_wconf 90' lang='lat' dir='ltr'>Cum</span> <span class='ocrx_word' id='word_1_38' title='bbox 328 450 423 492; x_wconf 81' lang='lat' dir='ltr'>hacc</span> <span class='ocrx_word' id='word_1_39' title='bbox 456 465 642 507; x_wconf 83' lang='lat' dir='ltr'><strong>agerem</strong></span> <span class='ocrx_word' id='word_1_40' title='bbox 676 463 852 509; x_wconf 79' lang='lat' dir='ltr'>iepente</span> <span class='ocrx_word' id='word_1_41' title='bbox 883 453 936 494; x_wconf 88' lang='lat' dir='ltr'>ad</span> <span class='ocrx_word' id='word_1_42' title='bbox 971 467 1038 494; x_wconf 90' lang='lat' dir='ltr'>me</span> <span class='ocrx_word' id='word_1_43' title='bbox 1068 451 1186 493; x_wconf 85' lang='lat' dir='ltr'>venit</span> <span class='ocrx_word' id='word_1_44' title='bbox 1218 450 1477 492; x_wconf 84' lang='lat' dir='ltr'>Heraclius</span> <span class='ocrx_word' id='word_1_45' title='bbox 1467 465 1517 501; x_wconf 90' lang='grc'>15,</span> <span class='ocrx_word' id='word_1_46' title='bbox 1538 452 1614 506; x_wconf 89' lang='lat' dir='ltr'>qui</span> 
     </span>
     <span class='ocr_line' id='line_1_7' title="bbox 176 485 1612 566; baseline -0.001 -17"><span class='ocrx_word' id='word_1_47' title='bbox 176 515 271 549; x_wconf 88' lang='lat' dir='ltr'>tum</span> <span class='ocrx_word' id='word_1_48' title='bbox 292 508 594 564; x_wconf 76' lang='lat' dir='ltr'>magistratum</span> <span class='ocrx_word' id='word_1_49' title='bbox 625 485 684 566; x_wconf 76' lang='lat' dir='ltr'>Sy</span> <span class='ocrx_word' id='word_1_50' title='bbox 688 525 846 551; x_wconf 82' lang='lat' dir='ltr'>racusis</span> <span class='ocrx_word' id='word_1_51' title='bbox 868 511 1072 561; x_wconf 89' lang='lat' dir='ltr'>habebat,</span> <span class='ocrx_word' id='word_1_52' title='bbox 1093 508 1224 551; x_wconf 88' lang='lat' dir='ltr'>homo</span> <span class='ocrx_word' id='word_1_53' title='bbox 1246 508 1419 560; x_wconf 77' lang='lat' dir='ltr'>nobilis,</span> <span class='ocrx_word' id='word_1_54' title='bbox 1450 509 1523 564; x_wconf 87' lang='lat' dir='ltr'>qui</span> <span class='ocrx_word' id='word_1_55' title='bbox 1547 523 1612 549; x_wconf 88' lang='lat' dir='ltr'>sa·-</span> 
     </span>
     <span class='ocr_line' id='line_1_8' title="bbox 172 565 1615 630; baseline 0.001 -25"><span class='ocrx_word' id='word_1_56' title='bbox 172 565 323 606; x_wconf 88' lang='lat' dir='ltr'>cerdos</span> <span class='ocrx_word' id='word_1_57' title='bbox 336 565 459 607; x_wconf 89' lang='lat' dir='ltr'>Jovis</span> <span class='ocrx_word' id='word_1_58' title='bbox 482 566 647 618; x_wconf 85' lang='lat' dir='ltr'>fuisset,</span> <span class='ocrx_word' id='word_1_59' title='bbox 666 568 739 623; x_wconf 93' lang='lat' dir='ltr'>qui</span> <span class='ocrx_word' id='word_1_60' title='bbox 758 568 895 609; x_wconf 81' lang='lat' dir='ltr'>honos</span> <span class='ocrx_word' id='word_1_61' title='bbox 915 568 1029 624; x_wconf 89' lang='lat' dir='ltr'>apud</span> <span class='ocrx_word' id='word_1_62' title='bbox 1049 543 1338 622; x_wconf 81' lang='lat' dir='ltr'>Syracusanos</span> <span class='ocrx_word' id='word_1_63' title='bbox 1357 575 1421 607; x_wconf 90' lang='lat' dir='ltr'>est</span> <span class='ocrx_word' id='word_1_64' title='bbox 1440 565 1615 630; x_wconf 80' lang='lat' dir='ltr'>amplis-</span> 
     </span>
     <span class='ocr_line' id='line_1_9' title="bbox 172 621 1744 680; baseline 0.001 -17"><span class='ocrx_word' id='word_1_65' title='bbox 172 621 319 678; x_wconf 68' lang='lat' dir='ltr'>simus.</span> <span class='ocrx_word' id='word_1_66' title='bbox 343 624 436 680; x_wconf 88' lang='lat' dir='ltr'>agit</span> <span class='ocrx_word' id='word_1_67' title='bbox 465 639 650 676; x_wconf 87' lang='lat' dir='ltr'>mecum,</span> <span class='ocrx_word' id='word_1_68' title='bbox 683 626 777 667; x_wconf 77' lang='lat' dir='ltr'>67et</span> <span class='ocrx_word' id='word_1_69' title='bbox 806 640 904 666; x_wconf 88' lang='lat' dir='ltr'>cum</span> <span class='ocrx_word' id='word_1_70' title='bbox 934 625 1064 666; x_wconf 85' lang='lat' dir='ltr'>fratre</span> <span class='ocrx_word' id='word_1_71' title='bbox 1097 639 1209 675; x_wconf 78' lang='lat' dir='ltr'>mee,</span> <span class='ocrx_word' id='word_1_72' title='bbox 1233 634 1295 675; x_wconf 91' lang='lat' dir='ltr'>ut,</span> <span class='ocrx_word' id='word_1_73' title='bbox 1330 624 1364 665; x_wconf 89' lang='lat' dir='ltr'>si</span> <span class='ocrx_word' id='word_1_74' title='bbox 1393 623 1518 665; x_wconf 90' lang='lat' dir='ltr'>nobis</span> <span class='ocrx_word' id='word_1_75' title='bbox 1549 623 1655 665; x_wconf 72' lang='lat' dir='ltr'>vi-P·</span> <span class='ocrx_word' id='word_1_76' title='bbox 1672 628 1744 660; x_wconf 72' lang='grc'><strong>939</strong></span> 
     </span>
     <span class='ocr_line' id='line_1_10' title="bbox 171 658 1642 737; baseline 0.001 -17"><span class='ocrx_word' id='word_1_77' title='bbox 171 658 602 732; x_wconf 63' lang='lat' dir='ltr'>deretu1,⁰adire111us</span> <span class='ocrx_word' id='word_1_78' title='bbox 624 683 677 724; x_wconf 87' lang='lat' dir='ltr'>ad</span> <span class='ocrx_word' id='word_1_79' title='bbox 699 697 846 732; x_wconf 84' lang='lat' dir='ltr'>eorum</span> <span class='ocrx_word' id='word_1_80' title='bbox 882 692 1102 724; x_wconf 90' lang='lat' dir='ltr'>senatum:</span> <span class='ocrx_word' id='word_1_81' title='bbox 1134 684 1174 714; x_wconf 78' lang='grc'>68</span> <span class='ocrx_word' id='word_1_82' title='bbox 1188 681 1432 737; x_wconf 85' lang='lat' dir='ltr'>frequentes</span> <span class='ocrx_word' id='word_1_83' title='bbox 1454 695 1545 722; x_wconf 88' lang='lat' dir='ltr'>esse</span> <span class='ocrx_word' id='word_1_84' title='bbox 1567 680 1642 722; x_wconf 78' lang='lat' dir='ltr'>ina</span> 
     </span>
     <span class='ocr_line' id='line_1_11' title="bbox 170 738 1698 795; baseline 0.001 -17"><span class='ocrx_word' id='word_1_85' title='bbox 170 738 311 778; x_wconf 88' lang='lat' dir='ltr'>curia:</span> <span class='ocrx_word' id='word_1_86' title='bbox 343 739 523 795; x_wconf 88' lang='lat' dir='ltr'>sejussu</span> <span class='ocrx_word' id='word_1_87' title='bbox 543 749 713 781; x_wconf 89' lang='lat' dir='ltr'>senatus</span> <span class='ocrx_word' id='word_1_88' title='bbox 730 755 754 780; x_wconf 88' lang='grc'><strong>3</strong></span> <span class='ocrx_word' id='word_1_89' title='bbox 772 740 896 781; x_wconf 91' lang='lat' dir='ltr'>nobis</span> <span class='ocrx_word' id='word_1_90' title='bbox 917 749 1074 795; x_wconf 77' lang='lat' dir='ltr'>petere,</span> <span class='ocrx_word' id='word_1_91' title='bbox 1097 748 1145 780; x_wconf 91' lang='lat' dir='ltr'>ut</span> <span class='ocrx_word' id='word_1_92' title='bbox 1161 740 1417 780; x_wconf 87' lang='lat' dir='ltr'>veniremus.</span> <span class='ocrx_word' id='word_1_93' title='bbox 1462 738 1608 780; x_wconf 88' lang='lat' dir='ltr'>Primo</span> <span class='ocrx_word' id='word_1_94' title='bbox 1625 738 1698 771; x_wconf 80' lang='lat'>133</span> 
     </span>
     <span class='ocr_line' id='line_1_12' title="bbox 169 795 1610 852; baseline 0.003 -17"><span class='ocrx_word' id='word_1_95' title='bbox 169 795 296 836; x_wconf 89' lang='lat' dir='ltr'>nobis</span> <span class='ocrx_word' id='word_1_96' title='bbox 331 795 415 837; x_wconf 87' lang='lat' dir='ltr'>fuit</span> <span class='ocrx_word' id='word_1_97' title='bbox 454 797 649 848; x_wconf 90' lang='lat' dir='ltr'>dubium,</span> <span class='ocrx_word' id='word_1_98' title='bbox 680 797 784 852; x_wconf 90' lang='lat' dir='ltr'>quid</span> <span class='ocrx_word' id='word_1_99' title='bbox 821 796 1255 852; x_wconf 76' lang='lat' dir='ltr'>ageremus:‘dcinde</span> <span class='ocrx_word' id='word_1_100' title='bbox 1293 797 1381 837; x_wconf 92' lang='lat' dir='ltr'>cito</span> <span class='ocrx_word' id='word_1_101' title='bbox 1415 796 1533 838; x_wconf 88' lang='lat' dir='ltr'>venit</span> <span class='ocrx_word' id='word_1_102' title='bbox 1565 796 1610 839; x_wconf 89' lang='lat' dir='ltr'>in</span> 
     </span>
     <span class='ocr_line' id='line_1_13' title="bbox 168 853 1610 905; baseline 0.001 -12"><span class='ocrx_word' id='word_1_103' title='bbox 168 862 374 905; x_wconf 85' lang='lat' dir='ltr'>mentem,</span> <span class='ocrx_word' id='word_1_104' title='bbox 397 869 484 896; x_wconf 93' lang='lat' dir='ltr'>non</span> <span class='ocrx_word' id='word_1_105' title='bbox 506 869 597 895; x_wconf 87' lang='lat' dir='ltr'>esse</span> <span class='ocrx_word' id='word_1_106' title='bbox 618 854 842 895; x_wconf 88' lang='lat' dir='ltr'>vitandum</span> <span class='ocrx_word' id='word_1_107' title='bbox 871 854 996 894; x_wconf 88' lang='lat' dir='ltr'>nobis</span> <span class='ocrx_word' id='word_1_108' title='bbox 1027 853 1146 894; x_wconf 87' lang='lat' dir='ltr'>illum</span> <span class='ocrx_word' id='word_1_109' title='bbox 1179 862 1443 895; x_wconf 81' lang='lat' dir='ltr'>conventum</span> <span class='ocrx_word' id='word_1_110' title='bbox 1475 863 1519 895; x_wconf 91' lang='lat' dir='ltr'>et</span> <span class='ocrx_word' id='word_1_111' title='bbox 1546 853 1610 895; x_wconf 91' lang='lat' dir='ltr'>lo-</span> 
     </span>
     <span class='ocr_line' id='line_1_14' title="bbox 168 906 1690 967; baseline 0.001 -17"><span class='ocrx_word' id='word_1_112' title='bbox 168 924 284 951; x_wconf 90' lang='lat' dir='ltr'>cum.</span> <span class='ocrx_word' id='word_1_113' title='bbox 337 910 490 967; x_wconf 91' lang='lat' dir='ltr'>Itaque</span> <span class='ocrx_word' id='word_1_114' title='bbox 512 912 556 953; x_wconf 90' lang='lat' dir='ltr'>in</span> <span class='ocrx_word' id='word_1_115' title='bbox 582 911 747 953; x_wconf 90' lang='lat' dir='ltr'>curiam</span> <span class='ocrx_word' id='word_1_116' title='bbox 768 911 978 953; x_wconf 87' lang='lat' dir='ltr'>venimus.</span> <span class='ocrx_word' id='word_1_117' title='bbox 1032 910 1287 952; x_wconf 84' lang='lat' dir='ltr'>Honorifice</span> <span class='ocrx_word' id='word_1_118' title='bbox 1311 926 1411 952; x_wconf 83' lang='lat' dir='ltr'>sane</span> <span class='ocrx_word' id='word_1_119' title='bbox 1432 926 1608 952; x_wconf 84' lang='lat' dir='ltr'>consur·</span> <span class='ocrx_word' id='word_1_120' title='bbox 1620 906 1690 962; x_wconf 66' lang='lat'>62</span> 
     </span>
     <span class='ocr_line' id='line_1_15' title="bbox 168 967 1609 1025; baseline 0.001 -17"><span class='ocrx_word' id='word_1_121' title='bbox 168 967 306 1023; x_wconf 88' lang='lat' dir='ltr'>gitur:</span> <span class='ocrx_word' id='word_1_122' title='bbox 338 984 417 1010; x_wconf 91' lang='lat' dir='ltr'>nos</span> <span class='ocrx_word' id='word_1_123' title='bbox 439 977 594 1025; x_wconf 85' lang='lat' dir='ltr'>rogatu</span> <span class='ocrx_word' id='word_1_124' title='bbox 624 969 902 1024; x_wconf 80' lang='lat' dir='ltr'>magistratus</span> <span class='ocrx_word' id='word_1_125' title='bbox 924 969 1174 1010; x_wconf 84' lang='lat' dir='ltr'>assedimus.</span> <span class='ocrx_word' id='word_1_126' title='bbox 1235 967 1397 1025; x_wconf 84' lang='lat' dir='ltr'>Incipit</span> <span class='ocrx_word' id='word_1_127' title='bbox 1418 969 1452 1010; x_wconf 91' lang='lat' dir='ltr'>is</span> <span class='ocrx_word' id='word_1_128' title='bbox 1475 969 1609 1025; x_wconf 89' lang='lat' dir='ltr'>loqui,</span> 
     </span>
     <span class='ocr_line' id='line_1_16' title="bbox 168 1025 1612 1081; baseline 0.001 -15"><span class='ocrx_word' id='word_1_129' title='bbox 168 1025 244 1081; x_wconf 85' lang='lat' dir='ltr'>qui</span> <span class='ocrx_word' id='word_1_130' title='bbox 266 1036 310 1067; x_wconf 85' lang='lat' dir='ltr'>et</span> <span class='ocrx_word' id='word_1_131' title='bbox 338 1027 611 1078; x_wconf 85' lang='lat' dir='ltr'>auctoritate,</span> <span class='ocrx_word' id='word_1_132' title='bbox 633 1035 677 1066; x_wconf 87' lang='lat' dir='ltr'>et</span> <span class='ocrx_word' id='word_1_133' title='bbox 705 1035 849 1078; x_wconf 64' lang='lat' dir='ltr'>aetate,</span> <span class='ocrx_word' id='word_1_134' title='bbox 872 1036 930 1077; x_wconf 91' lang='lat' dir='ltr'>et,</span> <span class='ocrx_word' id='word_1_135' title='bbox 952 1035 999 1066; x_wconf 88' lang='lat' dir='ltr'>ut</span> <span class='ocrx_word' id='word_1_136' title='bbox 1025 1027 1133 1068; x_wconf 88' lang='lat' dir='ltr'>mihi</span> <span class='ocrx_word' id='word_1_137' title='bbox 1164 1025 1303 1067; x_wconf 77' lang='lat' dir='ltr'>visum</span> <span class='ocrx_word' id='word_1_138' title='bbox 1337 1035 1415 1078; x_wconf 87' lang='lat' dir='ltr'>est,</span> <span class='ocrx_word' id='word_1_139' title='bbox 1440 1042 1516 1068; x_wconf 89' lang='lat' dir='ltr'>usu</span> <span class='ocrx_word' id='word_1_140' title='bbox 1545 1041 1612 1068; x_wconf 48' lang='lat' dir='ltr'>ref-</span> 
     </span>
     <span class='ocr_line' id='line_1_17' title="bbox 169 1083 1612 1139; baseline 0.001 -16"><span class='ocrx_word' id='word_1_141' title='bbox 169 1097 265 1124; x_wconf 86' lang='lat' dir='ltr'>rum</span> <span class='ocrx_word' id='word_1_142' title='bbox 287 1083 584 1135; x_wconf 81' lang='lat' dir='ltr'>antecedebat,</span> <span class='ocrx_word' id='word_1_143' title='bbox 619 1083 837 1130; x_wconf 89' lang='lat' dir='ltr'>Diodorus</span> <span class='ocrx_word' id='word_1_144' title='bbox 859 1083 1176 1126; x_wconf 86' lang='lat' dir='ltr'>Timarchides:</span> <span class='ocrx_word' id='word_1_145' title='bbox 1209 1083 1332 1139; x_wconf 85' lang='lat' dir='ltr'>cujus</span> <span class='ocrx_word' id='word_1_146' title='bbox 1358 1084 1496 1125; x_wconf 91' lang='lat' dir='ltr'>omnis</span> <span class='ocrx_word' id='word_1_147' title='bbox 1516 1099 1612 1126; x_wconf 83' lang='lat' dir='ltr'>ora-</span> 
     </span>
     <span class='ocr_line' id='line_1_18' title="bbox 168 1140 1611 1207; baseline 0.002 -27"><span class='ocrx_word' id='word_1_148' title='bbox 168 1140 231 1181; x_wconf 84' lang='lat' dir='ltr'>tio</span> <span class='ocrx_word' id='word_1_149' title='bbox 266 1140 379 1181; x_wconf 87' lang='lat' dir='ltr'>hanc</span> <span class='ocrx_word' id='word_1_150' title='bbox 411 1141 566 1182; x_wconf 83' lang='lat' dir='ltr'>habuit</span> <span class='ocrx_word' id='word_1_151' title='bbox 596 1141 736 1196; x_wconf 79' lang='lat' dir='ltr'>plimo</span> <span class='ocrx_word' id='word_1_152' title='bbox 760 1142 1042 1185; x_wconf 86' lang='lat' dir='ltr'>sententiam:</span> <span class='ocrx_word' id='word_1_153' title='bbox 1077 1142 1282 1183; x_wconf 81' lang='lat' dir='ltr'>Senatum</span> <span class='ocrx_word' id='word_1_154' title='bbox 1316 1141 1611 1207; x_wconf 86' lang='lat' dir='ltr'>populumque</span> 
     </span>
     <span class='ocr_line' id='line_1_19' title="bbox 168 1197 1609 1262; baseline 0.001 -23"><span class='ocrx_word' id='word_1_155' title='bbox 168 1197 488 1262; x_wconf 84' lang='lat' dir='ltr'>Syracusanum</span> <span class='ocrx_word' id='word_1_156' title='bbox 521 1199 700 1239; x_wconf 82' lang='lat' dir='ltr'>moleste</span> <span class='ocrx_word' id='word_1_157' title='bbox 731 1199 1004 1255; x_wconf 83' lang='lat' dir='ltr'>graviterque</span> <span class='ocrx_word' id='word_1_158' title='bbox 1037 1199 1161 1250; x_wconf 86' lang='lat' dir='ltr'>ferre,</span> <span class='ocrx_word' id='word_1_159' title='bbox 1184 1199 1299 1254; x_wconf 91' lang='lat' dir='ltr'>quod</span> <span class='ocrx_word' id='word_1_160' title='bbox 1322 1214 1420 1255; x_wconf 89' lang='lat' dir='ltr'>ego,</span> <span class='ocrx_word' id='word_1_161' title='bbox 1442 1215 1541 1243; x_wconf 87' lang='lat' dir='ltr'>cum</span> <span class='ocrx_word' id='word_1_162' title='bbox 1564 1200 1609 1250; x_wconf 77' lang='lat' dir='ltr'>in</span> 
     </span>
     <span class='ocr_line' id='line_1_20' title="bbox 165 1255 1608 1322; baseline 0.001 -26"><span class='ocrx_word' id='word_1_163' title='bbox 165 1255 320 1297; x_wconf 89' lang='lat' dir='ltr'>ceteris</span> <span class='ocrx_word' id='word_1_164' title='bbox 344 1255 503 1298; x_wconf 82' lang='lat' dir='ltr'>Siciliae</span> <span class='ocrx_word' id='word_1_165' title='bbox 527 1256 793 1307; x_wconf 88' lang='lat' dir='ltr'>civitatibus,</span> <span class='ocrx_word' id='word_1_166' title='bbox 817 1266 1012 1297; x_wconf 87' lang='lat' dir='ltr'>senatum</span> <span class='ocrx_word' id='word_1_167' title='bbox 1034 1256 1329 1313; x_wconf 89' lang='lat' dir='ltr'>populumque</span> <span class='ocrx_word' id='word_1_168' title='bbox 1349 1257 1608 1322; x_wconf 85' lang='lat' dir='ltr'>docuissem,</span> 
     </span>
     <span class='ocr_line' id='line_1_21' title="bbox 165 1313 1608 1369; baseline 0.003 -16"><span class='ocrx_word' id='word_1_169' title='bbox 165 1313 271 1368; x_wconf 92' lang='lat' dir='ltr'>quid</span> <span class='ocrx_word' id='word_1_170' title='bbox 292 1313 352 1354; x_wconf 92' lang='lat' dir='ltr'>eis</span> <span class='ocrx_word' id='word_1_171' title='bbox 375 1314 589 1364; x_wconf 83' lang='lat' dir='ltr'>utilitatis,</span> <span class='ocrx_word' id='word_1_172' title='bbox 621 1314 725 1369; x_wconf 91' lang='lat' dir='ltr'>quid</span> <span class='ocrx_word' id='word_1_173' title='bbox 762 1313 908 1355; x_wconf 89' lang='lat' dir='ltr'>salutis</span> <span class='ocrx_word' id='word_1_174' title='bbox 940 1314 1151 1365; x_wconf 87' lang='lat' dir='ltr'>afferrem,</span> <span class='ocrx_word' id='word_1_175' title='bbox 1178 1323 1222 1355; x_wconf 84' lang='lat' dir='ltr'>et</span> <span class='ocrx_word' id='word_1_176' title='bbox 1254 1329 1353 1355; x_wconf 86' lang='lat' dir='ltr'>cum</span> <span class='ocrx_word' id='word_1_177' title='bbox 1383 1316 1437 1355; x_wconf 87' lang='lat' dir='ltr'>ab</span> <span class='ocrx_word' id='word_1_178' title='bbox 1467 1315 1608 1358; x_wconf 54' lang='lat' dir='ltr'>omnir</span> 
     </span>
     <span class='ocr_line' id='line_1_22' title="bbox 165 1370 1607 1427; baseline 0.001 -16"><span class='ocrx_word' id='word_1_179' title='bbox 165 1370 244 1411; x_wconf 90' lang='lat' dir='ltr'>bus</span> <span class='ocrx_word' id='word_1_180' title='bbox 265 1371 482 1422; x_wconf 89' lang='lat' dir='ltr'>mandata,</span> <span class='ocrx_word' id='word_1_181' title='bbox 514 1370 694 1427; x_wconf 79' lang='lat' dir='ltr'>legatos,</span> <span class='ocrx_word' id='word_1_182' title='bbox 725 1370 902 1421; x_wconf 71' lang='lat' dir='ltr'>litteras,</span> <span class='ocrx_word' id='word_1_183' title='bbox 926 1372 1257 1427; x_wconf 88' lang='lat' dir='ltr'>testimoniaque</span> <span class='ocrx_word' id='word_1_184' title='bbox 1280 1372 1540 1424; x_wconf 88' lang='lat' dir='ltr'>sumsissem,</span> <span class='ocrx_word' id='word_1_185' title='bbox 1562 1374 1607 1421; x_wconf 89' lang='lat' dir='ltr'>in</span> 
     </span>
     <span class='ocr_line' id='line_1_23' title="bbox 163 1427 1608 1485; baseline 0.002 -17"><span class='ocrx_word' id='word_1_186' title='bbox 163 1427 236 1469; x_wconf 90' lang='lat' dir='ltr'>illa</span> <span class='ocrx_word' id='word_1_187' title='bbox 257 1428 433 1469; x_wconf 84' lang='lat' dir='ltr'>civitate</span> <span class='ocrx_word' id='word_1_188' title='bbox 456 1428 565 1469; x_wconf 89' lang='lat' dir='ltr'>nihil</span> <span class='ocrx_word' id='word_1_189' title='bbox 585 1428 799 1483; x_wconf 81' lang='lat' dir='ltr'>ejusmodi</span> <span class='ocrx_word' id='word_1_190' title='bbox 831 1428 1032 1470; x_wconf 88' lang='lat' dir='ltr'>facerem.</span> <span class='ocrx_word' id='word_1_191' title='bbox 1095 1429 1334 1485; x_wconf 83' lang='lat' dir='ltr'>Respondi,</span> <span class='ocrx_word' id='word_1_192' title='bbox 1356 1445 1495 1485; x_wconf 89' lang='lat' dir='ltr'>neque</span> <span class='ocrx_word' id='word_1_193' title='bbox 1515 1429 1608 1471; x_wconf 63' lang='lat' dir='ltr'>Ro,</span> 
     </span>
     <span class='ocr_line' id='line_1_24' title="bbox 161 1485 1606 1538; baseline 0.002 -12"><span class='ocrx_word' id='word_1_194' title='bbox 161 1499 246 1527; x_wconf 89' lang='lat' dir='ltr'>mae</span> <span class='ocrx_word' id='word_1_195' title='bbox 268 1486 313 1526; x_wconf 92' lang='lat' dir='ltr'>in</span> <span class='ocrx_word' id='word_1_196' title='bbox 335 1495 553 1527; x_wconf 87' lang='lat' dir='ltr'>conventu</span> <span class='ocrx_word' id='word_1_197' title='bbox 577 1485 835 1538; x_wconf 85' lang='lat' dir='ltr'>Siculorum,</span> <span class='ocrx_word' id='word_1_198' title='bbox 859 1501 957 1527; x_wconf 88' lang='lat' dir='ltr'>cum</span> <span class='ocrx_word' id='word_1_199' title='bbox 988 1502 1013 1527; x_wconf 89' lang='grc'><strong>3</strong></span> <span class='ocrx_word' id='word_1_200' title='bbox 1044 1501 1112 1527; x_wconf 90' lang='lat' dir='ltr'>me</span> <span class='ocrx_word' id='word_1_201' title='bbox 1146 1486 1357 1527; x_wconf 83' lang='lat' dir='ltr'>auxilium</span> <span class='ocrx_word' id='word_1_202' title='bbox 1385 1488 1606 1529; x_wconf 86' lang='lat' dir='ltr'>communi</span> 
     </span>
     <span class='ocr_line' id='line_1_25' title="bbox 162 1543 1607 1600; baseline 0.003 -17"><span class='ocrx_word' id='word_1_203' title='bbox 162 1543 359 1583; x_wconf 88' lang='lat' dir='ltr'>omnium</span> <span class='ocrx_word' id='word_1_204' title='bbox 381 1543 647 1599; x_wconf 84' lang='lat' dir='ltr'>legationum</span> <span class='ocrx_word' id='word_1_205' title='bbox 669 1543 850 1585; x_wconf 90' lang='lat' dir='ltr'>consilio</span> <span class='ocrx_word' id='word_1_206' title='bbox 870 1545 1111 1600; x_wconf 89' lang='lat' dir='ltr'>petebatur,</span> <span class='ocrx_word' id='word_1_207' title='bbox 1147 1559 1360 1600; x_wconf 82' lang='lat' dir='ltr'>causaque</span> <span class='ocrx_word' id='word_1_208' title='bbox 1390 1546 1523 1586; x_wconf 89' lang='lat' dir='ltr'>totius</span> <span class='ocrx_word' id='word_1_209' title='bbox 1552 1546 1607 1587; x_wconf 91' lang='lat' dir='ltr'>ad</span> 
     </span>
     <span class='ocr_line' id='line_1_26' title="bbox 162 1600 1608 1660; baseline 0.002 -19"><span class='ocrx_word' id='word_1_210' title='bbox 162 1614 233 1642; x_wconf 89' lang='lat' dir='ltr'>me</span> <span class='ocrx_word' id='word_1_211' title='bbox 256 1600 416 1642; x_wconf 86' lang='lat' dir='ltr'>Siciliae</span> <span class='ocrx_word' id='word_1_212' title='bbox 437 1601 724 1652; x_wconf 88' lang='lat' dir='ltr'>deferebatur,</span> <span class='ocrx_word' id='word_1_213' title='bbox 746 1601 911 1657; x_wconf 85' lang='lat' dir='ltr'>legatos</span> <span class='ocrx_word' id='word_1_214' title='bbox 929 1602 1123 1660; x_wconf 64' lang='grc' dir='ltr'>Ξ)13οι15·</span> <span class='ocrx_word' id='word_1_215' title='bbox 1117 1617 1297 1643; x_wconf 74' lang='lat' dir='ltr'>anorum</span> <span class='ocrx_word' id='word_1_216' title='bbox 1315 1601 1507 1647; x_wconf 87' lang='lat' dir='ltr'>affuisse:</span> <span class='ocrx_word' id='word_1_217' title='bbox 1532 1617 1608 1649; x_wconf 82' lang='lat' dir='ltr'>ne-</span> 
     </span>
     <span class='ocr_line' id='line_1_27' title="bbox 162 1659 1607 1723; baseline 0.002 -24"><span class='ocrx_word' id='word_1_218' title='bbox 162 1672 247 1714; x_wconf 92' lang='lat' dir='ltr'>que</span> <span class='ocrx_word' id='word_1_219' title='bbox 268 1673 337 1699; x_wconf 91' lang='lat' dir='ltr'>me</span> <span class='ocrx_word' id='word_1_220' title='bbox 359 1659 606 1723; x_wconf 75' lang='lat' dir='ltr'>postulaie,</span> <span class='ocrx_word' id='word_1_221' title='bbox 613 1669 662 1700; x_wconf 85' lang='lat' dir='ltr'>ut</span> <span class='ocrx_word' id='word_1_222' title='bbox 679 1659 916 1715; x_wconf 86' lang='lat' dir='ltr'>quidquam</span> <span class='ocrx_word' id='word_1_223' title='bbox 945 1670 1098 1701; x_wconf 88' lang='lat' dir='ltr'>eontra</span> <span class='ocrx_word' id='word_1_224' title='bbox 1129 1659 1179 1701; x_wconf 93' lang='lat' dir='ltr'>C.</span> <span class='ocrx_word' id='word_1_225' title='bbox 1204 1660 1241 1703; x_wconf 95' lang='grc' dir='ltr'>Υ</span> <span class='ocrx_word' id='word_1_226' title='bbox 1246 1674 1382 1700; x_wconf 84' lang='lat' dir='ltr'>errem</span> <span class='ocrx_word' id='word_1_227' title='bbox 1404 1661 1607 1702; x_wconf 85' lang='lat' dir='ltr'>decerne-</span> 
     </span>
     <span class='ocr_line' id='line_1_28' title="bbox 162 1716 1604 1772; baseline 0.001 -15"><span class='ocrx_word' id='word_1_228' title='bbox 162 1724 279 1757; x_wconf 88' lang='lat' dir='ltr'>retur</span> <span class='ocrx_word' id='word_1_229' title='bbox 297 1716 341 1757; x_wconf 89' lang='lat' dir='ltr'>in</span> <span class='ocrx_word' id='word_1_230' title='bbox 363 1730 414 1757; x_wconf 89' lang='lat' dir='ltr'>ea</span> <span class='ocrx_word' id='word_1_231' title='bbox 435 1732 567 1768; x_wconf 78' lang='lat' dir='ltr'>cuna,</span> <span class='ocrx_word' id='word_1_232' title='bbox 597 1717 640 1757; x_wconf 91' lang='lat' dir='ltr'>in</span> <span class='ocrx_word' id='word_1_233' title='bbox 663 1732 748 1772; x_wconf 88' lang='lat' dir='ltr'>qua</span> <span class='ocrx_word' id='word_1_234' title='bbox 769 1717 1007 1758; x_wconf 87' lang='lat' dir='ltr'>inauratam</span> <span class='ocrx_word' id='word_1_235' title='bbox 1033 1717 1084 1759; x_wconf 91' lang='lat' dir='ltr'>C.</span> <span class='ocrx_word' id='word_1_236' title='bbox 1109 1717 1253 1758; x_wconf 85' lang='lat' dir='ltr'>Verris</span> <span class='ocrx_word' id='word_1_237' title='bbox 1276 1727 1462 1759; x_wconf 86' lang='lat' dir='ltr'>statuam</span> <span class='ocrx_word' id='word_1_238' title='bbox 1484 1719 1604 1760; x_wconf 70' lang='lat' dir='ltr'>xide-</span> 
     </span>
     <span class='ocr_line' id='line_1_29' title="bbox 162 1774 1690 1831; baseline 0.003 -18"><span class='ocrx_word' id='word_1_239' title='bbox 162 1787 268 1814; x_wconf 88' lang='lat' dir='ltr'>rem.</span> <span class='ocrx_word' id='word_1_240' title='bbox 322 1774 451 1820; x_wconf 81' lang='lat' dir='ltr'>Quod</span> <span class='ocrx_word' id='word_1_241' title='bbox 474 1784 755 1830; x_wconf 83' lang='lat' dir='ltr'>posteaquam</span> <span class='ocrx_word' id='word_1_242' title='bbox 774 1774 881 1826; x_wconf 83' lang='lat' dir='ltr'>dixi,</span> <span class='ocrx_word' id='word_1_243' title='bbox 904 1783 1049 1817; x_wconf 87' lang='lat' dir='ltr'>tantus</span> <span class='ocrx_word' id='word_1_244' title='bbox 1072 1785 1136 1817; x_wconf 88' lang='lat' dir='ltr'>est</span> <span class='ocrx_word' id='word_1_245' title='bbox 1158 1775 1344 1831; x_wconf 82' lang='lat' dir='ltr'>gemitus</span> <span class='ocrx_word' id='word_1_246' title='bbox 1367 1775 1506 1817; x_wconf 85' lang='lat' dir='ltr'>factus</span> <span class='ocrx_word' id='word_1_247' title='bbox 1528 1776 1690 1823; x_wconf 61' lang='lat' dir='ltr'>fid-139</span> 
     </span>
     <span class='ocr_line' id='line_1_30' title="bbox 161 1832 1603 1890; baseline 0.001 -17"><span class='ocrx_word' id='word_1_248' title='bbox 161 1839 312 1886; x_wconf 82' lang='lat' dir='ltr'>spectu</span> <span class='ocrx_word' id='word_1_249' title='bbox 335 1840 488 1872; x_wconf 86' lang='lat' dir='ltr'>statuae</span> <span class='ocrx_word' id='word_1_250' title='bbox 511 1841 555 1873; x_wconf 89' lang='lat' dir='ltr'>et</span> <span class='ocrx_word' id='word_1_251' title='bbox 577 1833 1003 1884; x_wconf 82' lang='lat' dir='ltr'>commemoratione,</span> <span class='ocrx_word' id='word_1_252' title='bbox 1023 1842 1071 1874; x_wconf 89' lang='lat' dir='ltr'>ut</span> <span class='ocrx_word' id='word_1_253' title='bbox 1090 1832 1223 1873; x_wconf 86' lang='lat' dir='ltr'>illud</span> <span class='ocrx_word' id='word_1_254' title='bbox 1216 1848 1259 1873; x_wconf 89' lang='grc'>111</span> <span class='ocrx_word' id='word_1_255' title='bbox 1277 1834 1395 1874; x_wconf 90' lang='lat' dir='ltr'>curia</span> <span class='ocrx_word' id='word_1_256' title='bbox 1412 1835 1603 1890; x_wconf 87' lang='lat' dir='ltr'>positum</span> 
     </span>
     <span class='ocr_line' id='line_1_31' title="bbox 160 1889 1605 1941; baseline 0.002 -12"><span class='ocrx_word' id='word_1_257' title='bbox 160 1897 490 1929; x_wconf 87' lang='lat' dir='ltr'>monumentum</span> <span class='ocrx_word' id='word_1_258' title='bbox 514 1889 735 1941; x_wconf 84' lang='lat' dir='ltr'>scelerum,</span> <span class='ocrx_word' id='word_1_259' title='bbox 758 1905 846 1931; x_wconf 87' lang='lat' dir='ltr'>non</span> <span class='ocrx_word' id='word_1_260' title='bbox 869 1891 1178 1931; x_wconf 81' lang='lat' dir='ltr'>beneficiorum</span> <span class='ocrx_word' id='word_1_261' title='bbox 1209 1890 1439 1932; x_wconf 61' lang='lat' dir='ltr'>xideretur.</span> <span class='ocrx_word' id='word_1_262' title='bbox 1491 1890 1605 1936; x_wconf 88' lang='lat' dir='ltr'>Tum</span> 
     </span>
     <span class='ocr_line' id='line_1_32' title="bbox 160 1946 1605 2010; baseline 0.002 -24"><span class='ocrx_word' id='word_1_263' title='bbox 160 1960 240 2003; x_wconf 91' lang='lat' dir='ltr'>pro</span> <span class='ocrx_word' id='word_1_264' title='bbox 273 1960 316 1987; x_wconf 89' lang='lat' dir='ltr'>se</span> <span class='ocrx_word' id='word_1_265' title='bbox 353 1946 548 2010; x_wconf 86' lang='lat' dir='ltr'>quisque,</span> <span class='ocrx_word' id='word_1_266' title='bbox 579 1957 789 2002; x_wconf 86' lang='lat' dir='ltr'>quantum</span> <span class='ocrx_word' id='word_1_267' title='bbox 821 1948 1004 1989; x_wconf 89' lang='lat' dir='ltr'>dicendo</span> <span class='ocrx_word' id='word_1_268' title='bbox 1035 1948 1202 2004; x_wconf 89' lang='lat' dir='ltr'>assequi</span> <span class='ocrx_word' id='word_1_269' title='bbox 1234 1958 1418 2004; x_wconf 87' lang='lat' dir='ltr'>poterat,</span> <span class='ocrx_word' id='word_1_270' title='bbox 1450 1949 1605 1990; x_wconf 90' lang='lat' dir='ltr'>docere</span> 
     </span>
     <span class='ocr_line' id='line_1_33' title="bbox 158 2004 1604 2062; baseline 0.002 -18"><span class='ocrx_word' id='word_1_271' title='bbox 158 2017 229 2044; x_wconf 88' lang='lat' dir='ltr'>me</span> <span class='ocrx_word' id='word_1_272' title='bbox 262 2005 415 2060; x_wconf 85' lang='lat' dir='ltr'>coepit,</span> <span class='ocrx_word' id='word_1_273' title='bbox 448 2019 512 2056; x_wconf 86' lang='lat' dir='ltr'>ea,</span> <span class='ocrx_word' id='word_1_274' title='bbox 543 2019 640 2059; x_wconf 87' lang='lat' dir='ltr'>quae</span> <span class='ocrx_word' id='word_1_275' title='bbox 672 2004 814 2060; x_wconf 89' lang='lat' dir='ltr'>paullo</span> <span class='ocrx_word' id='word_1_276' title='bbox 849 2016 948 2046; x_wconf 87' lang='lat' dir='ltr'>ante</span> <span class='ocrx_word' id='word_1_277' title='bbox 981 2021 1193 2046; x_wconf 83' lang='lat' dir='ltr'>commen·</span> <span class='ocrx_word' id='word_1_278' title='bbox 1199 2020 1341 2047; x_wconf 68' lang='lat' dir='ltr'>Olaxi:</span> <span class='ocrx_word' id='word_1_279' title='bbox 1375 2006 1604 2062; x_wconf 81' lang='lat' dir='ltr'>spoliatam</span> 
     </span>
     <span class='ocr_line' id='line_1_34' title="bbox 159 2061 1605 2126; baseline 0.003 -26"><span class='ocrx_word' id='word_1_280' title='bbox 159 2062 326 2112; x_wconf 89' lang='lat' dir='ltr'>urbem,</span> <span class='ocrx_word' id='word_1_281' title='bbox 357 2061 458 2102; x_wconf 87' lang='lat' dir='ltr'>fana</span> <span class='ocrx_word' id='word_1_282' title='bbox 494 2062 685 2126; x_wconf 76' lang='lat' dir='ltr'>(lirzepta</span> <span class='ocrx_word' id='word_1_283' title='bbox 717 2076 772 2104; x_wconf 83' lang='lat' dir='ltr'>ex</span> <span class='ocrx_word' id='word_1_284' title='bbox 808 2062 1000 2105; x_wconf 86' lang='lat' dir='ltr'>Heraclii</span> <span class='ocrx_word' id='word_1_285' title='bbox 1032 2063 1293 2126; x_wconf 56' lang='lat' dir='ltr'>hereditate,</span> <span class='ocrx_word' id='word_1_286' title='bbox 1314 2078 1443 2118; x_wconf 89' lang='lat' dir='ltr'>quam</span> <span class='ocrx_word' id='word_1_287' title='bbox 1473 2063 1605 2120; x_wconf 80' lang='lat' dir='ltr'>palae-</span> 
     </span>
     <span class='ocr_line' id='line_1_35' title="bbox 158 2119 1605 2177; baseline 0.002 -18"><span class='ocrx_word' id='word_1_288' title='bbox 158 2119 293 2159; x_wconf 86' lang='lat' dir='ltr'>stritis</span> <span class='ocrx_word' id='word_1_289' title='bbox 327 2120 622 2171; x_wconf 82' lang='lat' dir='ltr'>concessisset,</span> <span class='ocrx_word' id='word_1_290' title='bbox 656 2119 792 2160; x_wconf 87' lang='lat' dir='ltr'>multo</span> <span class='ocrx_word' id='word_1_291' title='bbox 822 2121 1058 2162; x_wconf 79' lang='lat' dir='ltr'>maximam</span> <span class='ocrx_word' id='word_1_292' title='bbox 1086 2130 1252 2177; x_wconf 88' lang='lat' dir='ltr'>partem</span> <span class='ocrx_word' id='word_1_293' title='bbox 1285 2121 1426 2176; x_wconf 65' lang='lat' dir='ltr'>ipsum</span> <span class='ocrx_word' id='word_1_294' title='bbox 1457 2122 1605 2163; x_wconf 87' lang='lat' dir='ltr'>abstu-</span> 
     </span>
     <span class='ocr_line' id='line_1_36' title="bbox 160 2175 1602 2235; baseline 0.001 -17"><span class='ocrx_word' id='word_1_295' title='bbox 160 2175 282 2218; x_wconf 83' lang='lat' dir='ltr'>lisse:</span> <span class='ocrx_word' id='word_1_296' title='bbox 314 2191 454 2232; x_wconf 90' lang='lat' dir='ltr'>neque</span> <span class='ocrx_word' id='word_1_297' title='bbox 467 2177 773 2233; x_wconf 87' lang='lat' dir='ltr'>postulandum</span> <span class='ocrx_word' id='word_1_298' title='bbox 790 2176 936 2229; x_wconf 85' lang='lat' dir='ltr'>fuisse,</span> <span class='ocrx_word' id='word_1_299' title='bbox 960 2187 1006 2219; x_wconf 88' lang='lat' dir='ltr'>ut</span> <span class='ocrx_word' id='word_1_300' title='bbox 1029 2177 1098 2218; x_wconf 90' lang='lat' dir='ltr'>ille</span> <span class='ocrx_word' id='word_1_301' title='bbox 1115 2178 1369 2234; x_wconf 62' lang='lat' dir='ltr'>palaestritas</span> <span class='ocrx_word' id='word_1_302' title='bbox 1389 2178 1602 2235; x_wconf 83' lang='lat' dir='ltr'>diligeret</span> 
     </span>
     <span class='ocr_line' id='line_1_37' title="bbox 158 2234 1604 2290; baseline 0.002 -16"><span class='ocrx_word' id='word_1_303' title='bbox 158 2234 233 2290; x_wconf 92' lang='lat' dir='ltr'>qui</span> <span class='ocrx_word' id='word_1_304' title='bbox 251 2234 381 2275; x_wconf 89' lang='lat' dir='ltr'>etiam</span> <span class='ocrx_word' id='word_1_305' title='bbox 399 2235 668 2276; x_wconf 86' lang='lat' dir='ltr'>inventorem</span> <span class='ocrx_word' id='word_1_306' title='bbox 687 2234 770 2275; x_wconf 89' lang='lat' dir='ltr'>olei</span> <span class='ocrx_word' id='word_1_307' title='bbox 786 2235 914 2276; x_wconf 90' lang='lat' dir='ltr'>deum</span> <span class='ocrx_word' id='word_1_308' title='bbox 937 2235 1198 2278; x_wconf 88' lang='lat' dir='ltr'>sustulisset:</span> <span class='ocrx_word' id='word_1_309' title='bbox 1230 2249 1369 2290; x_wconf 86' lang='lat' dir='ltr'>neque</span> <span class='ocrx_word' id='word_1_310' title='bbox 1386 2236 1500 2277; x_wconf 88' lang='lat' dir='ltr'>illam</span> <span class='ocrx_word' id='word_1_311' title='bbox 1518 2246 1604 2277; x_wconf 90' lang='lat' dir='ltr'>sta-</span> 
     </span>
     <span class='ocr_line' id='line_1_38' title="bbox 157 2284 1602 2349; baseline 0.003 -18"><span class='ocrx_word' id='word_1_312' title='bbox 157 2299 276 2333; x_wconf 88' lang='lat' dir='ltr'>tuam</span> <span class='ocrx_word' id='word_1_313' title='bbox 294 2306 385 2332; x_wconf 90' lang='lat' dir='ltr'>esse</span> <span class='ocrx_word' id='word_1_314' title='bbox 398 2306 453 2333; x_wconf 82' lang='lat' dir='ltr'>ex</span> <span class='ocrx_word' id='word_1_315' title='bbox 470 2293 655 2348; x_wconf 87' lang='lat' dir='ltr'>pecunia</span> <span class='ocrx_word' id='word_1_316' title='bbox 671 2292 860 2348; x_wconf 88' lang='lat' dir='ltr'>publica,</span> <span class='ocrx_word' id='word_1_317' title='bbox 882 2307 1019 2349; x_wconf 88' lang='lat' dir='ltr'>neque</span> <span class='ocrx_word' id='word_1_318' title='bbox 1034 2284 1206 2349; x_wconf 88' lang='lat' dir='ltr'>publice</span> <span class='ocrx_word' id='word_1_319' title='bbox 1222 2293 1392 2335; x_wconf 87' lang='lat' dir='ltr'>datam:</span> <span class='ocrx_word' id='word_1_320' title='bbox 1425 2294 1496 2334; x_wconf 89' lang='lat' dir='ltr'>sed</span> <span class='ocrx_word' id='word_1_321' title='bbox 1513 2308 1602 2345; x_wconf 92' lang='lat' dir='ltr'>eos,</span> 
     </span>
     <span class='ocr_line' id='line_1_39' title="bbox 158 2349 1602 2407; baseline 0.001 -17"><span class='ocrx_word' id='word_1_322' title='bbox 158 2349 233 2404; x_wconf 89' lang='lat' dir='ltr'>qui</span> <span class='ocrx_word' id='word_1_323' title='bbox 276 2349 526 2391; x_wconf 86' lang='lat' dir='ltr'>hereditatis</span> <span class='ocrx_word' id='word_1_324' title='bbox 563 2350 818 2406; x_wconf 73' lang='lat' dir='ltr'>diripiendae</span> <span class='ocrx_word' id='word_1_325' title='bbox 855 2352 1088 2407; x_wconf 85' lang='lat' dir='ltr'>participes</span> <span class='ocrx_word' id='word_1_326' title='bbox 1125 2350 1320 2401; x_wconf 86' lang='lat' dir='ltr'>fuissent,</span> <span class='ocrx_word' id='word_1_327' title='bbox 1358 2349 1602 2395; x_wconf 81' lang='lat' dir='ltr'>faciendam</span> 
     </span>
     <span class='ocr_line' id='line_1_40' title="bbox 155 2407 1644 2463; baseline 0.003 -16"><span class='ocrx_word' id='word_1_328' title='bbox 155 2407 514 2463; x_wconf 84' lang='lat' dir='ltr'>statuendamque</span> <span class='ocrx_word' id='word_1_329' title='bbox 535 2423 724 2450; x_wconf 87' lang='lat' dir='ltr'>curasse:</span> <span class='ocrx_word' id='word_1_330' title='bbox 759 2408 932 2449; x_wconf 86' lang='lat' dir='ltr'>eosdem</span> <span class='ocrx_word' id='word_1_331' title='bbox 956 2408 1111 2449; x_wconf 83' lang='lat' dir='ltr'>Romae</span> <span class='ocrx_word' id='word_1_332' title='bbox 1133 2408 1265 2449; x_wconf 89' lang='lat' dir='ltr'>fuisse</span> <span class='ocrx_word' id='word_1_333' title='bbox 1286 2408 1465 2463; x_wconf 88' lang='lat' dir='ltr'>legatos,</span> <span class='ocrx_word' id='word_1_334' title='bbox 1489 2408 1600 2450; x_wconf 87' lang='lat' dir='ltr'>illius</span> <span class='ocrx_word' id='word_1_335' title='bbox 1612 2421 1644 2452; x_wconf 84' lang='lat' dir='ltr'>b.</span> 
     </span>
     <span class='ocr_line' id='line_1_41' title="bbox 154 2464 1601 2523; baseline 0.002 -18"><span class='ocrx_word' id='word_1_336' title='bbox 154 2464 374 2519; x_wconf 85' lang='lat' dir='ltr'>adjutores</span> <span class='ocrx_word' id='word_1_337' title='bbox 404 2465 711 2521; x_wconf 89' lang='lat' dir='ltr'>improbitatis,</span> <span class='ocrx_word' id='word_1_338' title='bbox 744 2465 882 2506; x_wconf 92' lang='lat' dir='ltr'>socios</span> <span class='ocrx_word' id='word_1_339' title='bbox 916 2465 1145 2517; x_wconf 84' lang='lat' dir='ltr'>furtorum,</span> <span class='ocrx_word' id='word_1_340' title='bbox 1178 2465 1373 2507; x_wconf 89' lang='lat' dir='ltr'>conscios</span> <span class='ocrx_word' id='word_1_341' title='bbox 1411 2466 1601 2523; x_wconf 87' lang='lat' dir='ltr'>flagitio-</span> 
     </span>
     <span class='ocr_line' id='line_1_42' title="bbox 153 2523 1601 2581; baseline 0.003 -19"><span class='ocrx_word' id='word_1_342' title='bbox 153 2536 274 2565; x_wconf 89' lang='lat' dir='ltr'>rum:</span> <span class='ocrx_word' id='word_1_343' title='bbox 307 2537 358 2564; x_wconf 86' lang='lat' dir='ltr'>eo</span> <span class='ocrx_word' id='word_1_344' title='bbox 376 2524 518 2564; x_wconf 90' lang='lat' dir='ltr'>minus</span> <span class='ocrx_word' id='word_1_345' title='bbox 540 2524 687 2565; x_wconf 89' lang='lat' dir='ltr'>mirari</span> <span class='ocrx_word' id='word_1_346' title='bbox 708 2538 777 2564; x_wconf 90' lang='lat' dir='ltr'>me</span> <span class='ocrx_word' id='word_1_347' title='bbox 807 2532 1020 2580; x_wconf 88' lang='lat' dir='ltr'>oportere,</span> <span class='ocrx_word' id='word_1_348' title='bbox 1043 2524 1077 2565; x_wconf 90' lang='lat' dir='ltr'>si</span> <span class='ocrx_word' id='word_1_349' title='bbox 1100 2523 1161 2566; x_wconf 90' lang='lat' dir='ltr'>illi</span> <span class='ocrx_word' id='word_1_350' title='bbox 1193 2523 1414 2575; x_wconf 85' lang='lat' dir='ltr'>communi</span> <span class='ocrx_word' id='word_1_351' title='bbox 1434 2523 1601 2581; x_wconf 48' lang='lat' dir='ltr'>legatoz-</span> 
     </span>
    </p>
   </div>
   <div class='ocr_carea' id='block_1_3' title="bbox 151 2663 1603 2917">
    <p class='ocr_par' dir='ltr' id='par_1_3' title="bbox 151 2663 1603 2875">
     <span class='ocr_line' id='line_1_43' title="bbox 196 2663 1601 2706; baseline 0.001 -13"><span class='ocrx_word' id='word_1_352' title='bbox 196 2664 235 2697; x_wconf 86' lang='lat'>67</span> <span class='ocrx_word' id='word_1_353' title='bbox 259 2668 290 2694; x_wconf 81' lang='lat' dir='ltr'>et</span> <span class='ocrx_word' id='word_1_354' title='bbox 304 2674 379 2695; x_wconf 80' lang='lat' dir='ltr'>cum</span> <span class='ocrx_word' id='word_1_355' title='bbox 393 2664 437 2705; x_wconf 77' lang='grc' dir='ltr'>ῼ.</span> <span class='ocrx_word' id='word_1_356' title='bbox 440 2663 561 2704; x_wconf 79' lang='lat' dir='ltr'>sratre</span> <span class='ocrx_word' id='word_1_357' title='bbox 577 2665 637 2705; x_wconf 87' lang='lat' dir='ltr'>m.]</span> <span class='ocrx_word' id='word_1_358' title='bbox 677 2665 794 2695; x_wconf 83' lang='lat' dir='ltr'>Delevi</span> <span class='ocrx_word' id='word_1_359' title='bbox 809 2664 853 2705; x_wconf 70' lang='lat' dir='ltr'>Q.</span> <span class='ocrx_word' id='word_1_360' title='bbox 897 2664 1086 2705; x_wconf 84' lang='lat' dir='ltr'>proclivius,</span> <span class='ocrx_word' id='word_1_361' title='bbox 1116 2675 1214 2704; x_wconf 88' lang='lat' dir='ltr'>quam</span> <span class='ocrx_word' id='word_1_362' title='bbox 1251 2666 1414 2706; x_wconf 81' lang='lat' dir='ltr'>corrigere</span> <span class='ocrx_word' id='word_1_363' title='bbox 1436 2663 1601 2705; x_wconf 82' lang='lat' dir='ltr'>frequen·</span> 
     </span>
     <span class='ocr_line' id='line_1_44' title="bbox 153 2705 1600 2748; baseline 0.001 -13"><span class='ocrx_word' id='word_1_364' title='bbox 153 2705 241 2746; x_wconf 85' lang='lat' dir='ltr'>quod</span> <span class='ocrx_word' id='word_1_365' title='bbox 255 2707 347 2736; x_wconf 79' lang='lat' dir='ltr'>abest</span> <span class='ocrx_word' id='word_1_366' title='bbox 367 2707 408 2736; x_wconf 89' lang='lat' dir='ltr'>ab</span> <span class='ocrx_word' id='word_1_367' title='bbox 422 2707 493 2737; x_wconf 89' lang='lat' dir='ltr'>edd.</span> <span class='ocrx_word' id='word_1_368' title='bbox 511 2718 559 2748; x_wconf 88' lang='lat' dir='ltr'>pr.</span> <span class='ocrx_word' id='word_1_369' title='bbox 575 2712 609 2737; x_wconf 86' lang='lat' dir='ltr'>et</span> <span class='ocrx_word' id='word_1_370' title='bbox 626 2708 742 2738; x_wconf 83' lang='lat' dir='ltr'>ceteris</span> <span class='ocrx_word' id='word_1_371' title='bbox 764 2714 856 2737; x_wconf 79' lang='lat' dir='ltr'>vetu-</span> <span class='ocrx_word' id='word_1_372' title='bbox 899 2712 982 2737; x_wconf 82' lang='lat' dir='ltr'>tem:</span> <span class='ocrx_word' id='word_1_373' title='bbox 1017 2717 1077 2737; x_wconf 87' lang='lat' dir='ltr'>nec</span> <span class='ocrx_word' id='word_1_374' title='bbox 1111 2717 1290 2748; x_wconf 82' lang='lat' dir='ltr'>repugnem</span> <span class='ocrx_word' id='word_1_375' title='bbox 1327 2709 1375 2739; x_wconf 91' lang='lat' dir='ltr'>ita</span> <span class='ocrx_word' id='word_1_376' title='bbox 1410 2708 1600 2747; x_wconf 80' lang='lat' dir='ltr'>corrigenti.</span> 
     </span>
     <span class='ocr_line' id='line_1_45' title="bbox 151 2748 1603 2792; baseline 0.001 -13"><span class='ocrx_word' id='word_1_377' title='bbox 151 2748 317 2779; x_wconf 83' lang='lat' dir='ltr'>stioribus.</span> <span class='ocrx_word' id='word_1_378' title='bbox 336 2758 395 2779; x_wconf 88' lang='lat' dir='ltr'>nec</span> <span class='ocrx_word' id='word_1_379' title='bbox 412 2749 521 2780; x_wconf 85' lang='lat' dir='ltr'>locum</span> <span class='ocrx_word' id='word_1_380' title='bbox 534 2750 647 2787; x_wconf 83' lang='lat' dir='ltr'>habet,</span> <span class='ocrx_word' id='word_1_381' title='bbox 664 2750 860 2789; x_wconf 78' lang='lat' dir='ltr'>deberetque</span> <span class='ocrx_word' id='word_1_382' title='bbox 905 2750 968 2780; x_wconf 87' lang='lat' dir='ltr'>Sed</span> <span class='ocrx_word' id='word_1_383' title='bbox 993 2754 1106 2780; x_wconf 82' lang='lat' dir='ltr'>tamen</span> <span class='ocrx_word' id='word_1_384' title='bbox 1128 2755 1162 2780; x_wconf 86' lang='lat' dir='ltr'>et</span> <span class='ocrx_word' id='word_1_385' title='bbox 1171 2750 1366 2790; x_wconf 35' lang='lat' dir='ltr'>‘frequentes</span> <span class='ocrx_word' id='word_1_386' title='bbox 1390 2750 1467 2781; x_wconf 83' lang='lat' dir='ltr'>ferri</span> <span class='ocrx_word' id='word_1_387' title='bbox 1493 2756 1603 2792; x_wconf 84' lang='lat' dir='ltr'>potest</span> 
     </span>
     <span class='ocr_line' id='line_1_46' title="bbox 155 2790 1602 2835; baseline 0.002 -15"><span class='ocrx_word' id='word_1_388' title='bbox 155 2792 280 2821; x_wconf 86' lang='lat' dir='ltr'>mutari</span> <span class='ocrx_word' id='word_1_389' title='bbox 303 2791 336 2821; x_wconf 89' lang='lat' dir='ltr'>in</span> <span class='ocrx_word' id='word_1_390' title='bbox 358 2791 399 2822; x_wconf 90' lang='lat' dir='ltr'>L.</span> <span class='ocrx_word' id='word_1_391' title='bbox 425 2801 442 2822; x_wconf 87' lang='lat' dir='ltr'>e</span> <span class='ocrx_word' id='word_1_392' title='bbox 467 2803 537 2833; x_wconf 85' lang='lat' dir='ltr'>cap.</span> <span class='ocrx_word' id='word_1_393' title='bbox 563 2793 614 2823; x_wconf 89' lang='lat'>65.</span> <span class='ocrx_word' id='word_1_394' title='bbox 638 2792 786 2829; x_wconf 84' lang='lat' dir='ltr'>Addidit,</span> <span class='ocrx_word' id='word_1_395' title='bbox 809 2793 862 2822; x_wconf 88' lang='lat' dir='ltr'>cui</span> <span class='ocrx_word' id='word_1_396' title='bbox 904 2797 979 2832; x_wconf 89' lang='lat' dir='ltr'>post</span> <span class='ocrx_word' id='word_1_397' title='bbox 991 2796 1154 2830; x_wconf 82' lang='lat' dir='ltr'>senatum,</span> <span class='ocrx_word' id='word_1_398' title='bbox 1177 2793 1264 2824; x_wconf 83' lang='lat' dir='ltr'>unde</span> <span class='ocrx_word' id='word_1_399' title='bbox 1279 2799 1447 2825; x_wconf 79' lang='lat' dir='ltr'>senatores</span> <span class='ocrx_word' id='word_1_400' title='bbox 1461 2790 1602 2835; x_wconf 65' lang='lat' dir='ltr'>intelligi</span> 
     </span>
     <span class='ocr_line' id='line_1_47' title="bbox 158 2833 1178 2875; baseline 0.003 -13"><span class='ocrx_word' id='word_1_401' title='bbox 158 2833 321 2874; x_wconf 50' lang='grc'>,9113131-</span> <span class='ocrx_word' id='word_1_402' title='bbox 335 2833 391 2863; x_wconf 84' lang='lat' dir='ltr'>ille</span> <span class='ocrx_word' id='word_1_403' title='bbox 407 2838 505 2864; x_wconf 88' lang='lat' dir='ltr'>notus</span> <span class='ocrx_word' id='word_1_404' title='bbox 520 2840 604 2866; x_wconf 86' lang='lat' dir='ltr'>erat.</span> <span class='ocrx_word' id='word_1_405' title='bbox 906 2840 1056 2875; x_wconf 82' lang='lat' dir='ltr'>possunt</span> <span class='ocrx_word' id='word_1_406' title='bbox 1175 2847 1178 2850; x_wconf 56' lang='grc'>·</span> 
     </span>
    </p>

    <p class='ocr_par' dir='ltr' id='par_1_4' title="bbox 194 2874 865 2917">
     <span class='ocr_line' id='line_1_48' title="bbox 194 2874 865 2917; baseline 0 -10"><span class='ocrx_word' id='word_1_407' title='bbox 194 2876 236 2907; x_wconf 86' lang='grc'>68</span> <span class='ocrx_word' id='word_1_408' title='bbox 246 2874 442 2916; x_wconf 78' lang='lat' dir='ltr'>frequentes</span> <span class='ocrx_word' id='word_1_409' title='bbox 468 2887 533 2908; x_wconf 73' lang='lat' dir='ltr'>esse</span> <span class='ocrx_word' id='word_1_410' title='bbox 565 2878 602 2908; x_wconf 72' lang='lat' dir='ltr'>in</span> <span class='ocrx_word' id='word_1_411' title='bbox 629 2876 740 2917; x_wconf 76' lang='lat' dir='ltr'>curia]</span> <span class='ocrx_word' id='word_1_412' title='bbox 770 2876 865 2907; x_wconf 83' lang='lat' dir='ltr'>Nihil</span> 
     </span>
    </p>
   </div>
   <div class='ocr_carea' id='block_1_4' title="bbox 816 2920 945 2962">
    <p class='ocr_par' dir='ltr' id='par_1_5' title="bbox 816 2920 945 2962">
     <span class='ocr_line' id='line_1_49' title="bbox 816 2920 945 2962; baseline 0 0"><span class='ocrx_word' id='word_1_413' title='bbox 816 2920 945 2962; x_wconf 61' lang='lat' dir='ltr'>Bb&amp;</span> 
     </span>
    </p>
   </div>
  </div>
 </body>
</html>
