1907 3231
474 132 590 170 PRO
618 131 739 168 SEX.
767 130 984 167 ROSCIO
1017 128 1310 166 AMERINO.
1568 129 1620 165 35

185 240 255 289 (ut
276 251 446 292 aequum
468 238 551 285 est)
584 233 782 285 familias,
805 233 1042 274 honestatis
1069 230 1449 288 amplitudinisque
1480 231 1620 287 gratia

189 294 379 334 nomino.
433 292 584 348 Itaque
601 307 655 333 ex
675 291 761 332 suis
783 291 983 332 omnibus
1003 288 1242 331 commodis
1264 287 1348 328 hoc
1371 287 1508 328 solum
1528 287 1617 328 filio

186 350 372 405 reliquit.
394 365 492 390 nam
518 349 824 406 patrimonium
856 346 1081 389 domestici
1114 345 1337 402 praedones
1360 344 1402 385 vi
1421 353 1615 399 ereptum

185 407 430 462 possident:
464 407 577 448 fama
594 416 638 446 et
662 407 749 446 vita
774 404 1014 446 innocentis
1037 404 1091 444 ab
1112 402 1357 459 hospitibus
1379 401 1615 456 amicisque

184 465 372 518 paternis
405 464 663 505 defenditur.
738 462 825 504 Hic
855 477 955 503 cum
984 461 1103 502 omni
1142 470 1335 516 tempore
1373 457 1679 499 nobilitatis16

180 519 324 562 fautor
352 520 517 572 fuisset,
541 530 633 561 tum
654 521 738 561 hoc
756 520 940 560 tumultu
965 518 1180 575 proximo,
1202 532 1301 558 cum
1323 515 1517 556 omnium
1534 529 1613 556 no-

183 576 333 618 bilium
357 579 546 634 dignitas
563 588 608 618 et
631 578 740 618 salus
761 578 803 618 in
825 576 1055 618 discrimen
1075 575 1252 626 veniret,
1273 583 1429 630 praeter
1449 581 1613 613 ceteros

182 633 225 674 in
243 649 295 675 ea
316 636 552 686 vicinitate,
573 650 667 676 eam
696 645 859 690 partein
893 648 1150 688 causamque
1180 646 1324 687 opera,
1358 630 1516 681 studio,
1539 644 1614 671 au-

179 692 380 733 ctoritate
421 692 629 734 defendit.
689 691 864 732 Etenim
902 700 1066 732 rectum
1109 690 1304 746 putabat,
1346 702 1424 744 pro
1462 701 1610 731 eorum

182 747 408 790 honestate
450 765 493 790 se
544 764 750 806 pugnare,
790 758 965 805 propter
1001 762 1108 802 quos
1152 747 1249 802 ipse
1283 744 1607 786 honestissimus

173 804 287 846 inter
319 822 417 847 suos
450 808 769 848 numerabatur.
831 805 1119 860 Posteaquam
1152 803 1335 845 victoria
1372 802 1609 843 constituta

174 872 253 914 est,
275 864 330 904 ab
351 865 565 920 armisque
584 863 859 914 recessimus3
889 877 989 903 cum
1009 861 1376 917 proscriberentur
1396 860 1607 910 homines,

176 930 306 975 atque
327 936 383 962 cx
417 922 533 962 omni
568 921 742 977 regione
773 929 1042 976 caperentur,
1065 920 1110 970 ii,
1133 918 1205 973 qui
1226 917 1452 958 adversarii
1477 915 1608 957 fuisse

171 979 459 1031 putabantur3
490 987 580 1019 erat
610 978 678 1019 ille
711 978 864 1018 Romae
897 976 1112 1032 frequens,
1142 985 1270 1031 atquc
1294 975 1337 1016 in
1362 974 1470 1025 foro,
1494 984 1538 1014 et
1558 974 1603 1015 in

173 1048 247 1075 ore
268 1037 462 1077 omnium
481 1036 677 1091 quotidie
698 1036 944 1076 versabatur
966 1051 974 1076 x
1007 1034 1145 1090 magis
1168 1043 1216 1074 ut
1233 1032 1448 1073 exsultare
1467 1032 1604 1072 victo-

169 1091 232 1132 ria
263 1093 500 1133 nobilitatis
528 1093 756 1144 videretur,
787 1107 917 1147 quam
947 1092 1112 1142 timere,
1134 1105 1187 1131 ne
1208 1090 1311 1146 quid
1335 1104 1389 1130 ex
1419 1104 1469 1130 ea
1490 1089 1601 1130 cala-

172 1149 334 1190 mitatis
369 1151 450 1191 sibi
492 1151 719 1192 accideret.
782 1149 916 1190 Erant
957 1149 996 1190 ei
1029 1160 1189 1190 veteres
1221 1147 1461 1188 inimicitiae
1501 1161 1600 1187 cum
1620 1150 1664 1190 17

168 1205 336 1248 duobus
357 1207 527 1249 Rosciis
546 1207 776 1257 Amerinis,
795 1221 978 1262 quorum
997 1205 1177 1246 alterum
1195 1205 1340 1246 sedere
1362 1204 1404 1244 in
1428 1218 1602 1245 accusa-

166 1273 308 1305 torum
339 1265 548 1305 subselliis
581 1265 721 1315 video,
744 1265 923 1304 alterum
956 1263 1037 1303 tria
1070 1262 1249 1317 hujusce
1281 1262 1444 1317 praedia
1465 1261 1602 1316 possi-

168 1320 267 1362 (lere
289 1322 442 1363 audio:
475 1337 579 1377 quas
612 1322 861 1362 inimicitias
885 1321 918 1360 si
944 1329 1031 1360 tam
1053 1333 1203 1361 cavere
1226 1319 1450 1375 potuisset,
1473 1333 1603 1373 quam

165 1388 355 1419 metuere
377 1379 555 1430 solebat,
578 1379 752 1420 viveret.
815 1378 971 1432 Neque
989 1377 1120 1428 enim,
1137 1376 1324 1432 judices,
1339 1375 1498 1430 injuria
1516 1390 1602 1429 me-

157 1436 327 1476 urebat.
347 1451 447 1477 nam
469 1436 554 1477 duo
577 1436 646 1476 isti
671 1446 771 1477 sunt
792 1435 843 1476 T.
867 1435 1031 1486 Roscii,
1047 1448 1230 1490 quorum
1249 1433 1370 1474 alteri
1395 1432 1601 1488 Capitoni

162 1506 405 1548 cognomen
427 1504 515 1545 est3
549 1494 642 1543 iste,
673 1494 747 1548 qui
779 1493 913 1544 adest,
943 1491 1137 1548 Magnus
1169 1500 1370 1532 vocatur:
1402 1490 1600 1531 homines

158 1549 397 1604 ejusmodi:
450 1551 555 1592 alter
588 1551 868 1607 plurimarum
907 1550 1146 1605 palmarum
1184 1558 1307 1589 vetus
1347 1563 1396 1589 ac
1439 1547 1598 1588 nobilis

158 1606 372 1661 gladiator
404 1608 608 1659 habetur3
642 1608 712 1649 hic
744 1616 890 1649 autem
910 1621 1047 1665 nuper
1077 1612 1154 1647 9se
1185 1607 1237 1647 ad
1269 1620 1368 1646 eum
1398 1605 1594 1646 lanistam

153 1665 363 1708 contulit:
383 1667 568 1720 quicum
582 1675 681 1706 ante
700 1666 811 1707 hanc
825 1679 1016 1721 pugnam
1030 1664 1113 1705 tiro
1133 1674 1244 1705 esset
1263 1663 1456 1713 scientia,
1470 1661 1595 1703 facile
1611 1652 1638 1682 b.

158 1720 299 1776 ipsum
321 1723 576 1779 magistrum
600 1724 756 1764 scelere
774 1723 1039 1778 audaciaque
1062 1721 1294 1778 superavit.
1356 1720 1469 1761 Nam
1493 1734 1589 1761 cum
1608 1717 1610 1723 ’

158 1777 229 1820 hic
269 1780 370 1821 Sex.
404 1780 588 1822 Roscius
625 1790 736 1822 esset
773 1780 976 1832 Ameriae,
1014 1779 1066 1820 T.
1109 1788 1251 1820 autem
1283 1779 1363 1819 iste
1406 1777 1590 1818 Roscius
1610 1776 1656 1811 18

161 1833 344 1889 Romae3
375 1853 475 1879 cum
505 1839 576 1880 hic
614 1838 725 1879 filius
760 1838 953 1878 assiduus
986 1837 1030 1878 in
1062 1836 1235 1892 praediis
1258 1845 1383 1887 esset,
1405 1850 1591 1890 cumque

158 1907 216 1944 se,
249 1894 468 1936 voluntate
491 1897 638 1951 patris,
660 1897 720 1937 rei
744 1895 944 1936 familiari
966 1895 1155 1949 vitaeque
1184 1894 1356 1934 rusticae
1381 1892 1588 1944 dedisset;

155 1950 236 1991 iste
254 1962 398 1993 autem
420 1952 619 2008 frequens
640 1953 795 1995 Romae
819 1963 956 2004 esset,
987 1952 1201 1993 occiditur
1231 1951 1283 1992 ad
1315 1949 1486 1990 balneas
1509 1949 1590 1990 Pa-

152 2006 308 2050 latinas
329 2009 495 2051 rediens
530 2026 554 2051 a
587 2025 715 2052 coena
748 2011 849 2051 Sex.
882 2010 1082 2051 Roscius.
1144 2009 1278 2065 Spero
1309 2022 1364 2048 ex
1389 2007 1472 2048 hoc
1496 2007 1589 2062 ipso

152 2078 238 2106 non
268 2081 363 2108 esse
394 2068 641 2119 obscurum,
663 2068 716 2109 ad
746 2082 872 2123 quem
904 2067 1092 2123 suspicio
1125 2065 1326 2107 maleficii
1349 2064 1587 2121 pertineat:

150 2136 299 2165 verum
321 2124 380 2176 id,
399 2126 513 2180 quod
537 2126 677 2167 adhuc
699 2135 764 2166 est
793 2125 1095 2181 suspiciosum,
1116 2123 1199 2165 nisi
1223 2123 1497 2180 perspicuum
1520 2135 1584 2162 res

150 2179 246 2235 ipsa
267 2181 431 2234 fecerit,
464 2183 580 2224 hunc
613 2183 787 2224 affinem
820 2182 958 2238 culpae
975 2181 1234 2238 judicatote.
1298 2178 1456 2221 Occiso
1481 2179 1582 2220 Sex.
1604 2185 1650 2227 19

151 2235 328 2291 Roscio,
348 2240 513 2297 primus
535 2240 756 2281 Ameriam
786 2241 964 2281 nunciat
986 2239 1164 2281 Mallius
1189 2237 1372 2280 Glaucia
1393 2236 1584 2291 quidam,

147 2293 280 2337 homo
302 2298 457 2350 tenuis,
479 2297 719 2349 libertinus,
739 2297 870 2339 cliens
893 2306 936 2338 et
957 2296 1179 2338 familiaris
1202 2295 1326 2336 istius
1347 2292 1398 2335 Τ.
1413 2293 1583 2335 Roscii:

146 2362 190 2392 et
211 2355 382 2395 nuntiat
412 2355 604 2407 domum,
625 2370 712 2396 non
737 2355 828 2406 filii,
857 2355 930 2396 sed
951 2353 1002 2395 T.
1028 2353 1270 2409 Capitonis,
1302 2351 1494 2393 inimici:
1527 2360 1585 2402 et,

145 2423 243 2451 cum
264 2421 362 2467 post
384 2411 534 2453 horam
566 2413 748 2469 primam
782 2413 922 2454 noctis
954 2412 1122 2453 occisus
1155 2418 1281 2460 esset,
1312 2410 1452 2465 primo
1476 2408 1586 2450 dilu—

143 2467 242 2508 culo
263 2469 440 2511 nuntius
459 2469 531 2510 hic
551 2470 771 2512 Ameriam
791 2470 924 2511 venit.
955 2469 1105 2510 decem
1124 2468 1240 2508 horis
1263 2467 1485 2508 nocturnis
1509 2480 1585 2507 sex

143 2533 187 2564 et
205 2526 523 2583 quinquaginta
542 2527 677 2569 millia
695 2541 898 2583 passuum
920 2526 1037 2582 cisiis
1059 2524 1324 2581 pervolavit3
1347 2539 1434 2565 non
1453 2523 1584 2564 modo

144 2592 192 2622 ut
220 2593 477 2639 exoptatum
511 2585 689 2627 inimico
711 2585 913 2627 nuntium
947 2584 1110 2639 primus
1142 2581 1327 2634 afferret,
1352 2582 1424 2623 sed
1450 2581 1582 2623 etiam

141 2652 337 2680 cruorem
359 2640 524 2683 inimici
544 2657 676 2698 quain
699 2641 1044 2683 recentissimum
1067 2639 1286 2695 telumque
1316 2639 1459 2695 paullo
1481 2648 1581 2679 ante

138 2710 164 2736 e
181 2711 361 2753 corpore
379 2708 624 2742 extractum
642 2699 900 2745 ostenderet.
963 2696 1224 2749 Quatriduo‚
1243 2712 1329 2753 quo
1349 2697 1443 2738 haec
1458 2704 1583 2752 gesta
1592 2708 1649 2744 20

176 2831 197 2862 9
215 2829 309 2859 send
327 2839 402 2860 eum
419 2830 577 2861 lanistam
598 2829 749 2872 eontulit]
774 2830 837 2860 int.
879 2827 1051 2860 lanistam:
1075 2829 1131 2869 qui
1158 2828 1244 2860 refer
1265 2827 1306 2860 ad
1331 2828 1434 2865 hune,
1463 2826 1519 2866 qui
1548 2835 1581 2855 se

129 2867 172 2900 Τ.
199 2870 355 2902 Roscium
375 2872 593 2912 gladiatorem
620 2878 775 2908 veterem,
798 2878 839 2902 ut
881 2870 1026 2903 contulit
1040 2870 1082 2902 ad
1093 2871 1260 2902 lanistam.

790 2921 868 2956 ΒΩ
