1907 3231
577 140 695 178 PRO
722 141 768 177 A.
798 139 1118 177 CLUENTIO.
1498 145 1574 180 549

129 245 229 295 diae,
251 258 338 285 non
359 245 638 301 probabatur.
703 244 855 300 Itaque
878 253 974 286 tum
1003 242 1217 293 Stalenus,
1240 258 1336 284 cum
1362 244 1475 286 idem
1499 244 1571 286 de-

131 303 339 353 fenderet,
361 301 475 357 quod
499 301 661 352 Attius,
684 303 994 343 condemnatus
1025 309 1103 341 est.
1137 300 1327 341 Cominii
1358 316 1455 342 cum
1488 302 1658 343 hoc102

129 369 322 415 agerent,
362 358 476 413 quod
518 373 596 399 nos
634 359 698 392 89
689 373 732 400 ιη
767 369 859 400 tota
890 372 1018 400 causa
1049 358 1232 413 egimus,
1265 358 1570 412 probaverunt.

135 417 431 462 Quamobrem
463 414 496 455 si
530 415 692 457 Staleni
723 416 1012 466 damnatione,
1036 414 1331 470 Oppianicum
1354 414 1573 468 J'udicium

131 487 405 528 corrumpere
441 472 640 524 voluisse,
654 472 966 537 Oppianicum
989 472 1130 528 judici
1165 472 1217 513 ad
1246 472 1447 512 emendas
1479 487 1573 513 sen-

117 530 286 570 tentias
318 529 484 570 dedisse
508 530 752 595 pecuniam,
775 530 1021 586 judicatum
1057 538 1146 570 est:
1190 543 1288 570 cum
1321 529 1383 569 ita
1411 530 1573 570 consti-

117 595 284 627 ·-tutum·
309 587 378 637 sit,
409 587 472 628 uti
507 589 550 629 in
578 587 649 628 illa
676 588 804 643 culpa
830 596 904 628 aut
939 587 1164 628 Cluentius
1197 586 1266 637 sit,
1302 595 1377 627 aut
1406 585 1574 642 Oppia-

128 643 278 685 nicus:
295 619 503 685 Cliientii
532 659 686 685 numus
715 645 854 686 nullus
881 644 1035 699 judici
1043 644 1168 685 datus
1191 643 1276 685 ullo
1299 643 1485 699 vestigio
1508 658 1573 685 re-

131 701 316 758 peritur:
352 702 586 758 Oppianici
618 702 801 758 pecunia
834 711 931 758 post
955 702 1173 756 J'udicium
1196 701 1358 742 factum
1382 700 1575 756 ajudice

130 758 274 799 ablata
294 768 383 801 est:
415 767 560 815 potest
579 774 670 800 esse
691 760 887 809 dubium,
909 759 1015 813 quin
1044 758 1115 799 illa
1140 758 1362 799 damnatio
1392 758 1572 810 Staieni,

129 830 219 857 non
241 817 371 857 modo
401 831 488 857 non
512 817 566 857 sit
587 824 739 857 contra
773 791 1038 864 Cluentium,
1062 816 1134 855 sed
1166 815 1357 855 maxime
1378 824 1569 857 nostram

129 887 302 914 causam
324 873 705 928 defensionemque
725 872 976 914 confirmet?
1011 871 1127 928 Ergo
1150 872 1291 912 adhuc
1311 872 1431 914 Junii
1449 872 1569 927 judi·
1581 860 1652 914 37

129 931 246 972 cium
270 931 394 972 video
417 946 507 972 esse
525 930 752 985 ejusmodi,
776 940 823 970 ut
844 930 1132 970 incursionem
1156 928 1300 992 potius
1331 918 1568 982 seditionis,
1584 933 1656 967 103

129 988 218 1029 vim
240 988 544 1038 multitudinis,
566 988 777 1043 impetum
795 987 1091 1051 tribunicium,
1113 1000 1243 1042 quam
1258 986 1505 1042 judiciuin
1495 1003 1571 1044 ap-

130 1045 376 1101 pellandum
398 1054 562 1101 putem.
606 1045 783 1091 Quodsi
806 1044 902 1100 quis
924 1044 1028 1085 illud
1044 1043 1260 1099 judicium
1284 1044 1484 1100 ¹ippellet,
1508 1053 1572 1086 ta-

130 1117 230 1144 men
253 1103 336 1144 hoc
357 1103 614 1146 confiteatur
636 1116 807 1143 necesse
829 1114 908 1153 est,
929 1102 1047 1142 nullo
1078 1101 1208 1141 modo
1239 1100 1353 1141 illam
1378 1101 1573 1153 multam,

129 1175 227 1215 quae
251 1175 276 1200 a
296 1160 431 1202 Junio
454 1160 591 1216 petita
612 1161 680 1211 sit,
703 1174 803 1200 cum
831 1158 1021 1200 Cluentii
1046 1173 1174 1199 causa
1198 1174 1274 1214 po
1267 1173 1323 1198 se
1345 1159 1572 1216 conJungi.

131 1217 243 1258 Illud
277 1218 411 1273 igitur
431 1217 668 1260 Junianum
702 1231 777 1272 per
812 1217 897 1257 vim
933 1216 1097 1257 factum
1129 1224 1219 1257 est:
1254 1215 1398 1266 Bulbi,
1421 1225 1465 1256 et
1489 1217 1574 1258 Ρο-

131 1275 255 1331 pillii,
277 1285 320 1315 et
343 1275 510 1326 Guttae,
533 1285 684 1316 contra
715 1273 962 1315 Cluentium
995 1288 1079 1314 non
1110 1282 1198 1315 est·
1233 1273 1412 1323 Staleni,
1443 1275 1574 1315 etiam

130 1346 209 1388 pro
234 1332 435 1373 Cluentio
458 1343 536 1373 est.
597 1332 830 1372 Videamus
862 1332 1030 1386 ecquod
1063 1330 1178 1371 aliud
1204 1330 1437 1385 judicium,
1457 1331 1573 1386 quod

129 1404 209 1446 pro
232 1390 435 1431 Cluentio
458 1390 526 1440 sit,
549 1389 740 1445 pr·ote1re
763 1390 990 1445 possimus.

189 1447 374 1489 Dixitne
396 1448 568 1488 tandem
591 1461 761 1487 causam
784 1446 835 1487 C.
859 1446 1149 1487 Fidiculanius
1171 1444 1358 1496 Falcula,
1382 1446 1455 1501 qui
1481 1440 1572 1502 Op-

128 1505 348 1561 pianicum
371 1505 693 1554 condemnarat,
715 1518 813 1545 cum
822 1504 1091 1559 praesertim,
1123 1503 1165 1543 id
1188 1503 1302 1557 quod
1328 1502 1411 1543 fuit
1433 1517 1476 1543 ln
1500 1504 1615 1545 illop·
1631 1507 1682 1540 39

122 1562 293 1617 judicio
317 1561 715 1610 invidiosissimum,
737 1565 778 1595 90
790 1575 948 1616 paucos
971 1561 1060 1601 dies
1082 1574 1135 1600 ex
1169 1560 1478 1600 subsortitione
1508 1559 1602 1601 se-a

129 1620 288 1661 disset?
319 1619 447 1670 dixit,
469 1629 512 1659 et
548 1619 612 1659 bis
645 1619 818 1674 quidem
855 1618 981 1659 dixit.
1045 1617 1096 1658 In
1131 1631 1338 1659 summam
1375 1617 1490 1658 enim
1525 1618 1576 1661 L.

117 1677 339 1724 (Quintius
364 1651 571 1718 invidiam
606 1676 889 1717 concionibus
918 1689 1016 1716 eum
1048 1674 1329 1730 quotidianis,
1361 1675 1575 1716 seditiosis

127 1744 171 1775 et
193 1734 465 1785 turbulentis,
488 1733 741 1774 adduxerat
802 1733 902 1774 Uno
918 1732 1089 1788 judicio
1113 1731 1248 1772 multa
1269 1741 1334 1772 est
1356 1733 1410 1773 ab
1432 1746 1483 1772 eo
1501 1747 1576 1788 pe-

118 1792 224 1843 ·tita,
255 1792 367 1832 sicut
387 1793 441 1832 ab
463 1791 613 1842 Junio,
640 1790 755 1846 quod
777 1805 865 1831 non
888 1805 976 1831 suae
1006 1790 1191 1830 deeuiiae
1223 1802 1414 1840 muneie,
1436 1803 1576 1845 neque

127 1863 186 1890 ex
225 1849 319 1905 lege
353 1849 545 1890 sedisset.
582 1848 725 1904 paullo
760 1848 971 1889 sedatiore
1006 1856 1199 1911 tempore
1236 1855 1300 1886 est
1333 1856 1574 1898 accusatus,

129 1921 257 1971 quam
280 1906 453 1956 Junius,
486 1906 558 1947 sed
581 1906 728 1946 eadem
758 1905 845 1945 fere
874 1904 967 1961 lege
991 1914 1034 1945 et
1063 1905 1255 1945 crimine.
1322 1904 1438 1950 Quia
1458 1904 1576 1945 nulla

127 1963 172 2005 in
187 1963 358 2019 judicio
381 1963 550 2014 seditio,
571 1977 711 2018 neque
733 1963 814 2014 vis,
836 1976 974 2017 neque
996 1962 1123 2003 turba
1144 1969 1310 2001 versata
1331 1971 1410 2012 est,
1437 1961 1575 2017 prima

128 2022 299 2062 actione
321 2020 523 2062 facillime
545 2030 610 2062 est
631 2019 867 2061 absolutus.
930 2019 1032 2061 Non
1055 2033 1234 2059 numero
1266 2018 1379 2058 banc
1402 2018 1574 2059 absolu-

128 2079 307 2119 tionem.
351 2078 631 2119 nihilominus
666 2078 780 2118 enim
814 2085 972 2133 potest,
1015 2086 1064 2117 ut
1106 2076 1221 2117 illam
1262 2075 1442 2116 multam
1484 2090 1572 2117 non

127 2135 408 2186 commiserit,
430 2136 647 2192 accepisse
669 2144 812 2175 tamen
827 2136 852 2161 '¹‘
879 2135 935 2175 ob
958 2149 1047 2176 rein
1071 2133 1370 2190 judicandam,
1391 2137 1572 2188 9lquam

168 2264 210 2295 89
231 2262 266 2291 in
281 2265 349 2292 tota
361 2272 388 2292 c.
404 2261 447 2301 e.]
466 2262 547 2292 Haec
560 2271 663 2301 usque
677 2260 718 2291 ad
732 2260 830 2291 verba
872 2270 940 2300 prov
969 2260 1077 2300 glossa
1109 2259 1222 2290 haberi
1243 2259 1422 2299 pecuniam
1449 2262 1570 2299 potest.

127 2314 157 2335 c.
173 2306 224 2334 38.
235 2304 276 2335 L.
292 2303 325 2335 C.
338 2304 477 2343 ,Mergus
493 2304 613 2334 absunt
628 2315 648 2335 a
662 2303 740 2333 Mss.
758 2304 828 2342 qui-
871 2303 979 2342 Quam
994 2303 1078 2333 male
1092 2311 1189 2342 porro
1203 2305 1325 2331 sonant
1340 2302 1483 2340 quinque
1498 2311 1570 2331 ver-

127 2345 265 2377 busdam
279 2351 313 2377 et
329 2346 379 2377 ed.
399 2350 490 2380 1471.
509 2348 560 2380 72.
871 2345 912 2375 ba
926 2345 1076 2385 deinceps
1090 2343 1203 2375 eadem
1227 2343 1397 2373 clausula?
1422 2343 1510 2373 Tum
1534 2344 1570 2374 in

169 2391 210 2423 90
227 2389 440 2428 paucos-dies
464 2399 479 2418 e
500 2399 526 2418 s.
547 2387 587 2427 s.]
621 2387 674 2417 Sc.
698 2392 736 2418 ut
758 2397 826 2419 non

125 2431 288 2472 potuisset
310 2431 389 2461 satis
411 2440 606 2471 cognoscere
631 2439 776 2467 causam,
792 2436 827 2461 et

124 2478 238 2504 tamen
250 2473 440 2513 ,iudicasset
465 2473 544 2503 Mox
561 2483 588 2502 e.
605 2475 656 2514 38.
672 2474 749 2511 quia
763 2483 826 2504 non

120 2520 280 2556 perpetuo
304 2517 432 2547 sedisset
456 2526 499 2546 se.
516 2516 557 2546 ad.
581 2524 712 2545 causam
738 2520 825 2546 recte

127 2557 398 2597 cognoscendam.

166 2603 205 2634 91
225 2601 415 2639 pecuniam,
443 2610 542 2640 quam
576 2604 711 2639 captam
747 2608 824 2629 nus-

126 2650 227 2681 quam
247 2641 321 2681 ἃς]
349 2643 534 2673 Pecuniam
555 2652 656 2682 quam
680 2642 823 2682 primum

869 2385 930 2417 hac
944 2388 1085 2418 lectione
1102 2386 1257 2416 scalenus
1271 2391 1321 2416 est
1335 2385 1471 2416 alienus.
1495 2386 1568 2416 Ser-

869 2438 924 2459 mo
939 2434 1010 2460 erat
1022 2430 1061 2460 de
1077 2428 1290 2459 Fidiculanio.
1324 2428 1468 2458 Verbum
1484 2427 1568 2459 dixit

868 2471 958 2509 fecit,
974 2476 1013 2502 ut
1027 2482 1086 2512 pro
1111 2475 1244 2510 captam
1267 2469 1474 2501 scribendum
1489 2480 1568 2500 cau-

867 2524 940 2544 sam
964 2519 1129 2554 putarem,
1153 2512 1239 2552 quod
1263 2513 1367 2552 reperi
1391 2511 1507 2542 deinde
1532 2517 1569 2544 et

867 2555 1068 2587 Lambinum
1078 2555 1251 2595 judicasse,
1267 2555 1321 2594 qui
1332 2554 1441 2584 locum
1456 2558 1568 2585 totum

868 2608 885 2627 e
902 2598 1045 2637 vestigiis
1062 2597 1140 2628 Mss.
1158 2597 1203 2627 sic
1225 2597 1394 2636 eleganter
1413 2597 1568 2634 correxit,

869 2651 909 2671 ne
926 2642 1068 2671 Grutero
1091 2639 1223 2679 quidem
1240 2639 1423 2670 abnuente:
1447 2640 1484 2669 ob
1497 2649 1569 2669 rem

126 2688 176 2714 est
199 2683 234 2713 in
259 2683 309 2714 cd.
333 2684 484 2722 Victorii,
503 2695 602 2724 quam
625 2684 728 2714 secuti
747 2690 826 2713 sunt
858 2682 938 2724 jud.
952 2693 1051 2723 quam
1073 2682 1239 2718 δίαίεηπιε,
1254 2682 1310 2721 qui
1332 2691 1468 2712 causam
1490 2691 1568 2711 nus-

127 2726 161 2756 P.
177 2726 349 2756 Manutius
367 2730 456 2758 1540.
472 2733 505 2758 et
520 2727 590 2757 alii:
616 2727 663 2757 ita
676 2726 764 2756 sacta
775 2730 826 2756 cst
868 2735 965 2765 qnam
989 2726 1101 2755 eudem
1125 2725 1194 2762 lege
1214 2724 1310 2760 duit,
1330 2734 1374 2754 sc.
1389 2733 1457 2762 qua.
1467 2723 1568 2754 Fidic.

125 2767 226 2798 lectio
240 2768 384 2807 vulgata.
429 2770 462 2800 Si
477 2774 609 2809 captam
625 2779 742 2799 v·e1um
760 2774 823 2805 est,

126 2820 194 2841 nou
210 2815 319 2851 potest
341 2812 450 2842 abesse
460 2813 650 2852 pecuniam,
673 2817 712 2841 ut
733 2811 824 2840 Grae-

125 2852 178 2882 vio
194 2852 354 2893 placebat.
391 2854 453 2884 Sed
467 2855 501 2884 in
517 2864 616 2894 qaam
631 2858 762 2893 captam
778 2853 825 2882 vi—

126 2894 212 2926 tium
227 2903 306 2935 esse,
323 2895 466 2927 dubitari
483 2906 549 2928 uon
565 2901 683 2938 potest.
708 2896 824 2934 Itaque

867 2768 976 2807 Atque
992 2767 1054 2797 hoc
1069 2776 1129 2806 ego
1145 2766 1180 2796 in
1193 2771 1322 2796 textum
1337 2766 1458 2818 recepi,
1467 2770 1506 2796 ut
1519 2774 1568 2796 es-

867 2817 930 2846 set,
953 2810 1040 2849 quod
1068 2809 1209 2847 intelligi
1231 2813 1352 2849 posset.
1395 2808 1429 2838 Si
1453 2808 1568 2838 Cicero

868 2862 935 2882 non
959 2851 1098 2882 totidem
1128 2851 1232 2881 literis
1267 2850 1409 2891 scripsit,
1440 2854 1474 2880 at
1507 2859 1568 2878 nec

868 2895 1011 2935 scripsit,
1026 2893 1112 2933 quod
1133 2898 1183 2926 est
1205 2893 1238 2924 in
1253 2892 1407 2932 vulgatis.
1449 2891 1567 2922 Addidi

791 2944 930 2979 Nnss
