1907 3231
315 93 357 134 iv
570 101 577 110 ⁶
832 92 1230 138 PRAEFATIO.

317 200 410 242 folii
433 200 534 251 ima,
556 201 599 243 in
623 217 709 258 qua
725 199 817 257 ejus
840 202 1007 244 notatio
1040 203 1203 244 suisset.
1266 203 1359 245 Nec
1389 217 1459 244 me
1489 203 1581 259 ejus
1612 200 1761 257 conje-

317 279 451 310 cturae
472 269 673 325 poenitet,
690 284 788 311 cum
810 269 925 312 nulla
946 270 1032 317 alia,
1050 280 1410 312 commemoretur
1432 271 1486 312 ab
1511 270 1595 313 ullo
1608 268 1760 325 editio,

319 347 475 392 praeter
498 336 608 378 hauc
631 337 899 389 Brixianam,
921 353 1017 394 quae
1043 338 1170 394 hujus
1194 340 1334 380 fetatis
1358 339 1426 389 sit,
1449 339 1500 380 ad
1523 352 1651 394 quam
1674 336 1759 379 hoc

315 413 508 445 nostrum
533 405 778 462 exemplum
804 407 1028 462 pertinere,
1053 405 1190 447 forma
1212 406 1427 448 literarum
1451 407 1608 462 arguit.
1639 403 1761 462 Con-

309 471 482 526 jectura
504 473 632 514 etiam
658 489 724 514 me
746 488 797 515 eo
819 474 960 525 duxit,
981 485 1024 514 ut
1049 488 1141 515 eam
1165 489 1189 515 e
1224 474 1421 519 Romana
1440 474 1615 517 ductam
1635 480 1762 529 puta·-

315 554 418 589 rem,
441 540 555 594 quod
579 555 671 582 eam
695 542 749 581 ab
775 541 1118 596 WValdurferiana
1147 551 1189 582 et
1226 542 1570 597 Girardeugiuua
1599 541 1760 583 discre-

317 622 418 663 pare
450 608 661 658 videbam,
697 623 780 649 non
830 610 958 651 modo
999 609 1256 652 lectionibus
1289 610 1496 666 pluribus,
1527 609 1599 652 sed
1630 607 1762 650 etiam

315 675 558 716 orationum
581 677 687 717 serie
719 692 768 717 ac
798 691 991 727 numero,
1021 693 1120 719 cum
1145 679 1237 733 ipsa
1271 677 1447 720 haberet
1476 691 1638 728 omneS,
1661 681 1759 731 quae

315 743 369 783 ab
410 742 488 783 iliis
531 745 741 785 abessent.
817 744 1103 800 Posteaquam
1146 745 1393 801 exemplum
1437 745 1648 787 Romanae
1668 758 1760 786 na<-

315 820 410 851 ctus
441 826 549 861 sum,
582 811 668 854 ridi
703 826 756 853 ex
779 826 828 852 ea
860 822 993 853 totam
1029 813 1087 854 itu
1117 812 1290 853 ductam
1325 827 1430 863 esse,
1453 821 1502 854 ut
1530 812 1658 854 etiam
1682 825 1763 853 nu·-

314 891 456 923 merus
481 878 681 920 soliorum
705 880 961 931 consentiat,
988 881 1158 936 pagiua}
1189 880 1351 922 eaedem
1375 880 1475 931 siut,
1506 879 1646 935 sitque
1668 887 1764 920 tan-

317 954 407 985 tum
431 945 611 987 duorum
638 946 941 989 versiculorum
958 948 1203 989 discrimen.
1245 947 1446 990 Ceterum
1474 956 1617 988 tamen
1635 960 1763 1002 quas-

316 1012 413 1054 dam
438 1013 642 1054 lectiones
665 1014 700 1054 ei
726 1015 916 1070 proprias
940 1016 1101 1065 notavi,
1125 1016 1178 1056 ab
1213 1030 1353 1056 errore
1375 1030 1601 1072 operarum
1632 1023 1763 1070 atque

315 1080 444 1126 etiam
470 1080 639 1135 judicio
674 1082 864 1132 editoris,
901 1082 1116 1123 interdum
1141 1098 1224 1124 non
1260 1092 1392 1134 rect-0,
1419 1093 1464 1125 ut
1494 1097 1593 1125 cum
1617 1083 1659 1124 in
1684 1081 1761 1124 Or.

315 1148 364 1188 ad
395 1147 514 1191 Quis.
532 1163 577 1202 p.
596 1147 651 1189 R.
674 1163 749 1204 pro
775 1148 1049 1190 Diadematus
1065 1149 1183 1190 dedit
1207 1149 1470 1194 Dalmatica-5
1491 1165 1546 1193 ex
1570 1150 1653 1193 alia
1672 1149 1764 1192 edi-

314 1215 447 1266 tione,
475 1230 574 1256 eum
607 1216 720 1261 iilam
754 1216 983 1258 lectionem
1020 1232 1104 1258 non
1141 1228 1327 1273 caperet,
1366 1218 1467 1260 item
1494 1219 1538 1260 in
1569 1217 1646 1261 Or.
1682 1232 1762 1274 pro

316 1281 596 1340 Leg.liIe1nil.
631 1298 671 1324 c.
695 1290 728 1324 l.
761 1292 803 1325 et
833 1291 894 1326 15.
929 1285 1001 1327 ubi
1025 1295 1139 1327 nota:
1161 1285 1382 1328 videndae:
1416 1286 1487 1328 sed
1513 1299 1664 1328 earum·
1681 1299 1762 1328 nu-

314 1365 456 1392 merus
479 1361 543 1392 est
566 1351 688 1392 vaide
709 1352 910 1408 exiguus.

374 1418 444 1461 Ab
471 1419 533 1460 his
558 1434 668 1475 pon·
661 1438 683 1457 ι
709 1419 745 1458 V
750 1420 884 1460 enetis
907 1430 948 1461 et
975 1419 1191 1462 Biixiensi
1224 1430 1378 1463 eeterae
1411 1394 1591 1472 fluxere,
1613 1435 1763 1464 omnes

319 1486 374 1532 ill
377 1503 398 1527 ι
422 1487 533 1543 plen·
522 1502 571 1536 e,
596 1487 875 1542 similiterque
898 1488 1104 1528 ordinatis
1127 1504 1176 1529 ac
1199 1489 1274 1545 di(
1261 1490 1378 1530 estis
1401 1489 1684 1539 mationibus,
1707 1488 1762 1531 ad

317 1554 515 1595 Aldiuam
543 1570 675 1609 usque
708 1555 903 1610 primam.
966 1555 1078 1596 Nam
1101 1557 1215 1611 quod
1248 1558 1301 1598 ab
1332 1557 1528 1600 Juntinae
1550 1555 1761 1612 exemplis

318 1623 474 1665 absunt
512 1621 699 1663 Verrium
732 1632 774 1663 et
813 1622 1086 1679 Philippicae,
1125 1624 1206 1666 illae
1241 1625 1415 1679 quidem
1447 1624 1677 1681 separatim
1709 1638 1761 1667 ac

317 1691 492 1746 proprio
527 1689 741 1730 volumine
775 1691 902 1732 editae
936 1701 1049 1742 suut,
1081 1700 1128 1732 ut
1162 1703 1260 1748 post
1292 1692 1558 1735 videbimus:
1591 1701 1634 1734 et
1667 1691 1762 1734 aliis

317 1757 594 1808 editionibus,
612 1768 658 1798 ut
681 1758 869 1809 Venetis,
892 1758 1082 1800 Verrinae
1101 1760 1315 1801 orationes
1335 1760 1393 1801 ita
1414 1759 1622 1815 subjectae
1645 1766 1760 1812 surm,

317 1834 363 1865 ut
389 1825 607 1880 proprium
626 1825 813 1876 titulum,
828 1835 870 1867 et
891 1826 1072 1868 formam
1095 1828 1278 1883 separati
1300 1827 1528 1869 voluminis
1549 1827 1761 1871 habeant:

315 1903 551 1947 extantque
573 1903 616 1934 et
634 1894 728 1935 aliae
751 1894 961 1935 editiones
981 1894 1322 1951 Philippicarum
1353 1895 1552 1947 solarum,
1571 1896 1763 1952 itemque

315 1960 527 2001 interdum
544 1961 644 2002 soiae
664 1962 852 2003 Vcrrinae
877 1963 1084 2018 subjectae
1106 1972 1218 2014 sunt,
1233 1973 1281 2005 ut
1303 1963 1345 2004 in
1361 1964 1470 2006 Ven.
1493 1969 1613 2012 1495.
1637 1970 1762 2012 1499.

316 2028 427 2073 Nam
452 2028 625 2069 Venetae
648 2045 687 2070 a.
713 2035 830 2076 1495.
854 2039 897 2071 et
926 2037 1043 2077 1499.
1067 2031 1097 2071 f.
1121 2045 1174 2072 ex
1190 2031 1366 2072 officina
1389 2029 1543 2072 Barth.
1567 2030 1682 2073 Sam.
1712 2030 1763 2074 de

318 2095 519 2146 Posce-sio,
541 2097 780 2152 iterumque
809 2103 928 2145 1499.
952 2113 1026 2153 per
1052 2097 1158 2139 Ben.
1178 2098 1410 2150 Hectorem,
1434 2098 1605 2142 Bonon.
1637 2099 1763 2144 basiri

316 2164 476 2204 habent
499 2164 731 2204 editionem
755 2181 794 2206 a.
825 2171 944 2207 1480.
968 2166 1011 2207 in
1030 2166 1079 2206 iis
1095 2166 1496 2223 orationibus‚quas
1519 2166 1591 2208 illa
1611 2167 1762 2220 habet,

315 2231 463 2272 saltem
484 2231 595 2272 illam
616 2232 798 2288 primam
823 2240 942 2280 1495.
965 2249 1094 2290 quam
1117 2244 1270 2276 ceterae
1295 2235 1476 2276 imitatae
1498 2245 1612 2286 sunt,
1626 2235 1699 2277 sed
1717 2235 1764 2278 in

316 2299 530 2339 nonnullis
548 2299 650 2340 loeis
666 2315 686 2340 e
707 2299 904 2342 Romana
925 2302 987 2342 vel
1007 2301 1214 2343 Brixiana
1230 2313 1482 2353 correctam,
1496 2302 1581 2354 cuj,
1598 2311 1647 2356 ut
1667 2303 1764 2360 opi-

318 2381 409 2416 nor,
431 2376 602 2422 propter
625 2368 843 2409 raritatem
870 2370 1116 2424 parcebant,
1139 2384 1217 2410 nec
1239 2369 1331 2425 ejus
1353 2369 1601 2426 exemplum
1621 2370 1762 2426 perire

317 2433 518 2473 volebaut
549 2435 591 2474 in
618 2435 793 2476 officina
827 2450 901 2491 per
937 2451 1161 2491 operarum
1190 2452 1355 2478 manus.
1418 2436 1564 2478 Editio
1586 2438 1764 2493 quidem

318 2501 484 2541 Veneta
505 2517 542 2541 a.
570 2509 686 2544 1505.
709 2504 822 2558 apud
849 2503 1182 2559 Clu-istopltorum
1201 2505 1248 2546 de
1270 2504 1416 2558 Pensis
1436 2519 1536 2546 cum
1558 2506 1761 2548 omnibus

319 2568 434 2608 vitiis
465 2569 633 2623 repetiit
669 2570 915 2626 exemplum
954 2586 992 2612 a.
1031 2578 1150 2620 1499.
1213 2572 1298 2614 Hae
1330 2572 1694 2629 igitureditiones
1717 2573 1763 2617 in

313 2635 480 2691 judicio
505 2651 553 2676 ae
576 2636 741 2677 delectu
767 2637 1000 2679 lectionum
1031 2640 1138 2680 nihil
1170 2640 1354 2697 propriae
1385 2640 1761 2683 auctoritatisiha-

321 2704 448 2745 beut:
472 2718 570 2744 cum
591 2703 671 2744 iliae
694 2714 795 2746 tota:
817 2706 1031 2761 pendeant
1047 2722 1071 2748 e
1096 2706 1441 2749 &Valdarferiana
1453 2717 1496 2750 et
1510 2707 1727 2758 Brixiensi
1746 2724 1757 2751 :

320 2771 433 2826 quod
458 2782 500 2812 et
526 2771 586 2812 vel
612 2771 709 2813 inde
741 2782 873 2827 patet,
895 2775 1011 2830 quod
1046 2774 1090 2818 in
1117 2775 1264 2827 tabula
1298 2775 1544 2822 orationum
1566 2776 1672 2830 ordo
1693 2783 1762 2820 est.

1884 2311 1896 2341 y,

1867 2359 1891 2546 ξ
