1907 3231
281 119 360 156 238
802 120 874 157 IN
913 117 1203 157 VERREM

284 220 584 276 Carpinatium
606 231 882 264 revertemur.
943 223 1283 280 Inspiciebamus
1315 221 1536 278 Syracusis
1559 238 1583 266 a
1605 223 1710 267 Car-

282 277 449 333 pinatio
471 279 691 321 confectas
716 281 880 321 tabulas
903 281 1244 336 societatiS,quae
1268 281 1584 337 significabant,
1602 282 1710 324 mul-

284 335 337 375 tis
359 336 604 377 nominibus
629 339 729 377 3eos
753 337 946 378 homines
970 352 1184 378 versuram
1214 354 1249 378 a.
1270 338 1522 395 Carpinatio
1543 338 1709 390 fecisse,

238 392 356 446 b·qui
380 394 602 448 pecuniam
625 394 743 434 Verri
774 394 1002 434 dedissent..
1063 393 1156 435 Erit
1179 395 1299 435 vobis
1328 395 1422 437 luce
1454 395 1711 451 cla1·ius‚juf

281 449 413 500 dices,
442 465 540 491 cum
573 465 644 490 eos
673 451 787 506 ipsos
820 451 1078 505 produxero,
1100 451 1174 506 qui
1207 451 1427 493 dederunt.
1459 452 1709 509 intelligetis

281 507 412 558 enim,
435 507 503 547 illa
526 517 732 562 tempora.
755 521 829 562 per
847 522 958 562 quae,
989 522 1084 547 cum
1109 517 1248 565 essent
1278 509 1319 548 in
1344 509 1547 565 periculo,
1570 509 1709 566 pretio

283 577 373 604 sese
394 564 676 613 redemerunt,
698 578 795 604 cum
827 564 1042 604 societatis
1070 564 1225 605 tabulis
1247 579 1332 606 non
1366 566 1501 607 solum
1524 566 1710 607 consuli-

284 620 380 670 bus,
402 635 547 661 verum
569 621 697 660 etiam
721 621 952 671 mensibus,
969 621 1212 661 convenire.

199 685 273 724 187
342 677 453 718 Cum
477 676 571 717 haec
596 678 782 717 maxime
798 692 1168 733 cognosceremus,
1191 678 1337 734 etjam
1361 678 1404 718 in
1427 679 1624 720 manibus
1646 689 1709 721 ta-

284 734 402 774 bulas
444 734 720 785 haberemus3
762 744 935 790 repente
970 735 1228 791 adspicimus
1261 736 1440 776 4lituras
1480 737 1708 791 ejusmodi,

282 791 402 845 quasi
425 791 621 846 quaedam
653 791 826 832 vulnera
848 791 1098 832 tabellarum
1131 793 1331 833 recentia.
1393 793 1550 833 Statim
1572 794 1709 849 suspia

280 848 406 888 cione
427 848 594 899 offensi,
625 849 676 889 ad
699 863 748 889 ea
780 849 872 904 ipsa
902 850 1076 890 nomina
1099 850 1245 890 oculos
1269 850 1544 905 animumque
1573 860 1709 891 trans-

279 905 470 946 tulimus.
533 904 665 947 Erant
687 915 875 961 acceptae
906 907 1099 962 pecunize
1124 921 1151 947 A
1179 921 1218 948 c.
1244 920 1495 950 VERRUTIO
1522 922 1562 948 c.
1584 921 1622 948 F.
1647 908 1708 949 sic

280 971 440 1013 tamen,
463 972 509 1003 ut
533 977 665 1017 usque
687 963 736 1003 ad
771 963 950 1003 alterum
977 963 1030 1013 R,
1052 964 1204 1005 litterae
1237 973 1483 1005 constarent
1512 965 1709 1020 integrae,

273 1019 454 1074 *reliquae
477 1034 623 1060 omnes
645 1029 787 1060 essent
817 1021 859 1060 in
882 1020 1022 1060 litura.
1053 1020 1246 1071 alterum,
1277 1021 1465 1072 tertium,
1495 1034 1709 1076 quartum,

281 1076 494 1133 permulta
513 1085 631 1117 erant
651 1077 960 1130 ejusdemmodi
984 1078 1172 1118 nomina.
1233 1077 1344 1118 Cum
1376 1078 1604 1119 manifesta
1629 1093 1709 1130 res,

282 1144 374 1174 tum
397 1134 612 1190 flagitiosa
626 1134 866 1174 tabularum
884 1145 1012 1190 atque
1031 1135 1210 1190 insignis
1227 1135 1448 1190 turpitudo
1472 1144 1708 1188 teneretur3

281 1205 472 1246 quaerere
494 1191 731 1247 incepimus
753 1191 804 1232 de
827 1191 1094 1247 Carpinatio,
1119 1193 1343 1247 5quisnain
1365 1201 1474 1232 esset
1496 1193 1529 1232 is
1553 1192 1709 1234 Verru-

281 1248 382 1298 tius‚
420 1248 595 1304 quicum
629 1258 760 1289 tantae
795 1249 986 1304 pecuniae
1030 1249 1238 1289 rationem
1270 1249 1460 1289 haberet.
1529 1249 1709 1292 Haerere

280 1304 428 1356 homo,
452 1306 623 1356 versari,
638 1306 802 1346 rubere.
863 1306 994 1352 Quod
1013 1305 1107 1362 Iege
1126 1307 1402 1362 excipiuntur
1420 1306 1577 1348 tabulae
1598 1308 1708 1362 pub-

279 1363 531 1413 licanorum,
560 1378 645 1418 quo
677 1363 818 1403 minus
853 1363 1037 1404 Romam
1070 1364 1372 1420 deportentur3
1404 1373 1452 1404 ut
1481 1378 1546 1405 res
1577 1379 1708 1419 quam

278 1420 469 1461 maxime
498 1420 611 1461 clara
639 1433 688 1461 ac
720 1429 876 1461 testata
907 1435 997 1461 csse
1032 1430 1192 1476 posset,
1222 1422 1265 1461 in
1294 1421 1368 1475 jus
1396 1421 1449 1461 ad
1481 1420 1721 1462 Metellum·

281 1476 579 1532 Carpinatium
611 1492 733 1528 voco,
766 1478 1015 1532 tabulasque
1048 1478 1264 1518 societatis
1292 1479 1333 1518 in
1376 1477 1517 1518 forum
1547 1478 1707 1520 defero.

283 1534 354 1575 Fit
385 1534 599 1575 maximus
629 1549 860 1576 concursus
896 1534 1144 1576 hominum:
1184 1544 1241 1585 et,
1282 1535 1397 1589 quod
1432 1544 1523 1576 erat
1554 1534 1707 1592 Carpi-

280 1591 387 1632 natii
409 1601 513 1632 nota
524 1607 622 1633 cum
637 1594 719 1632 isto
737 1602 920 1648 praetore
933 1592 1113 1632 societas
1129 1607 1178 1632 ac
1192 1592 1436 1642 foeneratio,
1455 1606 1619 1633 summe
1631 1608 1708 1635 ex-

283 1650 536 1704 spectabant
560 1664 721 1700 omnes,
744 1649 947 1704 quidnam
970 1649 1012 1689 in
1037 1649 1192 1690 tabuiis
1214 1649 1518 1690 contineretur.
1550 1661 1554 1663 ·

200 1717 267 1770 77
342 1705 452 1746 Rem
474 1706 525 1747 ad
550 1705 777 1747 Metellum
806 1706 966 1757 defero,
996 1720 1064 1746 me
1086 1706 1250 1747 tabulas
1271 1707 1537 1761 perspexisse
1567 1706 1707 1748 socio—

198 1788 270 1821 133
284 1777 391 1814 rum,
415 1764 456 1803 in
476 1763 541 1803 his
564 1763 718 1804 tabulis
741 1777 938 1819 magnam
961 1764 1169 1804 rationem
1203 1763 1254 1804 C.
1276 1763 1461 1803 Venutii
1485 1764 1707 1820 permultis

280 1821 527 1861 nominibus
549 1835 654 1872 esse,
673 1835 825 1875 meque
846 1820 929 1861 hoe
951 1821 1190 1876 perspicere
1221 1835 1274 1860 ex
1306 1820 1531 1861 consulum
1550 1821 1709 1862 mensi-

277 1891 437 1932 umque
468 1878 647 1928 ratione,
677 1878 792 1918 hunc
821 1877 1065 1918 Verrutium
1099 1892 1234 1933 neque
1263 1886 1361 1918 ante
1395 1877 1626 1919 adventum
1655 1877 1708 1919 C.

278 1933 438 1984 Verris,
460 1949 598 1990 neque
617 1945 715 1991 post
743 1935 1034 1976 decessionem
1065 1935 1300 1990 quidquam
1331 1949 1429 1975 cum
1454 1934 1708 1991 Carpinatio

276 1992 455 2033 rationis
491 1992 705 2033 habuisse.
748 1991 934 2048 postulo,
963 1992 1069 2032 mihi
1110 1992 1379 2047 respondeat,
1420 1993 1494 2046 qui
1531 1993 1586 2033 sit
1625 1992 1707 2033 iste

277 2047 524 2091 Veri-titius:
556 2059 782 2102 mercator,
805 2050 824 2081 6
842 2064 896 2090 an
925 2049 1184 2105 negotiator,
1205 2064 1259 2090 an
1292 2057 1446 2100 arator,
1469 2064 1522 2090 an
1551 2064 1707 2106 pecua-

318 2188 336 2215 3
356 2195 405 2216 eos
420 2187 450 2215 h.
472 2196 641 2216 versuram
666 2196 687 2216 ιι
715 2186 902 2226 Carpinatio
913 2184 971 2225 se-

274 2227 366 2267 cisse]
386 2228 424 2258 In
438 2228 499 2258 hoc
511 2234 544 2258 et
558 2235 631 2258 toto
647 2229 717 2258 loco
727 2228 765 2259 de
781 2228 970 2268 Carpinatio

274 2269 404 2300 difficile
419 2270 518 2299 videri
534 2275 641 2310 potest
655 2270 695 2300 ad
706 2270 969 2310 intelligendum,

276 2312 439 2350 quomodo
453 2313 601 2352 pecunia,
612 2313 791 2344 aVerrutio
806 2313 857 2343 vel
870 2312 969 2342 Verre

274 2358 397 2390 sumta,
413 2364 487 2393 quae
498 2355 610 2395 ipsius,
625 2365 691 2385 non
701 2355 864 2386 societatis
873 2361 968 2392 esset,

275 2396 396 2436 scripta
415 2397 513 2427 fuet-it
539 2397 573 2426 in
594 2398 758 2427 societatis
780 2397 969 2438 publicano-

275 2448 349 2469 rum
371 2439 501 2469 tabulis.
532 2449 608 2469 nam
630 2440 773 2470 Verrutii
796 2450 849 2470 eas
872 2449 969 2479 pecu-

275 2481 346 2510 nias
361 2481 469 2517 fuisse,
485 2491 552 2510 non
568 2483 745 2519 societatis,
769 2482 892 2512 clarum
907 2486 967 2511 est.

274 2521 401 2563 Nempe
417 2523 478 2553 hoc
497 2523 748 2562 intelligendum
772 2536 789 2554 e
804 2533 895 2554 more
915 2534 968 2553 ve-

273 2569 356 2601 tere,
385 2566 557 2605 pecuniam
586 2565 696 2596 datam
721 2576 787 2596 non
814 2566 911 2596 modo
935 2566 969 2596 in

274 2607 340 2637 suis
353 2607 474 2637 tabulis
487 2607 659 2643 scribendi,
672 2608 834 2638 sedetiam
845 2608 877 2638 in
888 2608 967 2638 alio-

275 2658 348 2679 rum
361 2650 482 2680 tabulis
499 2656 536 2679 ut
551 2650 746 2680 scriberetur
767 2650 914 2686 curandi,
929 2654 968 2680 ut

274 2691 312 2720 iis
327 2701 386 2731 pro
401 2693 537 2721 testibus
551 2692 636 2721 data?
659 2693 806 2732 pecuniae
821 2692 869 2722 uti
893 2693 969 2722 lice-

273 2738 336 2770 ret,
359 2733 385 2763 si
411 2733 538 2764 debitor
558 2735 730 2774 pecuniam
757 2745 789 2765 se
811 2734 969 2774 accepisse

272 2780 418 2814 negaret.

312 2820 333 2847 4
348 2819 467 2847 litura-s·
481 2816 650 2855 ejusmodi,
666 2818 773 2857 quasi]
792 2817 966 2859 Ejusmodi

270 2859 398 2890 videtur
413 2859 604 2896 redundare,
628 2862 809 2902 praesertim
832 2870 906 2891 cum
921 2860 966 2892 ie-

1013 2186 1131 2225 gitima
1156 2185 1263 2216 forma
1290 2184 1543 2215 constructionis
1564 2195 1630 2215 non
1652 2185 1707 2216 sit.

1014 2229 1074 2258 Est
1096 2228 1223 2258 brevius
1247 2227 1369 2257 dictum
1393 2236 1466 2267 pr0,
1481 2237 1555 2266 quae
1575 2228 1708 2267 quasi—-

1013 2277 1121 2300 essent
1144 2270 1195 2300 vel
1218 2270 1415 2300 xdderentur.
1461 2270 1493 2299 Si
1509 2270 1579 2309 quis
1593 2276 1707 2301 tamen

1014 2312 1109 2342 malit
1123 2311 1241 2349 delere,
1256 2321 1322 2342 non
1335 2321 1524 2352 repugnem.
1558 2312 1641 2343 Edd.
1655 2321 1705 2352 pr.

1012 2364 1070 2394 pro
1089 2355 1207 2384 lituras
1219 2354 1333 2384 vitiose
1348 2354 1484 2384 litteras.

1055 2400 1072 2428 5
1095 2397 1245 2436 quisnam
1266 2400 1344 2426 esset
1365 2396 1392 2425 is
1407 2395 1593 2436 Verrutius]
1611 2395 1708 2427 Vide-

1011 2443 1067 2468 tur
1079 2439 1297 2474 scribendum,
1311 2439 1370 2468 iste
1385 2438 1423 2469 V.

1053 2481 1072 2511 6
1086 2491 1130 2510 cm
1141 2481 1334 2519 negotiator]
1354 2479 1454 2510 Recte
1463 2479 1610 2510 additum
1623 2483 1674 2509 est
1687 2489 1706 2510 e

1012 2522 1092 2553 Mss.
1121 2523 1224 2553 tribus
1251 2523 1404 2561 antiquis.
1431 2532 1507 2552 nam
1531 2522 1610 2552 alias
1637 2530 1704 2552 non

1012 2566 1124 2595 onmia
1149 2575 1267 2604 genera
1290 2564 1461 2594 hominum
1481 2569 1589 2595 essent
1615 2573 1706 2594 com-

1010 2613 1203 2644 memorata,
1232 2618 1252 2637 a
1275 2606 1390 2645 quibus
1423 2607 1562 2646 pecunia
1595 2609 1706 2637 sumta

1010 2659 1078 2679 esse
1093 2651 1262 2689 potuisset.
1306 2648 1388 2679 Edd.
1402 2659 1451 2689 pr.
1463 2658 1521 2689 pro
1530 2649 1707 2688 'pecuarius

1009 2701 1022 2719 x
1032 2691 1124 2722 itiose
1134 2691 1355 2731 pecuniarias.
1367 2691 1454 2721 Tum
1468 2701 1527 2731 pro
1539 2700 1578 2721 ex
1590 2690 1707 2721 Sicilia

1012 2733 1074 2763 Ms.
1090 2740 1182 2764 vetus
1194 2733 1336 2764 habebat
1349 2733 1396 2769 in,
1412 2738 1512 2771 recte,
1526 2737 1566 2763 ut
1577 2734 1704 2773 opinor.

1009 2785 1085 2805 nam
1102 2786 1141 2805 ιιι·
1157 2776 1225 2808 Sic.
1245 2774 1322 2816 quid
1335 2776 1406 2806 est?
1431 2785 1475 2808 au
1495 2785 1554 2816 pro
1576 2774 1709 2807 Siculus*

1010 2817 1130 2849 dicitur
1140 2818 1152 2848 ?
1473 2833 1476 2837 ·
