<?xml version="1.0" encoding="UTF-8"?>
<!DOCTYPE html PUBLIC "-//W3C//DTD XHTML 1.0 Transitional//EN"
    "http://www.w3.org/TR/xhtml1/DTD/xhtml1-transitional.dtd">
<html xmlns="http://www.w3.org/1999/xhtml" xml:lang="en" lang="en">
 <head>
  <title>
</title>
<meta http-equiv="Content-Type" content="text/html;charset=utf-8" />
  <meta name='ocr-system' content='tesseract 3.04.00' />
  <meta name='ocr-capabilities' content='ocr_page ocr_carea ocr_par ocr_line ocrx_word'/>
</head>
<body>
  <div class='ocr_page' id='page_1' title='image "./p1operaomnia02ciceuoft_0050.png"; bbox 0 0 1907 3231; ppageno 0'>
   <div class='ocr_carea' id='block_1_1' title="bbox 296 128 1136 169">
    <p class='ocr_par' dir='ltr' id='par_1_1' title="bbox 296 128 1136 169">
     <span class='ocr_line' id='line_1_1' title="bbox 296 128 1136 169; baseline 0 -1"><span class='ocrx_word' id='word_1_1' title='bbox 296 133 349 169; x_wconf 71' lang='lat'>26</span> <span class='ocrx_word' id='word_1_2' title='bbox 889 128 1136 168; x_wconf 81' lang='lat' dir='ltr'>ORATIO</span> 
     </span>
    </p>
   </div>
   <div class='ocr_carea' id='block_1_2' title="bbox 186 232 1720 1538">
    <p class='ocr_par' dir='ltr' id='par_1_2' title="bbox 186 232 1720 1538">
     <span class='ocr_line' id='line_1_2' title="bbox 300 232 1718 290; baseline 0.001 -17"><span class='ocrx_word' id='word_1_3' title='bbox 300 243 403 274; x_wconf 66' lang='lat' dir='ltr'>Nor&lt;</span> <span class='ocrx_word' id='word_1_4' title='bbox 446 245 574 274; x_wconf 75' lang='grc' dir='ltr'><strong>ειΝτ.</strong></span> <span class='ocrx_word' id='word_1_5' title='bbox 637 232 877 274; x_wconf 76' lang='lat' dir='ltr'>Redeamus</span> <span class='ocrx_word' id='word_1_6' title='bbox 915 234 968 275; x_wconf 81' lang='lat' dir='ltr'>ad</span> <span class='ocrx_word' id='word_1_7' title='bbox 1010 234 1213 275; x_wconf 83' lang='lat' dir='ltr'>edictum.</span> <span class='ocrx_word' id='word_1_8' title='bbox 1275 233 1324 277; x_wconf 91' lang='lat' dir='ltr'>Id</span> <span class='ocrx_word' id='word_1_9' title='bbox 1362 233 1718 290; x_wconf 87' lang='lat' dir='ltr'>quemadmodum</span> 
     </span>
     <span class='ocr_line' id='line_1_3' title="bbox 289 289 1719 348; baseline 0.001 -18"><span class='ocrx_word' id='word_1_10' title='bbox 289 290 417 345; x_wconf 86' lang='lat' dir='ltr'>jubet</span> <span class='ocrx_word' id='word_1_11' title='bbox 446 289 688 345; x_wconf 73' lang='lat' dir='ltr'>possidere?</span> <span class='ocrx_word' id='word_1_12' title='bbox 723 290 836 331; x_wconf 73' lang='lat' dir='ltr'>Num</span> <span class='ocrx_word' id='word_1_13' title='bbox 870 291 972 346; x_wconf 92' lang='lat' dir='ltr'>quid</span> <span class='ocrx_word' id='word_1_14' title='bbox 1002 300 1066 332; x_wconf 90' lang='lat' dir='ltr'>est</span> <span class='ocrx_word' id='word_1_15' title='bbox 1095 305 1249 341; x_wconf 66' lang='lat' dir='ltr'>causae,</span> <span class='ocrx_word' id='word_1_16' title='bbox 1274 290 1325 332; x_wconf 91' lang='lat' dir='ltr'>C.</span> <span class='ocrx_word' id='word_1_17' title='bbox 1348 290 1523 348; x_wconf 73' lang='lat' dir='ltr'>Aquini,</span> <span class='ocrx_word' id='word_1_18' title='bbox 1547 291 1650 348; x_wconf 87' lang='lat' dir='ltr'>quin</span> <span class='ocrx_word' id='word_1_19' title='bbox 1683 290 1719 331; x_wconf 88' lang='lat' dir='ltr'>si</span> 
     </span>
     <span class='ocr_line' id='line_1_4' title="bbox 296 346 1718 403; baseline 0.001 -17"><span class='ocrx_word' id='word_1_20' title='bbox 296 346 422 401; x_wconf 86' lang='lat' dir='ltr'>longe</span> <span class='ocrx_word' id='word_1_21' title='bbox 459 347 580 387; x_wconf 73' lang='lat' dir='ltr'>aliter</span> <span class='ocrx_word' id='word_1_22' title='bbox 612 347 813 402; x_wconf 74' lang='lat' dir='ltr'>possedit,</span> <span class='ocrx_word' id='word_1_23' title='bbox 844 361 970 402; x_wconf 84' lang='lat' dir='ltr'>quam</span> <span class='ocrx_word' id='word_1_24' title='bbox 1008 356 1166 403; x_wconf 85' lang='lat' dir='ltr'>praetor</span> <span class='ocrx_word' id='word_1_25' title='bbox 1197 347 1348 399; x_wconf 83' lang='lat' dir='ltr'>edixit,</span> <span class='ocrx_word' id='word_1_26' title='bbox 1384 349 1463 390; x_wconf 90' lang='lat' dir='ltr'>iste</span> <span class='ocrx_word' id='word_1_27' title='bbox 1491 363 1545 389; x_wconf 81' lang='lat' dir='ltr'>ex</span> <span class='ocrx_word' id='word_1_28' title='bbox 1576 347 1718 389; x_wconf 87' lang='lat' dir='ltr'>edicto</span> 
     </span>
     <span class='ocr_line' id='line_1_5' title="bbox 294 403 1720 461; baseline 0.001 -18"><span class='ocrx_word' id='word_1_29' title='bbox 294 417 380 444; x_wconf 89' lang='lat' dir='ltr'>non</span> <span class='ocrx_word' id='word_1_30' title='bbox 416 404 663 458; x_wconf 70' lang='lat' dir='ltr'>possederit,</span> <span class='ocrx_word' id='word_1_31' title='bbox 695 418 776 458; x_wconf 74' lang='lat' dir='ltr'>ego</span> <span class='ocrx_word' id='word_1_32' title='bbox 811 405 1038 459; x_wconf 83' lang='lat' dir='ltr'>sponsione</span> <span class='ocrx_word' id='word_1_33' title='bbox 1070 403 1268 446; x_wconf 81' lang='lat' dir='ltr'>vicerim?</span> <span class='ocrx_word' id='word_1_34' title='bbox 1302 405 1420 446; x_wconf 89' lang='lat' dir='ltr'>Nihil</span> <span class='ocrx_word' id='word_1_35' title='bbox 1450 405 1616 461; x_wconf 84' lang='lat' dir='ltr'>opinor.</span> <span class='ocrx_word' id='word_1_36' title='bbox 1646 417 1720 444; x_wconf 91' lang='lat' dir='ltr'>co-</span> 
     </span>
     <span class='ocr_line' id='line_1_6' title="bbox 296 460 1718 514; baseline 0.001 -14"><span class='ocrx_word' id='word_1_37' title='bbox 296 474 550 514; x_wconf 79' lang='lat' dir='ltr'>gnoscamus</span> <span class='ocrx_word' id='word_1_38' title='bbox 574 460 775 500; x_wconf 83' lang='lat' dir='ltr'>edictum.</span> <span class='ocrx_word' id='word_1_39' title='bbox 814 474 897 512; x_wconf 73' lang='lat'>9111</span> <span class='ocrx_word' id='word_1_40' title='bbox 927 474 986 501; x_wconf 68' lang='lat' dir='ltr'>nx</span> <span class='ocrx_word' id='word_1_41' title='bbox 1017 474 1197 501; x_wconf 67' lang='lat' dir='ltr'>nmero</span> <span class='ocrx_word' id='word_1_42' title='bbox 1226 474 1327 502; x_wconf 81' lang='lat' dir='ltr'>MEO</span> <span class='ocrx_word' id='word_1_43' title='bbox 1355 475 1406 503; x_wconf 81' lang='lat' dir='ltr'>lN</span> <span class='ocrx_word' id='word_1_44' title='bbox 1435 473 1718 504; x_wconf 68' lang='lat' dir='ltr'>Possussm-</span> 
     </span>
     <span class='ocr_line' id='line_1_7' title="bbox 299 517 1716 573; baseline 0.001 -17"><span class='ocrx_word' id='word_1_45' title='bbox 299 530 403 557; x_wconf 58' lang='lat' dir='ltr'>REM</span> <span class='ocrx_word' id='word_1_46' title='bbox 426 521 751 558; x_wconf 69' lang='lat' dir='ltr'>8⁷vENER1NT.</span> <span class='ocrx_word' id='word_1_47' title='bbox 814 517 880 557; x_wconf 91' lang='lat' dir='ltr'>De</span> <span class='ocrx_word' id='word_1_48' title='bbox 903 528 943 558; x_wconf 85' lang='lat' dir='ltr'>te</span> <span class='ocrx_word' id='word_1_49' title='bbox 973 517 1173 572; x_wconf 83' lang='lat' dir='ltr'>loquitur,</span> <span class='ocrx_word' id='word_1_50' title='bbox 1195 517 1334 567; x_wconf 65' lang='lat' dir='ltr'>Naevi,</span> <span class='ocrx_word' id='word_1_51' title='bbox 1357 517 1716 573; x_wconf 86' lang='lat' dir='ltr'>quemadmodum</span> 
     </span>
     <span class='ocr_line' id='line_1_8' title="bbox 294 573 1719 631; baseline 0.001 -19"><span class='ocrx_word' id='word_1_52' title='bbox 294 583 340 613; x_wconf 80' lang='lat' dir='ltr'>tu</span> <span class='ocrx_word' id='word_1_53' title='bbox 372 584 509 628; x_wconf 80' lang='lat' dir='ltr'>putas.</span> <span class='ocrx_word' id='word_1_54' title='bbox 533 574 593 614; x_wconf 82' lang='lat' dir='ltr'>ais</span> <span class='ocrx_word' id='word_1_55' title='bbox 624 574 735 613; x_wconf 83' lang='lat' dir='ltr'>enim</span> <span class='ocrx_word' id='word_1_56' title='bbox 769 584 809 613; x_wconf 86' lang='lat' dir='ltr'>tc</span> <span class='ocrx_word' id='word_1_57' title='bbox 838 588 892 615; x_wconf 77' lang='lat' dir='ltr'>ex</span> <span class='ocrx_word' id='word_1_58' title='bbox 921 574 1064 614; x_wconf 81' lang='lat' dir='ltr'>edicto</span> <span class='ocrx_word' id='word_1_59' title='bbox 1086 575 1272 615; x_wconf 80' lang='lat' dir='ltr'>venisse:</span> <span class='ocrx_word' id='word_1_60' title='bbox 1308 575 1401 626; x_wconf 84' lang='lat' dir='ltr'>tibi,</span> <span class='ocrx_word' id='word_1_61' title='bbox 1435 575 1539 631; x_wconf 92' lang='lat' dir='ltr'>quid</span> <span class='ocrx_word' id='word_1_62' title='bbox 1572 573 1719 622; x_wconf 66' lang='lat' dir='ltr'>facias,</span> 
     </span>
     <span class='ocr_line' id='line_1_9' title="bbox 293 629 1717 686; baseline 0 -17"><span class='ocrx_word' id='word_1_63' title='bbox 293 629 467 671; x_wconf 85' lang='lat' dir='ltr'>definit:</span> <span class='ocrx_word' id='word_1_64' title='bbox 502 640 541 670; x_wconf 77' lang='lat' dir='ltr'>te</span> <span class='ocrx_word' id='word_1_65' title='bbox 572 630 771 678; x_wconf 77' lang='lat' dir='ltr'>instituit,</span> <span class='ocrx_word' id='word_1_66' title='bbox 802 630 879 670; x_wconf 86' lang='lat' dir='ltr'>tibi</span> <span class='ocrx_word' id='word_1_67' title='bbox 913 639 1126 686; x_wconf 80' lang='lat' dir='ltr'>praecepta</span> <span class='ocrx_word' id='word_1_68' title='bbox 1155 631 1242 672; x_wconf 81' lang='lat' dir='ltr'>dat.</span> <span class='ocrx_word' id='word_1_69' title='bbox 1277 645 1364 672; x_wconf 70' lang='lat' dir='ltr'>nos</span> <span class='ocrx_word' id='word_1_70' title='bbox 1392 645 1472 673; x_wconf 57' lang='lat' dir='ltr'>rra</span> <span class='ocrx_word' id='word_1_71' title='bbox 1498 641 1717 672; x_wconf 68' lang='lat' dir='ltr'>vinu-run</span> 
     </span>
     <span class='ocr_line' id='line_1_10' title="bbox 296 688 1719 740; baseline 0 -13"><span class='ocrx_word' id='word_1_72' title='bbox 296 700 348 727; x_wconf 77' lang='grc' dir='ltr'>ιΝ</span> <span class='ocrx_word' id='word_1_73' title='bbox 375 700 708 728; x_wconf 72' lang='grc' dir='ltr'><strong>ΡοεεΕεςιοΝΕ</strong></span> <span class='ocrx_word' id='word_1_74' title='bbox 737 700 851 728; x_wconf 82' lang='lat' dir='ltr'>ESSE</span> <span class='ocrx_word' id='word_1_75' title='bbox 877 700 1154 729; x_wconf 79' lang='lat' dir='ltr'>OPORTERE.</span> <span class='ocrx_word' id='word_1_76' title='bbox 1182 688 1440 735; x_wconf 81' lang='lat' dir='ltr'>Quomodo?</span> <span class='ocrx_word' id='word_1_77' title='bbox 1464 699 1598 740; x_wconf 64' lang='lat' dir='ltr'>ouon</span> <span class='ocrx_word' id='word_1_78' title='bbox 1623 699 1719 727; x_wconf 76' lang='lat'><em>11³1-</em></span> 
     </span>
     <span class='ocr_line' id='line_1_11' title="bbox 186 751 1720 795; baseline 0.002 -15"><span class='ocrx_word' id='word_1_79' title='bbox 186 751 399 791; x_wconf 55' lang='lat' dir='ltr'>,ststnmi</span> <span class='ocrx_word' id='word_1_80' title='bbox 434 756 591 784; x_wconf 81' lang='lat' dir='ltr'>RECTE</span> <span class='ocrx_word' id='word_1_81' title='bbox 627 757 904 785; x_wconf 69' lang='lat' dir='ltr'>cusronnuz</span> <span class='ocrx_word' id='word_1_82' title='bbox 937 757 1216 795; x_wconf 77' lang='lat' dir='ltr'>PoTERUNT,</span> <span class='ocrx_word' id='word_1_83' title='bbox 1248 758 1299 785; x_wconf 78' lang='grc' dir='ltr'>ιι)</span> <span class='ocrx_word' id='word_1_84' title='bbox 1335 757 1516 786; x_wconf 65' lang='lat' dir='ltr'>imnum</span> <span class='ocrx_word' id='word_1_85' title='bbox 1543 756 1720 785; x_wconf 83' lang='lat' dir='ltr'>cusTo-</span> 
     </span>
     <span class='ocr_line' id='line_1_12' title="bbox 251 802 1719 852; baseline 0.001 -12"><span class='ocrx_word' id='word_1_86' title='bbox 251 802 467 841; x_wconf 71' lang='lat' dir='ltr'>³·mANT.</span> <span class='ocrx_word' id='word_1_87' title='bbox 502 814 634 852; x_wconf 69' lang='lat' dir='ltr'>ouon</span> <span class='ocrx_word' id='word_1_88' title='bbox 672 813 774 841; x_wconf 75' lang='lat' dir='ltr'>NON</span> <span class='ocrx_word' id='word_1_89' title='bbox 813 814 1092 851; x_wconf 77' lang='lat' dir='ltr'>PoTERuNT‚</span> <span class='ocrx_word' id='word_1_90' title='bbox 1119 814 1170 842; x_wconf 80' lang='lat'>11)</span> <span class='ocrx_word' id='word_1_91' title='bbox 1207 814 1433 843; x_wconf 73' lang='lat' dir='ltr'><strong>AUFERRE</strong></span> <span class='ocrx_word' id='word_1_92' title='bbox 1473 814 1531 842; x_wconf 82' lang='grc' dir='ltr'>ΕΤ</span> <span class='ocrx_word' id='word_1_93' title='bbox 1565 813 1719 841; x_wconf 75' lang='lat' dir='ltr'>Annu-</span> 
     </span>
     <span class='ocr_line' id='line_1_13' title="bbox 297 858 1717 913; baseline 0.001 -16"><span class='ocrx_word' id='word_1_94' title='bbox 297 870 422 898; x_wconf 72' lang='lat' dir='ltr'>(tERE</span> <span class='ocrx_word' id='word_1_95' title='bbox 459 871 672 898; x_wconf 65' lang='lat' dir='ltr'>mesum.</span> <span class='ocrx_word' id='word_1_96' title='bbox 734 858 849 905; x_wconf 85' lang='lat' dir='ltr'>Quid</span> <span class='ocrx_word' id='word_1_97' title='bbox 883 861 1001 899; x_wconf 83' lang='lat' dir='ltr'>tum?</span> <span class='ocrx_word' id='word_1_98' title='bbox 1036 871 1296 909; x_wconf 77' lang='lat' dir='ltr'>DOMxNUM,</span> <span class='ocrx_word' id='word_1_99' title='bbox 1321 858 1475 913; x_wconf 87' lang='lat' dir='ltr'>inquit,</span> <span class='ocrx_word' id='word_1_100' title='bbox 1499 869 1717 899; x_wconf 80' lang='grc' dir='ltr'><strong>ιΝνιΤυΜ</strong></span> 
     </span>
     <span class='ocr_line' id='line_1_14' title="bbox 298 913 1718 971; baseline 0 -17"><span class='ocrx_word' id='word_1_101' title='bbox 298 927 595 955; x_wconf 77' lang='lat' dir='ltr'>DETRUDERE</span> <span class='ocrx_word' id='word_1_102' title='bbox 634 928 734 956; x_wconf 72' lang='lat' dir='ltr'>NON</span> <span class='ocrx_word' id='word_1_103' title='bbox 775 928 977 956; x_wconf 82' lang='lat' dir='ltr'><strong>PLACET.</strong></span> <span class='ocrx_word' id='word_1_104' title='bbox 1038 914 1147 956; x_wconf 90' lang='lat' dir='ltr'>Eum</span> <span class='ocrx_word' id='word_1_105' title='bbox 1187 916 1341 971; x_wconf 88' lang='lat' dir='ltr'>ipsum,</span> <span class='ocrx_word' id='word_1_106' title='bbox 1382 915 1454 970; x_wconf 90' lang='lat' dir='ltr'>qui</span> <span class='ocrx_word' id='word_1_107' title='bbox 1494 913 1718 955; x_wconf 83' lang='lat' dir='ltr'>fraudandi</span> 
     </span>
     <span class='ocr_line' id='line_1_15' title="bbox 293 969 1717 1027; baseline 0 -16"><span class='ocrx_word' id='word_1_108' title='bbox 293 985 442 1011; x_wconf 79' lang='lat' dir='ltr'>caussa</span> <span class='ocrx_word' id='word_1_109' title='bbox 473 971 631 1013; x_wconf 86' lang='lat' dir='ltr'>latitet:</span> <span class='ocrx_word' id='word_1_110' title='bbox 664 986 760 1012; x_wconf 88' lang='lat' dir='ltr'>eum</span> <span class='ocrx_word' id='word_1_111' title='bbox 794 972 948 1027; x_wconf 85' lang='lat' dir='ltr'>ipsum,</span> <span class='ocrx_word' id='word_1_112' title='bbox 981 986 1108 1026; x_wconf 87' lang='lat' dir='ltr'>quem</span> <span class='ocrx_word' id='word_1_113' title='bbox 1136 972 1305 1026; x_wconf 75' lang='lat' dir='ltr'>judicio</span> <span class='ocrx_word' id='word_1_114' title='bbox 1335 986 1461 1012; x_wconf 89' lang='lat' dir='ltr'>nemo</span> <span class='ocrx_word' id='word_1_115' title='bbox 1491 969 1717 1012; x_wconf 80' lang='lat' dir='ltr'>defendat:</span> 
     </span>
     <span class='ocr_line' id='line_1_16' title="bbox 293 1027 1717 1084; baseline -0.001 -17"><span class='ocrx_word' id='word_1_116' title='bbox 293 1042 390 1068; x_wconf 90' lang='lat' dir='ltr'>eum</span> <span class='ocrx_word' id='word_1_117' title='bbox 421 1028 575 1084; x_wconf 81' lang='lat' dir='ltr'>ipsum,</span> <span class='ocrx_word' id='word_1_118' title='bbox 598 1028 668 1083; x_wconf 88' lang='lat' dir='ltr'>qui</span> <span class='ocrx_word' id='word_1_119' title='bbox 693 1043 789 1069; x_wconf 89' lang='lat' dir='ltr'>cum</span> <span class='ocrx_word' id='word_1_120' title='bbox 813 1029 1012 1068; x_wconf 86' lang='lat' dir='ltr'>omnibus</span> <span class='ocrx_word' id='word_1_121' title='bbox 1034 1029 1316 1069; x_wconf 84' lang='lat' dir='ltr'>creditoribus</span> <span class='ocrx_word' id='word_1_122' title='bbox 1348 1028 1433 1068; x_wconf 89' lang='lat' dir='ltr'>suis</span> <span class='ocrx_word' id='word_1_123' title='bbox 1464 1027 1572 1069; x_wconf 85' lang='lat' dir='ltr'>male</span> <span class='ocrx_word' id='word_1_124' title='bbox 1602 1034 1717 1082; x_wconf 85' lang='lat' dir='ltr'>agat,</span> 
     </span>
     <span class='ocr_line' id='line_1_17' title="bbox 227 1084 1718 1140; baseline -0.001 -15"><span class='ocrx_word' id='word_1_125' title='bbox 227 1093 278 1129; x_wconf 82' lang='grc'>85</span> <span class='ocrx_word' id='word_1_126' title='bbox 295 1085 474 1125; x_wconf 88' lang='lat' dir='ltr'>invitum</span> <span class='ocrx_word' id='word_1_127' title='bbox 498 1086 549 1125; x_wconf 86' lang='lat' dir='ltr'>de</span> <span class='ocrx_word' id='word_1_128' title='bbox 572 1085 733 1139; x_wconf 75' lang='lat' dir='ltr'>praedio</span> <span class='ocrx_word' id='word_1_129' title='bbox 756 1085 923 1125; x_wconf 82' lang='lat' dir='ltr'>detrudi</span> <span class='ocrx_word' id='word_1_130' title='bbox 947 1094 1076 1125; x_wconf 79' lang='lat' dir='ltr'>vetat.</span> <span class='ocrx_word' id='word_1_131' title='bbox 1135 1084 1427 1126; x_wconf 81' lang='lat' dir='ltr'>Proficisceuti</span> <span class='ocrx_word' id='word_1_132' title='bbox 1451 1085 1530 1126; x_wconf 88' lang='lat' dir='ltr'>tibi</span> <span class='ocrx_word' id='word_1_133' title='bbox 1554 1084 1598 1125; x_wconf 86' lang='lat' dir='ltr'>in</span> <span class='ocrx_word' id='word_1_134' title='bbox 1620 1097 1718 1140; x_wconf 87' lang='lat' dir='ltr'>pos-</span> 
     </span>
     <span class='ocr_line' id='line_1_18' title="bbox 291 1139 1718 1197; baseline -0.001 -16"><span class='ocrx_word' id='word_1_135' title='bbox 291 1141 519 1182; x_wconf 80' lang='lat' dir='ltr'>sessionem</span> <span class='ocrx_word' id='word_1_136' title='bbox 553 1151 709 1196; x_wconf 82' lang='lat' dir='ltr'>praetor</span> <span class='ocrx_word' id='word_1_137' title='bbox 741 1142 844 1196; x_wconf 81' lang='lat' dir='ltr'>ipse,</span> <span class='ocrx_word' id='word_1_138' title='bbox 869 1142 969 1182; x_wconf 77' lang='lat' dir='ltr'>sex.</span> <span class='ocrx_word' id='word_1_139' title='bbox 996 1141 1137 1191; x_wconf 75' lang='lat' dir='ltr'>Naevi,</span> <span class='ocrx_word' id='word_1_140' title='bbox 1169 1142 1307 1197; x_wconf 83' lang='lat' dir='ltr'>palam</span> <span class='ocrx_word' id='word_1_141' title='bbox 1329 1142 1459 1183; x_wconf 88' lang='lat' dir='ltr'>dicit:</span> <span class='ocrx_word' id='word_1_142' title='bbox 1492 1141 1553 1182; x_wconf 86' lang='lat' dir='ltr'>ita</span> <span class='ocrx_word' id='word_1_143' title='bbox 1582 1139 1718 1196; x_wconf 89' lang='lat' dir='ltr'>possi-</span> 
     </span>
     <span class='ocr_line' id='line_1_19' title="bbox 289 1197 1718 1254; baseline 0 -17"><span class='ocrx_word' id='word_1_144' title='bbox 289 1198 403 1247; x_wconf 85' lang='lat' dir='ltr'>deto,</span> <span class='ocrx_word' id='word_1_145' title='bbox 427 1207 474 1238; x_wconf 88' lang='lat' dir='ltr'>ut</span> <span class='ocrx_word' id='word_1_146' title='bbox 501 1208 642 1239; x_wconf 86' lang='lat' dir='ltr'>tecum</span> <span class='ocrx_word' id='word_1_147' title='bbox 674 1198 799 1239; x_wconf 74' lang='lat' dir='ltr'>simul</span> <span class='ocrx_word' id='word_1_148' title='bbox 832 1198 1047 1254; x_wconf 85' lang='lat' dir='ltr'>possideat</span> <span class='ocrx_word' id='word_1_149' title='bbox 1071 1198 1302 1245; x_wconf 84' lang='lat' dir='ltr'>Quintius:</span> <span class='ocrx_word' id='word_1_150' title='bbox 1335 1198 1395 1239; x_wconf 86' lang='lat' dir='ltr'>ita</span> <span class='ocrx_word' id='word_1_151' title='bbox 1416 1197 1647 1254; x_wconf 87' lang='lat' dir='ltr'>possideto,</span> <span class='ocrx_word' id='word_1_152' title='bbox 1669 1204 1718 1237; x_wconf 89' lang='lat' dir='ltr'>ut</span> 
     </span>
     <span class='ocr_line' id='line_1_20' title="bbox 290 1253 1718 1310; baseline 0 -16"><span class='ocrx_word' id='word_1_153' title='bbox 290 1255 472 1300; x_wconf 80' lang='lat' dir='ltr'>Quintio</span> <span class='ocrx_word' id='word_1_154' title='bbox 503 1255 616 1295; x_wconf 76' lang='lat' dir='ltr'>88vis</span> <span class='ocrx_word' id='word_1_155' title='bbox 647 1270 700 1295; x_wconf 86' lang='lat' dir='ltr'>ne</span> <span class='ocrx_word' id='word_1_156' title='bbox 738 1254 952 1296; x_wconf 77' lang='lat' dir='ltr'>afferatur.</span> <span class='ocrx_word' id='word_1_157' title='bbox 1013 1255 1155 1301; x_wconf 84' lang='lat' dir='ltr'>Quid?</span> <span class='ocrx_word' id='word_1_158' title='bbox 1190 1266 1233 1295; x_wconf 89' lang='lat' dir='ltr'>tu</span> <span class='ocrx_word' id='word_1_159' title='bbox 1277 1255 1317 1296; x_wconf 88' lang='lat' dir='ltr'>id</span> <span class='ocrx_word' id='word_1_160' title='bbox 1356 1253 1718 1310; x_wconf 85' lang='lat' dir='ltr'>quemadmodum</span> 
     </span>
     <span class='ocr_line' id='line_1_21' title="bbox 287 1310 1718 1367; baseline 0 -16"><span class='ocrx_word' id='word_1_161' title='bbox 287 1312 513 1352; x_wconf 79' lang='lat' dir='ltr'>observas?</span> <span class='ocrx_word' id='word_1_162' title='bbox 547 1312 670 1352; x_wconf 84' lang='lat' dir='ltr'>mitto</span> <span class='ocrx_word' id='word_1_163' title='bbox 705 1311 805 1352; x_wconf 87' lang='lat' dir='ltr'>illud</span> <span class='ocrx_word' id='word_1_164' title='bbox 842 1312 997 1362; x_wconf 81' lang='lat' dir='ltr'>dicere,</span> <span class='ocrx_word' id='word_1_165' title='bbox 1032 1325 1144 1363; x_wconf 85' lang='lat' dir='ltr'>eum,</span> <span class='ocrx_word' id='word_1_166' title='bbox 1182 1313 1254 1367; x_wconf 91' lang='lat' dir='ltr'>qui</span> <span class='ocrx_word' id='word_1_167' title='bbox 1295 1326 1382 1352; x_wconf 86' lang='lat' dir='ltr'>non</span> <span class='ocrx_word' id='word_1_168' title='bbox 1421 1311 1612 1362; x_wconf 83' lang='lat' dir='ltr'>latitarit,</span> <span class='ocrx_word' id='word_1_169' title='bbox 1646 1310 1718 1351; x_wconf 91' lang='lat' dir='ltr'>cui</span> 
     </span>
     <span class='ocr_line' id='line_1_22' title="bbox 288 1367 1716 1424; baseline 0 -16"><span class='ocrx_word' id='word_1_170' title='bbox 288 1367 442 1409; x_wconf 82' lang='lat' dir='ltr'>Romae</span> <span class='ocrx_word' id='word_1_171' title='bbox 472 1369 638 1418; x_wconf 81' lang='lat' dir='ltr'>domus,</span> <span class='ocrx_word' id='word_1_172' title='bbox 662 1383 785 1419; x_wconf 80' lang='lat' dir='ltr'>uxor,</span> <span class='ocrx_word' id='word_1_173' title='bbox 808 1368 943 1419; x_wconf 86' lang='lat' dir='ltr'>liberi,</span> <span class='ocrx_word' id='word_1_174' title='bbox 967 1378 1217 1424; x_wconf 82' lang='lat' dir='ltr'>procurator</span> <span class='ocrx_word' id='word_1_175' title='bbox 1239 1377 1374 1409; x_wconf 86' lang='lat' dir='ltr'>esset:</span> <span class='ocrx_word' id='word_1_176' title='bbox 1405 1382 1518 1418; x_wconf 90' lang='lat' dir='ltr'>eum,</span> <span class='ocrx_word' id='word_1_177' title='bbox 1540 1367 1613 1422; x_wconf 90' lang='lat' dir='ltr'>qui</span> <span class='ocrx_word' id='word_1_178' title='bbox 1636 1367 1716 1408; x_wconf 89' lang='lat' dir='ltr'>tibi</span> 
     </span>
     <span class='ocr_line' id='line_1_23' title="bbox 288 1424 1715 1474; baseline 0.001 -10"><span class='ocrx_word' id='word_1_179' title='bbox 288 1425 578 1466; x_wconf 76' lang='lat' dir='ltr'>vadimonium</span> <span class='ocrx_word' id='word_1_180' title='bbox 603 1441 687 1466; x_wconf 86' lang='lat' dir='ltr'>non</span> <span class='ocrx_word' id='word_1_181' title='bbox 710 1426 986 1467; x_wconf 81' lang='lat' dir='ltr'>deseruisset:</span> <span class='ocrx_word' id='word_1_182' title='bbox 1015 1426 1108 1466; x_wconf 83' lang='lat' dir='ltr'>haec</span> <span class='ocrx_word' id='word_1_183' title='bbox 1130 1426 1275 1466; x_wconf 82' lang='lat' dir='ltr'>omnia</span> <span class='ocrx_word' id='word_1_184' title='bbox 1297 1425 1445 1466; x_wconf 86' lang='lat' dir='ltr'>mitto:</span> <span class='ocrx_word' id='word_1_185' title='bbox 1478 1424 1579 1465; x_wconf 92' lang='lat' dir='ltr'>illud</span> <span class='ocrx_word' id='word_1_186' title='bbox 1601 1424 1715 1474; x_wconf 91' lang='lat' dir='ltr'>dico,</span> 
     </span>
     <span class='ocr_line' id='line_1_24' title="bbox 286 1480 1718 1538; baseline 0 -17"><span class='ocrx_word' id='word_1_187' title='bbox 286 1482 508 1522; x_wconf 87' lang='lat' dir='ltr'>dominum</span> <span class='ocrx_word' id='word_1_188' title='bbox 534 1482 760 1538; x_wconf 80' lang='lat' dir='ltr'>expulsum</span> <span class='ocrx_word' id='word_1_189' title='bbox 791 1496 881 1523; x_wconf 88' lang='lat' dir='ltr'>esse</span> <span class='ocrx_word' id='word_1_190' title='bbox 912 1483 964 1523; x_wconf 88' lang='lat' dir='ltr'>de</span> <span class='ocrx_word' id='word_1_191' title='bbox 996 1482 1183 1538; x_wconf 81' lang='lat' dir='ltr'>praedio;</span> <span class='ocrx_word' id='word_1_192' title='bbox 1214 1483 1390 1523; x_wconf 86' lang='lat' dir='ltr'>domino</span> <span class='ocrx_word' id='word_1_193' title='bbox 1413 1497 1438 1522; x_wconf 90' lang='lat' dir='ltr'>a</span> <span class='ocrx_word' id='word_1_194' title='bbox 1459 1480 1621 1523; x_wconf 81' lang='lat' dir='ltr'>familia</span> <span class='ocrx_word' id='word_1_195' title='bbox 1641 1494 1718 1521; x_wconf 87' lang='lat' dir='ltr'>sua</span> 
     </span>
    </p>
   </div>
   <div class='ocr_carea' id='block_1_3' title="bbox 287 1537 1666 1633">
    <p class='ocr_par' dir='ltr' id='par_1_3' title="bbox 287 1537 1666 1633">
     <span class='ocr_line' id='line_1_25' title="bbox 287 1537 1666 1580; baseline -0.001 -1"><span class='ocrx_word' id='word_1_196' title='bbox 287 1553 436 1580; x_wconf 83' lang='lat' dir='ltr'>manus</span> <span class='ocrx_word' id='word_1_197' title='bbox 458 1539 604 1580; x_wconf 83' lang='lat' dir='ltr'>allatas</span> <span class='ocrx_word' id='word_1_198' title='bbox 626 1553 716 1580; x_wconf 86' lang='lat' dir='ltr'>csse</span> <span class='ocrx_word' id='word_1_199' title='bbox 737 1550 835 1580; x_wconf 87' lang='lat' dir='ltr'>ante</span> <span class='ocrx_word' id='word_1_200' title='bbox 858 1553 955 1580; x_wconf 87' lang='lat' dir='ltr'>suos</span> <span class='ocrx_word' id='word_1_201' title='bbox 981 1540 1108 1580; x_wconf 82' lang='lat' dir='ltr'>Lares</span> <span class='ocrx_word' id='word_1_202' title='bbox 1130 1538 1373 1580; x_wconf 78' lang='lat' dir='ltr'>familiares.</span> <span class='ocrx_word' id='word_1_203' title='bbox 1395 1542 1436 1574; x_wconf 75' lang='lat'>89</span> <span class='ocrx_word' id='word_1_204' title='bbox 1449 1538 1532 1580; x_wconf 93' lang='lat' dir='ltr'>hoc</span> <span class='ocrx_word' id='word_1_205' title='bbox 1553 1537 1666 1579; x_wconf 89' lang='lat' dir='ltr'>dico.</span> 
     </span>
     <span class='ocr_line' id='line_1_26' title="bbox 341 1604 1638 1633; baseline -0.001 -1"><span class='ocrx_word' id='word_1_206' title='bbox 341 1604 1638 1633; x_wconf 66' lang='lat' dir='ltr'>**2nr=u=*=u·=n=*=x-²n==¹=*</span> 
     </span>
    </p>
   </div>
   <div class='ocr_carea' id='block_1_4' title="bbox 199 1661 1716 2519">
    <p class='ocr_par' dir='ltr' id='par_1_4' title="bbox 199 1661 1716 2161">
     <span class='ocr_line' id='line_1_27' title="bbox 199 1661 1714 1720; baseline -0.001 -15"><span class='ocrx_word' id='word_1_207' title='bbox 199 1669 270 1720; x_wconf 72' lang='lat'>28</span> <span class='ocrx_word' id='word_1_208' title='bbox 341 1663 368 1690; x_wconf 77' lang='lat'>&#39;¹‘</span> <span class='ocrx_word' id='word_1_209' title='bbox 400 1663 601 1705; x_wconf 85' lang='lat' dir='ltr'>Naevium</span> <span class='ocrx_word' id='word_1_210' title='bbox 633 1678 686 1704; x_wconf 85' lang='lat' dir='ltr'>ne</span> <span class='ocrx_word' id='word_1_211' title='bbox 720 1664 952 1720; x_wconf 80' lang='lat' dir='ltr'>appellasse</span> <span class='ocrx_word' id='word_1_212' title='bbox 980 1663 1153 1719; x_wconf 89' lang='lat' dir='ltr'>quidem</span> <span class='ocrx_word' id='word_1_213' title='bbox 1186 1663 1431 1714; x_wconf 82' lang='lat' dir='ltr'>Quintium,</span> <span class='ocrx_word' id='word_1_214' title='bbox 1461 1677 1559 1704; x_wconf 91' lang='lat' dir='ltr'>cum</span> <span class='ocrx_word' id='word_1_215' title='bbox 1589 1661 1714 1704; x_wconf 86' lang='lat' dir='ltr'>simul</span> 
     </span>
     <span class='ocr_line' id='line_1_28' title="bbox 282 1718 1715 1777; baseline -0.001 -16"><span class='ocrx_word' id='word_1_216' title='bbox 282 1730 406 1771; x_wconf 86' lang='lat' dir='ltr'>esset,</span> <span class='ocrx_word' id='word_1_217' title='bbox 429 1721 611 1777; x_wconf 86' lang='lat' dir='ltr'>experiri</span> <span class='ocrx_word' id='word_1_218' title='bbox 638 1731 781 1776; x_wconf 83' lang='lat' dir='ltr'>posset</span> <span class='ocrx_word' id='word_1_219' title='bbox 807 1721 1025 1777; x_wconf 88' lang='lat' dir='ltr'>quotidie:</span> <span class='ocrx_word' id='word_1_220' title='bbox 1058 1720 1210 1762; x_wconf 91' lang='lat' dir='ltr'>deinde</span> <span class='ocrx_word' id='word_1_221' title='bbox 1241 1721 1355 1775; x_wconf 91' lang='lat' dir='ltr'>quod</span> <span class='ocrx_word' id='word_1_222' title='bbox 1379 1719 1523 1762; x_wconf 86' lang='lat' dir='ltr'>omnia</span> <span class='ocrx_word' id='word_1_223' title='bbox 1546 1718 1715 1775; x_wconf 87' lang='lat' dir='ltr'>judicia</span> 
     </span>
     <span class='ocr_line' id='line_1_29' title="bbox 282 1775 1714 1832; baseline 0 -14"><span class='ocrx_word' id='word_1_224' title='bbox 282 1777 548 1828; x_wconf 80' lang='lat' dir='ltr'>difficillima,</span> <span class='ocrx_word' id='word_1_225' title='bbox 578 1792 675 1819; x_wconf 90' lang='lat' dir='ltr'>cum</span> <span class='ocrx_word' id='word_1_226' title='bbox 708 1792 874 1819; x_wconf 87' lang='lat' dir='ltr'>summa</span> <span class='ocrx_word' id='word_1_227' title='bbox 904 1793 980 1819; x_wconf 86' lang='lat' dir='ltr'>sua</span> <span class='ocrx_word' id='word_1_228' title='bbox 1009 1777 1184 1828; x_wconf 86' lang='lat' dir='ltr'>invidia,</span> <span class='ocrx_word' id='word_1_229' title='bbox 1216 1778 1491 1832; x_wconf 81' lang='lat' dir='ltr'>maximoque</span> <span class='ocrx_word' id='word_1_230' title='bbox 1524 1775 1714 1832; x_wconf 88' lang='lat' dir='ltr'>periculo</span> 
     </span>
     <span class='ocr_line' id='line_1_30' title="bbox 284 1833 1713 1890; baseline -0.001 -15"><span class='ocrx_word' id='word_1_231' title='bbox 284 1834 334 1875; x_wconf 91' lang='lat' dir='ltr'>P.</span> <span class='ocrx_word' id='word_1_232' title='bbox 363 1835 533 1881; x_wconf 81' lang='lat' dir='ltr'>Quintii</span> <span class='ocrx_word' id='word_1_233' title='bbox 566 1835 655 1876; x_wconf 85' lang='lat' dir='ltr'>fieri</span> <span class='ocrx_word' id='word_1_234' title='bbox 683 1835 841 1886; x_wconf 88' lang='lat' dir='ltr'>mallet,</span> <span class='ocrx_word' id='word_1_235' title='bbox 873 1849 1001 1890; x_wconf 88' lang='lat' dir='ltr'>quam</span> <span class='ocrx_word' id='word_1_236' title='bbox 1033 1834 1134 1875; x_wconf 90' lang='lat' dir='ltr'>illud</span> <span class='ocrx_word' id='word_1_237' title='bbox 1166 1834 1458 1890; x_wconf 87' lang='lat' dir='ltr'>pecuniarium</span> <span class='ocrx_word' id='word_1_238' title='bbox 1481 1833 1713 1889; x_wconf 88' lang='lat' dir='ltr'>judicium,</span> 
     </span>
     <span class='ocr_line' id='line_1_31' title="bbox 280 1890 1716 1948; baseline -0.001 -16"><span class='ocrx_word' id='word_1_239' title='bbox 280 1892 395 1947; x_wconf 91' lang='lat' dir='ltr'>quod</span> <span class='ocrx_word' id='word_1_240' title='bbox 419 1906 503 1933; x_wconf 90' lang='lat' dir='ltr'>uno</span> <span class='ocrx_word' id='word_1_241' title='bbox 526 1891 595 1933; x_wconf 91' lang='lat' dir='ltr'>die</span> <span class='ocrx_word' id='word_1_242' title='bbox 626 1892 805 1948; x_wconf 82' lang='lat' dir='ltr'>transigi</span> <span class='ocrx_word' id='word_1_243' title='bbox 837 1900 1005 1948; x_wconf 90' lang='lat' dir='ltr'>posset:</span> <span class='ocrx_word' id='word_1_244' title='bbox 1037 1906 1092 1933; x_wconf 88' lang='lat' dir='ltr'>ex</span> <span class='ocrx_word' id='word_1_245' title='bbox 1115 1906 1200 1947; x_wconf 85' lang='lat' dir='ltr'>quo</span> <span class='ocrx_word' id='word_1_246' title='bbox 1223 1906 1308 1932; x_wconf 87' lang='lat' dir='ltr'>uno</span> <span class='ocrx_word' id='word_1_247' title='bbox 1330 1891 1425 1932; x_wconf 84' lang='lat' dir='ltr'>haec</span> <span class='ocrx_word' id='word_1_248' title='bbox 1448 1890 1593 1932; x_wconf 87' lang='lat' dir='ltr'>omnia</span> <span class='ocrx_word' id='word_1_249' title='bbox 1612 1897 1716 1932; x_wconf 87' lang='lat' dir='ltr'>nata</span> 
     </span>
     <span class='ocr_line' id='line_1_32' title="bbox 279 1946 1711 2004; baseline -0.001 -15"><span class='ocrx_word' id='word_1_250' title='bbox 279 1957 324 1989; x_wconf 92' lang='lat' dir='ltr'>et</span> <span class='ocrx_word' id='word_1_251' title='bbox 383 1948 547 1990; x_wconf 83' lang='lat' dir='ltr'>rofecta</span> <span class='ocrx_word' id='word_1_252' title='bbox 566 1963 657 1990; x_wconf 89' lang='lat' dir='ltr'>esse</span> <span class='ocrx_word' id='word_1_253' title='bbox 682 1949 895 1990; x_wconf 89' lang='lat' dir='ltr'>concedit.</span> <span class='ocrx_word' id='word_1_254' title='bbox 919 1963 1004 2004; x_wconf 93' lang='lat' dir='ltr'>quo</span> <span class='ocrx_word' id='word_1_255' title='bbox 1029 1948 1072 1989; x_wconf 89' lang='lat' dir='ltr'>in</span> <span class='ocrx_word' id='word_1_256' title='bbox 1103 1948 1198 1990; x_wconf 90' lang='lat' dir='ltr'>loco</span> <span class='ocrx_word' id='word_1_257' title='bbox 1230 1948 1522 1990; x_wconf 90' lang='lat' dir='ltr'>conditionem</span> <span class='ocrx_word' id='word_1_258' title='bbox 1552 1946 1645 1998; x_wconf 87' lang='lat' dir='ltr'>tuli,</span> <span class='ocrx_word' id='word_1_259' title='bbox 1676 1946 1711 1988; x_wconf 90' lang='lat' dir='ltr'>si</span> 
     </span>
     <span class='ocr_line' id='line_1_33' title="bbox 278 2003 1712 2062; baseline -0.001 -16"><span class='ocrx_word' id='word_1_260' title='bbox 278 2004 345 2046; x_wconf 90' lang='lat' dir='ltr'>vel</span> <span class='ocrx_word' id='word_1_261' title='bbox 363 2013 406 2046; x_wconf 86' lang='lat' dir='ltr'>et</span> <span class='ocrx_word' id='word_1_262' title='bbox 427 2005 653 2062; x_wconf 86' lang='lat' dir='ltr'>pecuniam</span> <span class='ocrx_word' id='word_1_263' title='bbox 677 2014 834 2062; x_wconf 86' lang='lat' dir='ltr'>petere,</span> <span class='ocrx_word' id='word_1_264' title='bbox 860 2005 910 2046; x_wconf 93' lang='lat' dir='ltr'>P.</span> <span class='ocrx_word' id='word_1_265' title='bbox 934 2005 1164 2052; x_wconf 85' lang='lat' dir='ltr'>Quintium</span> <span class='ocrx_word' id='word_1_266' title='bbox 1189 2005 1433 2060; x_wconf 81' lang='lat' dir='ltr'>judicatum</span> <span class='ocrx_word' id='word_1_267' title='bbox 1460 2004 1566 2046; x_wconf 86' lang='lat' dir='ltr'>solvi</span> <span class='ocrx_word' id='word_1_268' title='bbox 1589 2003 1712 2045; x_wconf 85' lang='lat' dir='ltr'>satis-</span> 
     </span>
     <span class='ocr_line' id='line_1_34' title="bbox 278 2062 1710 2119; baseline -0.001 -15"><span class='ocrx_word' id='word_1_269' title='bbox 278 2062 492 2115; x_wconf 86' lang='lat' dir='ltr'>daturum,</span> <span class='ocrx_word' id='word_1_270' title='bbox 514 2063 617 2105; x_wconf 89' lang='lat' dir='ltr'>dum</span> <span class='ocrx_word' id='word_1_271' title='bbox 640 2063 745 2119; x_wconf 88' lang='lat' dir='ltr'>ipse,</span> <span class='ocrx_word' id='word_1_272' title='bbox 777 2063 811 2104; x_wconf 92' lang='lat' dir='ltr'>si</span> <span class='ocrx_word' id='word_1_273' title='bbox 842 2063 945 2119; x_wconf 87' lang='lat' dir='ltr'>quid</span> <span class='ocrx_word' id='word_1_274' title='bbox 977 2071 1154 2119; x_wconf 79' lang='lat' dir='ltr'>peteret,</span> <span class='ocrx_word' id='word_1_275' title='bbox 1181 2063 1271 2119; x_wconf 84' lang='lat' dir='ltr'>pari</span> <span class='ocrx_word' id='word_1_276' title='bbox 1294 2062 1542 2104; x_wconf 87' lang='lat' dir='ltr'>conditione</span> <span class='ocrx_word' id='word_1_277' title='bbox 1571 2069 1710 2102; x_wconf 87' lang='lat' dir='ltr'>utere-</span> 
     </span>
     <span class='ocr_line' id='line_1_35' title="bbox 280 2130 363 2161; baseline 0.012 -1"><span class='ocrx_word' id='word_1_278' title='bbox 280 2130 363 2161; x_wconf 90' lang='lat' dir='ltr'>tur.</span> 
     </span>
    </p>

    <p class='ocr_par' dir='ltr' id='par_1_5' title="bbox 215 2174 1711 2233">
     <span class='ocr_line' id='line_1_36' title="bbox 215 2174 1711 2233; baseline -0.004 -12"><span class='ocrx_word' id='word_1_279' title='bbox 215 2179 270 2221; x_wconf 69' lang='lat'>86</span> <span class='ocrx_word' id='word_1_280' title='bbox 340 2176 538 2229; x_wconf 88' lang='lat' dir='ltr'>Ostendi,</span> <span class='ocrx_word' id='word_1_281' title='bbox 556 2191 683 2233; x_wconf 87' lang='lat' dir='ltr'>quam</span> <span class='ocrx_word' id='word_1_282' title='bbox 702 2177 837 2218; x_wconf 88' lang='lat' dir='ltr'>multa</span> <span class='ocrx_word' id='word_1_283' title='bbox 858 2186 957 2219; x_wconf 88' lang='lat' dir='ltr'>ante</span> <span class='ocrx_word' id='word_1_284' title='bbox 978 2177 1068 2218; x_wconf 91' lang='lat' dir='ltr'>fieri</span> <span class='ocrx_word' id='word_1_285' title='bbox 1092 2177 1355 2229; x_wconf 87' lang='lat' dir='ltr'>convenerit,</span> <span class='ocrx_word' id='word_1_286' title='bbox 1374 2191 1503 2232; x_wconf 88' lang='lat' dir='ltr'>quam</span> <span class='ocrx_word' id='word_1_287' title='bbox 1523 2174 1711 2217; x_wconf 89' lang='lat' dir='ltr'>hominis</span> 
     </span>
    </p>

    <p class='ocr_par' dir='ltr' id='par_1_6' title="bbox 236 2233 1712 2519">
     <span class='ocr_line' id='line_1_37' title="bbox 312 2233 1712 2291; baseline 0 -17"><span class='ocrx_word' id='word_1_288' title='bbox 312 2234 511 2290; x_wconf 88' lang='lat' dir='ltr'>ropinqui</span> <span class='ocrx_word' id='word_1_289' title='bbox 552 2235 665 2276; x_wconf 88' lang='lat' dir='ltr'>bona</span> <span class='ocrx_word' id='word_1_290' title='bbox 702 2235 908 2290; x_wconf 87' lang='lat' dir='ltr'>possideri</span> <span class='ocrx_word' id='word_1_291' title='bbox 947 2235 1287 2290; x_wconf 85' lang='lat' dir='ltr'>postularentur:</span> <span class='ocrx_word' id='word_1_292' title='bbox 1336 2233 1574 2291; x_wconf 87' lang='lat' dir='ltr'>praesertim</span> <span class='ocrx_word' id='word_1_293' title='bbox 1610 2246 1712 2275; x_wconf 88' lang='lat' dir='ltr'>cum</span> 
     </span>
     <span class='ocr_line' id='line_1_38' title="bbox 280 2248 1711 2348; baseline -0.001 -16"><span class='ocrx_word' id='word_1_294' title='bbox 280 2248 434 2332; x_wconf 52' lang='lat' dir='ltr'>{zomae</span> <span class='ocrx_word' id='word_1_295' title='bbox 465 2291 617 2332; x_wconf 90' lang='lat' dir='ltr'>domus</span> <span class='ocrx_word' id='word_1_296' title='bbox 638 2291 745 2346; x_wconf 85' lang='lat' dir='ltr'>ejus,</span> <span class='ocrx_word' id='word_1_297' title='bbox 768 2306 892 2342; x_wconf 87' lang='lat' dir='ltr'>uxor,</span> <span class='ocrx_word' id='word_1_298' title='bbox 915 2291 1036 2333; x_wconf 84' lang='lat' dir='ltr'>liberi</span> <span class='ocrx_word' id='word_1_299' title='bbox 1059 2301 1212 2344; x_wconf 84' lang='lat' dir='ltr'>essent,</span> <span class='ocrx_word' id='word_1_300' title='bbox 1234 2301 1278 2333; x_wconf 88' lang='lat' dir='ltr'>et</span> <span class='ocrx_word' id='word_1_301' title='bbox 1311 2298 1559 2348; x_wconf 86' lang='lat' dir='ltr'>procurator</span> <span class='ocrx_word' id='word_1_302' title='bbox 1588 2302 1711 2345; x_wconf 87' lang='lat' dir='ltr'>aeque</span> 
     </span>
     <span class='ocr_line' id='line_1_39' title="bbox 279 2346 1710 2403; baseline -0.001 -15"><span class='ocrx_word' id='word_1_303' title='bbox 279 2348 499 2403; x_wconf 89' lang='lat' dir='ltr'>utriusque</span> <span class='ocrx_word' id='word_1_304' title='bbox 540 2349 814 2390; x_wconf 86' lang='lat' dir='ltr'>necessarius.</span> <span class='ocrx_word' id='word_1_305' title='bbox 877 2347 1035 2400; x_wconf 68' lang='lat' dir='ltr'>Domi,</span> <span class='ocrx_word' id='word_1_306' title='bbox 1073 2364 1173 2390; x_wconf 86' lang='lat' dir='ltr'>cum</span> <span class='ocrx_word' id='word_1_307' title='bbox 1211 2349 1425 2390; x_wconf 84' lang='lat' dir='ltr'>desertum</span> <span class='ocrx_word' id='word_1_308' title='bbox 1462 2361 1552 2388; x_wconf 85' lang='lat' dir='ltr'>esse</span> <span class='ocrx_word' id='word_1_309' title='bbox 1592 2346 1710 2388; x_wconf 87' lang='lat' dir='ltr'>dicat</span> 
     </span>
     <span class='ocr_line' id='line_1_40' title="bbox 278 2403 1711 2459; baseline -0.001 -14"><span class='ocrx_word' id='word_1_310' title='bbox 278 2404 586 2456; x_wconf 88' lang='lat' dir='ltr'>vadimonium,</span> <span class='ocrx_word' id='word_1_311' title='bbox 636 2406 813 2446; x_wconf 88' lang='lat' dir='ltr'>omnino</span> <span class='ocrx_word' id='word_1_312' title='bbox 863 2406 1156 2447; x_wconf 85' lang='lat' dir='ltr'>vadimonium</span> <span class='ocrx_word' id='word_1_313' title='bbox 1209 2405 1373 2446; x_wconf 89' lang='lat' dir='ltr'>nullum</span> <span class='ocrx_word' id='word_1_314' title='bbox 1418 2403 1572 2446; x_wconf 86' lang='lat' dir='ltr'>fuisse:</span> <span class='ocrx_word' id='word_1_315' title='bbox 1623 2417 1711 2459; x_wconf 90' lang='lat' dir='ltr'>quo</span> 
     </span>
     <span class='ocr_line' id='line_1_41' title="bbox 236 2459 1709 2519; baseline -0.001 -17"><span class='ocrx_word' id='word_1_316' title='bbox 236 2461 266 2491; x_wconf 81' lang='lat' dir='ltr'>b·</span> <span class='ocrx_word' id='word_1_317' title='bbox 279 2461 348 2502; x_wconf 90' lang='lat' dir='ltr'>die</span> <span class='ocrx_word' id='word_1_318' title='bbox 380 2461 494 2503; x_wconf 87' lang='lat' dir='ltr'>hunc</span> <span class='ocrx_word' id='word_1_319' title='bbox 525 2463 606 2504; x_wconf 87' lang='lat' dir='ltr'>sibi</span> <span class='ocrx_word' id='word_1_320' title='bbox 641 2462 887 2519; x_wconf 85' lang='lat' dir='ltr'>promisisse</span> <span class='ocrx_word' id='word_1_321' title='bbox 914 2463 1044 2514; x_wconf 85' lang='lat' dir='ltr'>dicat,</span> <span class='ocrx_word' id='word_1_322' title='bbox 1069 2477 1119 2505; x_wconf 88' lang='lat' dir='ltr'>eo</span> <span class='ocrx_word' id='word_1_323' title='bbox 1154 2462 1224 2505; x_wconf 91' lang='lat' dir='ltr'>die</span> <span class='ocrx_word' id='word_1_324' title='bbox 1257 2476 1311 2504; x_wconf 89' lang='lat' dir='ltr'>ne</span> <span class='ocrx_word' id='word_1_325' title='bbox 1346 2461 1500 2503; x_wconf 87' lang='lat' dir='ltr'>Romae</span> <span class='ocrx_word' id='word_1_326' title='bbox 1535 2459 1709 2516; x_wconf 88' lang='lat' dir='ltr'>quidem</span> 
     </span>
    </p>
   </div>
   <div class='ocr_carea' id='block_1_5' title="bbox 271 2573 1710 2908">
    <p class='ocr_par' dir='ltr' id='par_1_7' title="bbox 278 2573 1709 2613">
     <span class='ocr_line' id='line_1_42' title="bbox 278 2573 1709 2613; baseline -0.001 -9"><span class='ocrx_word' id='word_1_327' title='bbox 278 2573 411 2605; x_wconf 82' lang='lat' dir='ltr'>habent.</span> <span class='ocrx_word' id='word_1_328' title='bbox 454 2574 517 2605; x_wconf 88' lang='lat' dir='ltr'>Sed</span> <span class='ocrx_word' id='word_1_329' title='bbox 533 2575 605 2607; x_wconf 87' lang='lat' dir='ltr'>edd.</span> <span class='ocrx_word' id='word_1_330' title='bbox 625 2579 706 2606; x_wconf 80' lang='lat' dir='ltr'>vett.</span> <span class='ocrx_word' id='word_1_331' title='bbox 723 2576 817 2607; x_wconf 85' lang='lat' dir='ltr'>valde</span> <span class='ocrx_word' id='word_1_332' title='bbox 830 2576 971 2613; x_wconf 87' lang='lat' dir='ltr'>variant,</span> <span class='ocrx_word' id='word_1_333' title='bbox 1014 2577 1055 2607; x_wconf 86' lang='lat' dir='ltr'>ab</span> <span class='ocrx_word' id='word_1_334' title='bbox 1069 2576 1283 2607; x_wconf 84' lang='lat' dir='ltr'>Hotomanno</span> <span class='ocrx_word' id='word_1_335' title='bbox 1298 2586 1315 2606; x_wconf 90' lang='lat' dir='ltr'>e</span> <span class='ocrx_word' id='word_1_336' title='bbox 1330 2575 1410 2606; x_wconf 90' lang='lat' dir='ltr'>Cod.</span> <span class='ocrx_word' id='word_1_337' title='bbox 1425 2574 1489 2605; x_wconf 90' lang='lat' dir='ltr'>Ms.</span> <span class='ocrx_word' id='word_1_338' title='bbox 1505 2574 1557 2604; x_wconf 87' lang='lat' dir='ltr'>cui</span> <span class='ocrx_word' id='word_1_339' title='bbox 1572 2582 1709 2604; x_wconf 82' lang='lat' dir='ltr'>consen-</span> 
     </span>
    </p>

    <p class='ocr_par' dir='ltr' id='par_1_8' title="bbox 277 2616 1622 2659">
     <span class='ocr_line' id='line_1_43' title="bbox 277 2616 1622 2659; baseline 0 -13"><span class='ocrx_word' id='word_1_340' title='bbox 277 2622 316 2647; x_wconf 87' lang='lat' dir='ltr'>ut</span> <span class='ocrx_word' id='word_1_341' title='bbox 339 2617 372 2646; x_wconf 90' lang='lat' dir='ltr'>in</span> <span class='ocrx_word' id='word_1_342' title='bbox 393 2616 514 2647; x_wconf 83' lang='lat' dir='ltr'>talibus</span> <span class='ocrx_word' id='word_1_343' title='bbox 535 2627 619 2658; x_wconf 85' lang='lat' dir='ltr'>saepe</span> <span class='ocrx_word' id='word_1_344' title='bbox 641 2618 731 2648; x_wconf 80' lang='lat' dir='ltr'>alias.</span> <span class='ocrx_word' id='word_1_345' title='bbox 776 2618 847 2649; x_wconf 83' lang='lat' dir='ltr'>vid.</span> <span class='ocrx_word' id='word_1_346' title='bbox 875 2628 973 2659; x_wconf 84' lang='lat' dir='ltr'>supra</span> <span class='ocrx_word' id='word_1_347' title='bbox 1014 2620 1059 2649; x_wconf 79' lang='lat' dir='ltr'>tit</span> <span class='ocrx_word' id='word_1_348' title='bbox 1073 2619 1131 2649; x_wconf 89' lang='lat' dir='ltr'>Dr.</span> <span class='ocrx_word' id='word_1_349' title='bbox 1147 2618 1243 2658; x_wconf 84' lang='lat' dir='ltr'>idque</span> <span class='ocrx_word' id='word_1_350' title='bbox 1258 2618 1427 2658; x_wconf 86' lang='lat' dir='ltr'>sequentia</span> <span class='ocrx_word' id='word_1_351' title='bbox 1440 2616 1622 2658; x_wconf 86' lang='lat' dir='ltr'>postulant.</span> 
     </span>
    </p>

    <p class='ocr_par' dir='ltr' id='par_1_9' title="bbox 275 2657 1710 2742">
     <span class='ocr_line' id='line_1_44' title="bbox 275 2657 1710 2699; baseline -0.001 -10"><span class='ocrx_word' id='word_1_352' title='bbox 275 2669 303 2688; x_wconf 84' lang='lat' dir='ltr'>e.</span> <span class='ocrx_word' id='word_1_353' title='bbox 320 2661 350 2689; x_wconf 83' lang='lat'>8.</span> <span class='ocrx_word' id='word_1_354' title='bbox 1056 2664 1096 2694; x_wconf 80' lang='grc'>89</span> <span class='ocrx_word' id='word_1_355' title='bbox 1119 2662 1176 2691; x_wconf 83' lang='lat' dir='ltr'>hoc</span> <span class='ocrx_word' id='word_1_356' title='bbox 1188 2659 1469 2699; x_wconf 70' lang='lat' dir='ltr'>dico-—Noeviumj</span> <span class='ocrx_word' id='word_1_357' title='bbox 1495 2658 1560 2693; x_wconf 82' lang='lat' dir='ltr'>Sic,</span> <span class='ocrx_word' id='word_1_358' title='bbox 1573 2657 1629 2688; x_wconf 88' lang='lat' dir='ltr'>sed</span> <span class='ocrx_word' id='word_1_359' title='bbox 1639 2657 1710 2688; x_wconf 87' lang='lat' dir='ltr'>sine</span> 
     </span>
     <span class='ocr_line' id='line_1_45' title="bbox 316 2699 1708 2742; baseline -0.001 -10"><span class='ocrx_word' id='word_1_360' title='bbox 316 2704 355 2734; x_wconf 82' lang='lat'>87</span> <span class='ocrx_word' id='word_1_361' title='bbox 379 2700 539 2740; x_wconf 73' lang='lat' dir='ltr'>venerint]</span> <span class='ocrx_word' id='word_1_362' title='bbox 565 2701 616 2731; x_wconf 91' lang='lat' dir='ltr'>Sic</span> <span class='ocrx_word' id='word_1_363' title='bbox 631 2701 709 2732; x_wconf 83' lang='lat' dir='ltr'>Mss.</span> <span class='ocrx_word' id='word_1_364' title='bbox 725 2712 776 2742; x_wconf 87' lang='lat' dir='ltr'>ap.</span> <span class='ocrx_word' id='word_1_365' title='bbox 792 2702 970 2732; x_wconf 81' lang='lat' dir='ltr'>Gruterum</span> <span class='ocrx_word' id='word_1_366' title='bbox 1014 2703 1142 2733; x_wconf 80' lang='lat' dir='ltr'>lacunae</span> <span class='ocrx_word' id='word_1_367' title='bbox 1155 2701 1287 2739; x_wconf 79' lang='lat' dir='ltr'>indicio,</span> <span class='ocrx_word' id='word_1_368' title='bbox 1304 2701 1427 2732; x_wconf 74' lang='lat' dir='ltr'>habent</span> <span class='ocrx_word' id='word_1_369' title='bbox 1446 2700 1517 2732; x_wconf 86' lang='lat' dir='ltr'>edd.</span> <span class='ocrx_word' id='word_1_370' title='bbox 1534 2700 1634 2732; x_wconf 86' lang='lat' dir='ltr'>Rom.</span> <span class='ocrx_word' id='word_1_371' title='bbox 1653 2699 1708 2730; x_wconf 65' lang='grc' dir='ltr'>ΒΓ.</span> 
     </span>
    </p>

    <p class='ocr_par' dir='ltr' id='par_1_10' title="bbox 274 2742 1708 2784">
     <span class='ocr_line' id='line_1_46' title="bbox 274 2742 1708 2784; baseline -0.001 -12"><span class='ocrx_word' id='word_1_372' title='bbox 274 2747 307 2772; x_wconf 83' lang='lat' dir='ltr'>et</span> <span class='ocrx_word' id='word_1_373' title='bbox 321 2742 370 2773; x_wconf 86' lang='lat' dir='ltr'>ed.</span> <span class='ocrx_word' id='word_1_374' title='bbox 391 2742 443 2772; x_wconf 92' lang='lat' dir='ltr'>W.</span> <span class='ocrx_word' id='word_1_375' title='bbox 467 2742 594 2773; x_wconf 80' lang='lat' dir='ltr'>Ceterae</span> <span class='ocrx_word' id='word_1_376' title='bbox 608 2753 654 2784; x_wconf 87' lang='lat' dir='ltr'>pr.</span> <span class='ocrx_word' id='word_1_377' title='bbox 672 2745 804 2774; x_wconf 75' lang='lat' dir='ltr'>venerit.</span> <span class='ocrx_word' id='word_1_378' title='bbox 840 2744 897 2775; x_wconf 88' lang='lat' dir='ltr'>Nil</span> <span class='ocrx_word' id='word_1_379' title='bbox 917 2745 966 2775; x_wconf 88' lang='lat' dir='ltr'>in·</span> <span class='ocrx_word' id='word_1_380' title='bbox 1009 2750 1043 2775; x_wconf 79' lang='lat' dir='ltr'>et</span> <span class='ocrx_word' id='word_1_381' title='bbox 1058 2744 1131 2775; x_wconf 82' lang='lat' dir='ltr'>inde</span> <span class='ocrx_word' id='word_1_382' title='bbox 1144 2745 1228 2774; x_wconf 83' lang='lat' dir='ltr'>aliae.</span> <span class='ocrx_word' id='word_1_383' title='bbox 1271 2743 1333 2774; x_wconf 92' lang='lat' dir='ltr'>Sed</span> <span class='ocrx_word' id='word_1_384' title='bbox 1345 2743 1394 2774; x_wconf 90' lang='lat' dir='ltr'>ed.</span> <span class='ocrx_word' id='word_1_385' title='bbox 1408 2742 1461 2773; x_wconf 92' lang='lat' dir='ltr'>W.</span> <span class='ocrx_word' id='word_1_386' title='bbox 1475 2743 1538 2773; x_wconf 78' lang='lat' dir='ltr'>sie:</span> <span class='ocrx_word' id='word_1_387' title='bbox 1562 2751 1636 2772; x_wconf 79' lang='lat' dir='ltr'>cum</span> <span class='ocrx_word' id='word_1_388' title='bbox 1651 2743 1708 2772; x_wconf 82' lang='lat' dir='ltr'>hoe</span> 
     </span>
    </p>

    <p class='ocr_par' dir='ltr' id='par_1_11' title="bbox 271 2783 1709 2869">
     <span class='ocr_line' id='line_1_47' title="bbox 271 2783 1709 2826; baseline -0.001 -12"><span class='ocrx_word' id='word_1_389' title='bbox 271 2789 385 2815; x_wconf 77' lang='lat' dir='ltr'>tet-est.</span> <span class='ocrx_word' id='word_1_390' title='bbox 1011 2787 1106 2817; x_wconf 82' lang='lat' dir='ltr'>edicti</span> <span class='ocrx_word' id='word_1_391' title='bbox 1137 2787 1266 2817; x_wconf 79' lang='lat' dir='ltr'>nomine</span> <span class='ocrx_word' id='word_1_392' title='bbox 1300 2795 1341 2816; x_wconf 82' lang='lat' dir='ltr'>ne</span> <span class='ocrx_word' id='word_1_393' title='bbox 1364 2786 1555 2826; x_wconf 75' lang='lat' dir='ltr'>appellasset</span> <span class='ocrx_word' id='word_1_394' title='bbox 1580 2783 1709 2824; x_wconf 80' lang='lat' dir='ltr'>quidem</span> 
     </span>
     <span class='ocr_line' id='line_1_48' title="bbox 316 2825 1706 2869; baseline -0.002 -11"><span class='ocrx_word' id='word_1_395' title='bbox 316 2829 355 2858; x_wconf 81' lang='lat'>88</span> <span class='ocrx_word' id='word_1_396' title='bbox 377 2827 425 2856; x_wconf 69' lang='lat' dir='ltr'>vis</span> <span class='ocrx_word' id='word_1_397' title='bbox 445 2837 485 2856; x_wconf 81' lang='lat' dir='ltr'>ne</span> <span class='ocrx_word' id='word_1_398' title='bbox 506 2825 688 2867; x_wconf 63' lang='lat' dir='ltr'>afferatur]</span> <span class='ocrx_word' id='word_1_399' title='bbox 713 2827 794 2858; x_wconf 85' lang='lat' dir='ltr'>Edd.</span> <span class='ocrx_word' id='word_1_400' title='bbox 819 2832 899 2858; x_wconf 83' lang='lat' dir='ltr'>vett.</span> <span class='ocrx_word' id='word_1_401' title='bbox 909 2827 970 2868; x_wconf 77' lang='lat' dir='ltr'>jus</span> <span class='ocrx_word' id='word_1_402' title='bbox 1011 2828 1200 2869; x_wconf 68' lang='lat' dir='ltr'>Quintium.</span> <span class='ocrx_word' id='word_1_403' title='bbox 1244 2828 1296 2858; x_wconf 84' lang='lat' dir='ltr'>Sic</span> <span class='ocrx_word' id='word_1_404' title='bbox 1329 2834 1364 2858; x_wconf 87' lang='lat' dir='ltr'>et</span> <span class='ocrx_word' id='word_1_405' title='bbox 1389 2827 1470 2858; x_wconf 83' lang='lat' dir='ltr'>Mss.</span> <span class='ocrx_word' id='word_1_406' title='bbox 1505 2827 1618 2858; x_wconf 79' lang='lat' dir='ltr'>Franc.</span> <span class='ocrx_word' id='word_1_407' title='bbox 1653 2834 1706 2866; x_wconf 81' lang='lat' dir='ltr'>ap.</span> 
     </span>
    </p>

    <p class='ocr_par' dir='ltr' id='par_1_12' title="bbox 274 2867 1119 2908">
     <span class='ocr_line' id='line_1_49' title="bbox 274 2867 1119 2908; baseline 0.004 -11"><span class='ocrx_word' id='word_1_408' title='bbox 274 2877 315 2897; x_wconf 77' lang='lat' dir='ltr'>ne</span> <span class='ocrx_word' id='word_1_409' title='bbox 336 2867 524 2908; x_wconf 70' lang='lat' dir='ltr'>auferatur.</span> <span class='ocrx_word' id='word_1_410' title='bbox 568 2869 665 2908; x_wconf 76' lang='lat' dir='ltr'>Quod</span> <span class='ocrx_word' id='word_1_411' title='bbox 685 2878 772 2900; x_wconf 90' lang='lat' dir='ltr'>nunc</span> <span class='ocrx_word' id='word_1_412' title='bbox 785 2869 906 2907; x_wconf 83' lang='lat' dir='ltr'>editur,</span> <span class='ocrx_word' id='word_1_413' title='bbox 919 2876 970 2900; x_wconf 80' lang='lat' dir='ltr'>est</span> <span class='ocrx_word' id='word_1_414' title='bbox 1012 2871 1119 2900; x_wconf 58' lang='grc' dir='ltr'><strong>(πᾶν.</strong></span> 
     </span>
    </p>
   </div>
  </div>
 </body>
</html>
