1907 3231
378 136 456 171 ⁵14
965 133 1231 174 ORATIO

381 236 466 278 iam
489 243 665 292 propter
685 237 817 279 animi
838 238 1148 280 continentiam
1171 234 1408 290 requisivit.
1439 239 1478 271 77
1492 236 1680 279 Videbat
1700 237 1816 281 enin

381 294 591 350 populum
626 294 683 335 R.
719 309 806 337 non
840 294 1088 350 locupletari
1131 293 1362 347 quotannis
1404 295 1586 350 pecunia
1628 295 1816 350 publica,

387 359 545 406 praeter
567 366 748 407 paucos3
779 366 916 407 neque
936 365 1014 392 nos
1035 349 1269 405 quidquam
1291 350 1405 392 aliud
1428 352 1595 408 assequi
1616 351 1818 397 classium

383 407 572 459 nomine,
595 409 677 450 nisi
695 419 757 459 ut,
779 407 1046 449 detrimentis
1069 406 1346 462 accipiendiS,
1359 409 1522 464 majore
1542 409 1655 449 affici
1680 409 1819 464 turpi-

382 464 532 507 tudine
554 465 808 507 videremur.
870 464 1012 512 Nunc,
1043 478 1129 519 qua
1159 463 1398 520 cupiditate
1431 466 1625 508 homines
1652 465 1696 506 in
1719 480 1819 521 pro-

381 522 560 573 vincias,
592 522 801 576 78quibus
833 520 1032 576 jacturiS,
1063 518 1220 575 quibus
1256 521 1581 565 conditionibus
1623 522 1820 578 proficis-

381 589 548 630 cantur,
570 579 773 633 ignorant
794 578 993 619 videlicet
1014 578 1101 628 isti,
1122 577 1196 632 qui
1219 577 1271 618 ad
1303 592 1438 621 unum
1467 580 1695 621 deferenda
1724 592 1818 622 esse

382 637 530 677 omnia
548 650 634 675 non
657 636 945 677 arbitrantur?
975 635 1097 690 quasi
1120 649 1220 676 vero
1241 633 1323 675 Cn.
1342 634 1598 691 Pompeium
1613 651 1818 679 non-eum

384 694 471 734 suis
494 692 739 742 virtutibus,
761 701 852 733 tum
874 692 1004 733 etiam
1027 691 1175 734 alienis
1197 691 1313 732 vitiis
1334 707 1538 748 magnum
1560 708 1651 736 esse
1672 694 1819 736 videa·

324 754 373 788 68
385 765 493 791 mus.
554 749 702 794 Quare
720 749 854 790 nolite
875 750 1087 800 dubitare,
1106 749 1214 804 quin
1234 748 1336 790 huic
1358 751 1430 790 uni
1451 750 1636 795 credatis
1656 752 1818 802 omunia,

272 812 307 843 P·
328 806 459 862 ¹⁷·qui
476 810 516 840 79
530 805 642 847 inter
662 821 795 848 annos
818 815 885 848 tot
906 822 1015 848 unus
1032 807 1233 848 inventus
1255 807 1326 858 sit,
1344 821 1474 860 quem
1498 807 1604 849 socii
1625 808 1670 853 in
1690 809 1818 850 urb&

343 855 481 904 ²'suas
501 877 602 904 cum
631 863 825 905 exercitu
858 864 1025 905 venisse
1057 864 1288 919 gaudeant.
1348 864 1517 910 Quodsi
1549 865 1818 910 auctoritati-

383 922 462 962 bus
484 919 596 961 hanc
629 935 818 971 causam,
846 921 1055 972 Quirites,
1078 919 1416 962 confirmandam
1440 921 1625 977 putatis:
1651 930 1722 963 est
1743 937 1819 968 vo—

380 977 446 1018 bis
469 986 633 1029 auctor,
657 978 721 1018 vir
742 978 952 1019 bellorum
973 979 1166 1020 omnium
1188 978 1560 1033 maximarumque
1580 993 1723 1020 rerum
1734 994 1826 1036 *pe-¹

379 1035 622 1085 ritissimus,
647 1034 697 1075 P.
721 1034 949 1077 Servilius:
981 1036 1050 1091 cuj
1060 1051 1106 1076 us
1129 1046 1262 1077 tantae
1283 1050 1349 1076 res
1381 1044 1516 1092 gestae
1550 1045 1662 1078 terra
1687 1037 1819 1081 mati-

379 1106 462 1146 que
491 1091 766 1143 exstiterunt,
789 1101 852 1144 ut,
878 1107 978 1134 cum
1006 1093 1060 1134 de
1094 1092 1203 1134 bello
1235 1092 1494 1143 deliberetis,
1516 1103 1667 1134 auctor
1693 1094 1825 1139 vobis·-⁴

380 1149 553 1205 gravior
573 1162 664 1190 esse
685 1163 812 1191 nemo
835 1149 1014 1192 debeat:
1044 1160 1110 1191 est
1132 1149 1185 1191 C.
1205 1149 1355 1201 Curio,
1377 1150 1552 1191 summis
1576 1150 1727 1192 vestris
1740 1151 1818 1193 *be-

380 1205 562 1257 neficiis,
593 1206 882 1262 maximisque
915 1208 1040 1248 rebus
1070 1207 1217 1264 gestiS,
1239 1221 1407 1249 summo
1439 1207 1615 1263 ingenio
1643 1216 1690 1249 et
1718 1222 1821 1264 pru-

381 1263 528 1305 dentia
549 1263 780 1319 praeditus:
811 1274 876 1305 est
897 1264 982 1306 Cn.
1007 1264 1226 1316 Lentulus,
1249 1264 1294 1305 in
1325 1278 1411 1320 quo
1444 1279 1607 1316 omnes,
1628 1279 1706 1320 pro
1727 1279 1823 1307 am*

382 1320 585 1376 piissimis
621 1322 773 1362 vestris
804 1321 1057 1373 honoribus,
1087 1336 1302 1363 summum
1333 1321 1575 1372 consilium,
1608 1333 1821 1364 summam

384 1377 642 1433 gravitatem
677 1393 769 1420 esse
809 1379 1096 1435 cognoscitis:
1127 1388 1192 1421 est
1235 1379 1288 1421 C.
1321 1378 1511 1430 Cassius,
1550 1379 1817 1435 integritate.

385 1435 558 1486 virtute,
588 1436 831 1478 constantia
868 1436 1089 1493 singulari.
1151 1437 1296 1483 Quare
1335 1439 1375 1467 80
1388 1437 1546 1487 videte,
1578 1445 1627 1478 ut
1664 1436 1821 1478 horum

384 1492 921 1543 auctoritatibus„illorum
947 1494 1148 1546 orationi,
1167 1493 1242 1549 qui
1268 1493 1542 1546 dissentiunt,
1560 1494 1822 1550 respondere

387 1563 512 1605 posse
532 1549 767 1592 videamur.
1475 1577 1484 1582 -

302 1598 375 1645 24⁴
444 1607 556 1653 Quae
583 1621 683 1649 cum
714 1607 777 1648 ita
807 1608 908 1659 sint,
931 1607 984 1649 C.
1007 1606 1179 1657 Manili,
1201 1607 1388 1664 primum
1407 1607 1534 1650 istam
1556 1614 1674 1649 tuam
1696 1615 1740 1649 et
1759 1607 1823 1649 le-.

322 1670 371 1706 69
385 1677 499 1719 gem,
520 1672 564 1704 et
596 1663 876 1716 voluntatem,
897 1674 942 1706 et
969 1665 1227 1706 sententiam
1258 1665 1401 1715 laudo,
1423 1665 1818 1706 vehementissime-

382 1735 466 1776 que
498 1723 762 1777 comprobo:
794 1722 948 1763 deinde
977 1731 1020 1763 te
1050 1722 1214 1773 hortor,
1237 1731 1300 1772 ut,
1322 1731 1497 1764 auctore
1531 1721 1693 1778 populo
1727 1721 1820 1763 Ro-

380 1792 525 1829 manO,
547 1791 719 1821 maneas
742 1778 786 1820 in
807 1779 1034 1830 sententia,
1055 1794 1163 1820 neve
1194 1779 1451 1834 cujusquam
1471 1778 1560 1819 vim
1580 1788 1656 1820 aut
1676 1779 1814 1820 minas

380 1834 673 1891 pertimescas.
734 1836 930 1878 Primum
952 1837 996 1878 in
1018 1846 1060 1877 te
1082 1837 1184 1877 satis
1205 1851 1296 1877 esse
1314 1835 1446 1877 animi
1468 1836 1820 1892 perseverantiae-

379 1906 462 1948 que
484 1892 689 1935 arbitror:
722 1894 877 1936 deinde
906 1909 1008 1936 cum
1035 1902 1200 1936 tantam
1220 1893 1543 1936 multitudinem
1563 1908 1669 1935 cum.
1695 1901 1818 1936 tanto

420 2041 460 2072 77
487 2036 625 2069 Videbat
650 2039 737 2070 enim
758 2041 919 2080 poputum
945 2040 987 2071 R.
1014 2049 1079 2070 mm
1121 2039 1156 2071 in
1172 2039 1220 2071 his
1233 2040 1352 2073 verbis,

380 2080 511 2120 loc-apl]
540 2080 662 2111 Omnes
690 2081 763 2113 edd.
790 2088 915 2113 veteres
940 2084 1081 2122 populus
1164 2086 1204 2117 79
1226 2084 1313 2113 inter
1336 2092 1442 2114 annos
1467 2081 1530 2122 tot]
1554 2079 1682 2112 Graevio
1706 2080 1819 2122 placet

383 2122 426 2154 R.
442 2132 501 2163 pro
514 2133 578 2162 quo
592 2123 678 2154 male
691 2125 725 2154 in
736 2125 806 2156 edd.
819 2125 1014 2165 posteriores
1027 2135 1079 2155 ve-

383 2165 452 2195 nit:
475 2175 507 2194 υ.
522 2169 716 2206 apr-atores
727 2167 841 2207 loeupt.
855 2167 941 2206 quod
949 2172 983 2197 et
996 2168 1080 2198 Gru-

383 2210 474 2236 terus
486 2207 636 2238 servavit.
661 2208 749 2238 Graex
759 2210 807 2239 ius
818 2215 912 2239 vetus
924 2209 1082 2240 restituit.

385 2249 448 2278 Sed
459 2255 571 2279 tamen
583 2249 688 2280 adhuc
701 2250 770 2281 vitii
785 2251 861 2290 quid
875 2252 978 2282 inesse
987 2257 1078 2292 puto,

385 2289 473 2321 Nam
489 2291 617 2322 videbat
630 2293 717 2323 enim
733 2293 892 2324 reseratur
904 2293 946 2323 ad
960 2305 1080 2334 praece·

385 2332 498 2363 dentia
526 2342 655 2364 necesse
681 2338 744 2373 est,
771 2335 811 2366 ad
837 2346 928 2365 oram
955 2337 1080 2367 mariti-

385 2382 488 2405 mam.
531 2375 724 2415 Legendum
748 2383 798 2408 est
809 2379 966 2418 populum
983 2379 1080 2409 Ram,

384 2422 424 2446 ut
440 2417 577 2448 Hotom.
591 2423 626 2448 et
648 2417 766 2449 Lamb.
781 2420 911 2450 voluere
931 2427 963 2450 et
979 2421 1080 2451 edidit

384 2457 525 2490 Brutus:
551 2459 646 2499 idque
660 2462 763 2491 secuti
775 2471 899 2492 sumus.
937 2462 1010 2493 fuit
1023 2473 1080 2502 per

382 2501 614 2542 compendium
627 2503 786 2543 scriptum
800 2504 834 2535 P.
845 2505 883 2536 R.
897 2505 982 2535 unde
991 2515 1079 2544 prce-

381 2545 465 2572 tores
488 2551 616 2580 natum,
631 2550 670 2575 ut
689 2545 778 2582 alibi,
801 2552 859 2576 aut
884 2547 944 2578 Po.
966 2547 1025 2578 Ro.
1041 2552 1080 2577 ut

381 2584 417 2614 in
431 2585 480 2615 ed.
498 2585 552 2616 nr.
585 2586 653 2616 Ora
667 2588 834 2619 maritima
849 2589 990 2623 videbat,
1005 2594 1079 2619 tan-

380 2631 454 2674 tuin
481 2637 600 2666 paucos
619 2627 659 2658 de
682 2629 802 2669 populo
817 2631 856 2660 R.
872 2631 1077 2671 locupletari,

380 2678 435 2706 qui
451 2678 525 2700 cuin
547 2670 683 2709 imperio
699 2672 930 2711 mitterentur-3
952 2683 1007 2703 eos
1021 2683 1078 2703 au-

380 2716 452 2740 tem
473 2711 556 2741 nihil
578 2712 664 2741 beno
688 2714 829 2752 gerendo
852 2715 990 2752 efficere,
1016 2715 1077 2745 nisi

382 2753 442 2782 dte.
474 2752 636 2783 Turbavit
652 2754 800 2785 homines
813 2756 928 2786 modus
944 2756 1078 2796 loquen-

381 2792 427 2829 di,
444 2803 510 2823 non
532 2796 628 2825 nimis
650 2796 814 2835 frequens,
829 2798 885 2828 sed
901 2800 981 2829 bene
1002 2799 1077 2829 lati-

380 2843 444 2865 nus
458 2846 521 2865 non
531 2838 644 2876 locupl.
652 2841 809 2877 populum
816 2846 940 2879 prceter
946 2850 1079 2880 paucos.

422 2880 463 2911 72
486 2878 753 2920 quihuejacturis
771 2887 801 2913 et
817 2883 921 2924 cond]
941 2892 970 2913 v.
988 2881 1077 2919 (λυ,

1122 2125 1254 2155 Schotti
1277 2127 1468 2166 conjectura
1490 2126 1577 2155 inter
1590 2127 1637 2154 tot
1651 2132 1696 2154 sc.
1716 2124 1820 2166 impe-

1123 2174 1257 2197 ratores.
1301 2168 1363 2198 Sed
1377 2172 1411 2198 et
1427 2168 1537 2208 ipsum
1553 2167 1639 2196 inter
1653 2170 1699 2197 tot
1720 2167 1818 2199 nimis

1123 2210 1299 2249 abruptum
1315 2215 1377 2246 est,
1392 2215 1426 2240 et
1443 2208 1565 2250 ellipsis
1579 2207 1701 2238 durior.
1723 2208 1819 2239 Inter

1123 2256 1169 2282 tot
1182 2261 1285 2281 (runos
1298 2258 1347 2282 est
1368 2261 1427 2292 per
1447 2256 1501 2281 tot
1521 2259 1638 2286 annm,
1660 2250 1746 2289 quod
1767 2256 1818 2282 est

1122 2298 1156 2323 et
1185 2295 1218 2324 in
1245 2294 1302 2323 Or.
1324 2294 1518 2334 Quintiana,
1548 2302 1609 2323 nec
1630 2301 1698 2322 esse
1722 2291 1821 2323 debet

1125 2335 1236 2366 latinis
1252 2336 1383 2367 auribus
1397 2335 1552 2373 insolens,
1577 2338 1616 2365 ut
1631 2333 1759 2365 Graevio
1772 2335 1819 2365 vi-

1123 2387 1195 2407 sum
1211 2382 1271 2408 est.

1165 2423 1205 2451 80
1226 2421 1343 2457 videte,
1355 2417 1622 2457 zie—videamur]
1640 2417 1786 2449 Graevius
1798 2429 1818 2450 e

1122 2463 1266 2504 vestigiis
1295 2462 1374 2493 Cod.
1403 2462 1518 2492 Frane.
1546 2460 1680 2500 conjicit
1707 2460 1816 2491 videa-

1122 2505 1214 2535 mini.
1258 2503 1319 2535 Sed
1335 2512 1501 2543 utcunque
1515 2503 1636 2542 legam,
1657 2501 1765 2532 haereo
1781 2505 1815 2533 in

1122 2546 1183 2578 hac
1203 2545 1311 2588 phrasi
1326 2552 1360 2576 et
1379 2545 1554 2576 sententia.
1597 2544 1684 2575 Nam
1698 2545 1816 2583 videte,

1121 2593 1159 2618 ut
1174 2589 1362 2629 respondere
1367 2589 1527 2627 pommus
1537 2586 1587 2616 vel
1595 2587 1736 2627 possitis,
1750 2594 1814 2623 est,

1122 2640 1245 2666 vereor,
1260 2636 1299 2660 ut
1322 2630 1482 2669 possimus
1497 2628 1547 2658 vel
1561 2629 1706 2669 possitis:
1729 2628 1817 2668 quod

1121 2678 1183 2708 est,
1200 2672 1391 2712 respondere
1405 2682 1472 2702 non
1488 2680 1673 2712 possumus,
1692 2669 1744 2700 ve‘l
1757 2680 1816 2710 po-

1122 2715 1233 2744 testis:
1268 2714 1331 2743 Sed
1356 2713 1387 2743 id
1411 2720 1460 2744 est
1485 2714 1640 2744 alienum;
1682 2711 1753 2742 Nec
1773 2722 1817 2742 ea

1120 2755 1294 2786 difficultas
1304 2755 1435 2786 tollitur
1444 2756 1585 2786 lectione
1596 2754 1667 2785 edd.
1677 2760 1716 2784 ut
1725 2753 1814 2786 Med,

1120 2798 1215 2828 dunt.
1231 2798 1316 2828 vict.
1331 2799 1388 2827 διο.
1403 2808 1472 2837 quae
1487 2797 1608 2828 habent
1620 2805 1701 2828 num
1711 2809 1720 2826 .-
1734 2804 1816 2828 nam

1121 2846 1154 2872 et
1170 2841 1215 2871 sic
1232 2839 1403 2880 negatirus
1416 2850 1530 2871 seusus
1545 2844 1605 2870 est.
