1907 3231
259 146 337 183 594
818 134 1065 178 ORATIO
1101 137 1154 176 11.

264 260 454 290 morem:
487 252 618 301 quare
648 240 806 302 dignus
840 252 983 286 vestro
1015 255 1183 282 summo
1214 240 1380 282 honore
1415 239 1709 298 singularique

260 304 432 362 judicio
453 303 548 355 sim,
570 303 695 358 ‘zipse
725 300 895 343 modice
924 299 1081 349 dicam,
1103 299 1137 339 si
1166 313 1340 340 necesse
1372 299 1474 340 erit:
1507 314 1583 341 vos
1615 313 1710 341 eos-

231 364 367 404 Sdem
399 360 723 403 existimaturos
758 366 920 414 putem,
942 356 1016 410 qui
1042 355 1333 411 judicavistis.
1393 356 1474 398 Me
1501 356 1712 414 perlongo

270 418 495 462 intervallo
534 431 669 474 prope
704 413 924 456 memoriae
960 422 1289 469 temporumque
1322 423 1584 466 nostrorum,
1625 415 1714 470 pri-

269 492 392 519 mum
422 476 644 518 hominem
680 485 857 521 novum,
890 469 1111 511 consulem
1145 470 1323 523 fecistis,
1345 480 1389 513 et
1422 486 1520 513 eum
1553 471 1714 524 locum,

271 549 400 592 quem
423 532 625 574 nobilitas
658 527 870 586 praesidiis
905 526 1138 579 firmatum,
1160 536 1289 583 atque
1310 530 1429 571 omni
1450 530 1616 571 ratione
1636 529 1717 570 ob*

227 603 259 634 b.
274 592 475 634 vallatum
508 587 698 636 tenebat,
720 600 790 627 me
820 585 944 636 duce,
965 584 1215 637 rescidistis,
1236 585 1473 643 virtutique
1504 588 1550 628 in
1571 595 1727 643 poste-·

273 664 368 692 rum
402 655 546 704 patere
579 643 791 685 voluistis.
852 642 1008 697 Neque
1044 656 1114 683 1116
1149 645 1451 685 tantummodo
1481 644 1718 695 consulem,

273 706 389 763 quod
412 713 476 745 est
499 703 640 759 ipsum
664 715 739 757 per
762 714 853 741 sese
874 700 1203 756 amplissimum,
1226 699 1300 741 sed
1330 701 1391 742 ita
1412 700 1589 754 fecistis,
1611 716 1720 758 quo-

273 764 405 805 modo
427 760 554 817 pauci
574 758 740 800 nobiles
763 758 809 799 in
831 758 914 799 hae
943 758 1123 799 civitate
1146 757 1343 799 consules
1373 757 1477 799 facti
1506 768 1619 812 sunt,
1639 774 1720 800 no-

228 818 354 866 ssvus
377 828 477 860 ante
509 830 580 858 me
612 830 756 857 nemo.
817 815 933 857 Nam
965 815 1162 872 profecto
1194 815 1228 856 si
1256 815 1472 857 recordari
1499 815 1720 858 volueritis

276 881 295 909 3
319 878 371 918 de
392 874 517 917 novis
538 874 806 924 hominibus,
828 873 1065 930 reperietis,
1087 888 1174 924 eos,
1199 873 1274 929 qui
1296 873 1387 915 sine
1416 873 1586 930 repulsa
1616 888 1721 916 con-

277 935 388 975 sules
407 932 512 974 facti
536 931 636 982 sint,
660 932 866 973 diuturno
884 931 1044 983 labore,
1066 939 1195 987 atque
1217 931 1361 986 aliqua
1381 931 1610 973 occasione
1631 945 1722 972 esse

277 991 434 1042 factos,
456 1004 556 1031 cum
577 989 725 1030 multis
758 988 881 1029 annis
910 997 1010 1044 post
1031 989 1254 1045 petissent,
1276 1003 1405 1044 quam
1428 999 1635 1045 praetores
1655 988 1724 1030 su-

278 1050 427 1100 issent,
449 1047 670 1103 aliquanto
693 1045 842 1097 serius,
864 1060 995 1101 quam
1017 1060 1093 1102 per
1116 1055 1288 1089 aetatem
1311 1061 1361 1088 ac
1387 1061 1464 1103 per
1484 1046 1602 1103 leges
1623 1045 1726 1091 lice-

278 1116 365 1149 ret:
397 1105 471 1161 qui
494 1114 639 1146 autem
661 1118 774 1146 anno
798 1118 875 1144 suo
898 1103 1118 1159 petierint,
1141 1103 1230 1145 sine
1249 1103 1419 1160 repulsa
1439 1119 1527 1145 non
1548 1118 1640 1145 esse
1661 1104 1727 1144 fa-

282 1173 402 1206 ctos:
434 1176 505 1203 me
526 1176 618 1203 esse
638 1176 774 1203 unum
796 1175 851 1202 ex
881 1161 1083 1202 omnibus
1115 1161 1240 1202 novis
1268 1161 1534 1214 hominibus,
1552 1161 1605 1203 de
1631 1161 1727 1217 qui-

280 1222 362 1263 bus
385 1219 631 1261 meminisse
652 1219 882 1275 possimus,
905 1219 979 1274 qui
996 1218 1267 1261 consulatum
1284 1218 1497 1275 petierim,
1519 1233 1619 1261 cum
1639 1217 1728 1275 pri-

280 1293 402 1320 mum
423 1277 592 1318 licitum
613 1277 689 1329 sit3
720 1276 873 1318 consul
892 1275 1031 1317 factus
1053 1276 1149 1328 sim,
1170 1291 1270 1317 cum
1292 1276 1480 1332 primum
1503 1277 1724 1332 petierim:

282 1344 332 1378 ut
354 1344 494 1376 vester
515 1334 653 1376 honos
667 1334 720 1374 ad
736 1334 821 1375 mei
841 1333 1047 1390 temporis
1066 1333 1180 1375 diem
1199 1334 1375 1390 petituS,
1398 1348 1486 1375 non
1505 1333 1730 1375 ad‘alienae

284 1392 510 1450 petitionis
545 1391 819 1433 occasionem
853 1392 1132 1448 interceptus,
1164 1406 1246 1434 nec
1281 1391 1496 1433 diuturnis
1527 1391 1730 1448 precibus

249 1450 564 1507 4efflagitatus,
586 1449 659 1490 sed
681 1449 896 1505 dignitate
913 1449 1167 1505 impetratus
1195 1463 1286 1490 esse
1311 1449 1523 1490 videatur.
1575 1448 1655 1491 Est
1676 1448 1729 1490 il-

285 1508 361 1551 lud
381 1507 711 1564 amplissimum,
733 1506 850 1561 quod
868 1506 1011 1562 paullo
1034 1516 1134 1548 ante
1155 1507 1508 1558 commemoravi,
1522 1506 1736 1558 Quirites,

285 1565 405 1622 quod
427 1565 513 1606 hoc
545 1564 710 1605 honore
740 1578 796 1605 ex
829 1564 953 1605 novis
983 1564 1233 1607 hominibus
1262 1564 1452 1620 primum
1479 1578 1563 1615 me,
1584 1563 1734 1605 multis

286 1631 389 1680 post
424 1621 562 1673 annis,
601 1620 828 1663 affecistis:
859 1621 977 1676 quod
1014 1621 1153 1678 prima
1193 1622 1430 1679 petitione:
1462 1620 1579 1677 quod
1619 1635 1735 1663 anno

287 1695 409 1722 meo:
444 1679 517 1720 sed
540 1688 685 1720 tamen
707 1679 1058 1735 magnificentius
1080 1688 1209 1735 atque
1239 1679 1432 1721 ornatius
1453 1693 1544 1720 esse
1574 1677 1647 1719 illo
1667 1678 1736 1720 ni-

290 1738 355 1779 hil
378 1745 536 1794 potest,
559 1735 675 1791 quod
688 1736 795 1777 meis
815 1736 1004 1778 comitiis
1024 1751 1110 1778 non
1126 1737 1343 1787 tabellam,
1363 1735 1578 1778 vindicem
1592 1735 1737 1777 tacitae

289 1795 519 1845 libertatis,
543 1793 616 1834 sed
649 1807 801 1835 vocem
833 1794 978 1835 vivam
1011 1809 1102 1851 prae
1135 1795 1260 1836 vobis
1283 1793 1472 1836 indicem
1499 1801 1740 1834 vestrarum

293 1867 398 1909 erga
419 1866 487 1893 me
509 1851 782 1893 voluntatum
805 1866 855 1893 ac
878 1851 1118 1894 studiorum
1142 1851 1316 1893 tulistis.
1378 1849 1532 1907 Itaque
1553 1864 1622 1891 me
1650 1865 1741 1892 non

293 1921 492 1955 extrema
513 1909 651 1950 tribus
675 1908 995 1966 suffragiorum,
1019 1910 1091 1951 sed
1114 1910 1242 1966 primi
1259 1910 1320 1951 illi
1338 1909 1469 1950 vestri
1491 1922 1742 1960 concursus,

296 1981 437 2022 neque
468 1966 651 2022 singulae
685 1981 813 2008 voces
846 1981 1112 2024 praeconum,
1137 1968 1210 2009 sed
1242 1982 1329 2009 una
1358 1980 1465 2008 voce
1485 1965 1742 2007 4unive1·sus

263 2024 485 2082 5populus
509 2023 733 2066 Romanus
755 2024 976 2066 consulem
1009 2025 1258 2066 declaravit.
1319 2023 1421 2066 Hoc
1443 2036 1528 2079 ego
1558 2031 1648 2064 tam
1677 2022 1746 2064 in-

299 2083 438 2139 signe,
462 2090 551 2123 tam
573 2082 789 2138 singulare
824 2092 1011 2124 vestrum
1041 2082 1316 2134 beneficium,
1339 2082 1548 2133 Quirites,
1569 2095 1668 2122 cum
1689 2080 1746 2122 ad

303 2141 438 2181 animi
466 2138 553 2180 mei
582 2139 773 2181 fructum
804 2150 934 2195 atque
960 2140 1159 2182 laetitiam
1185 2141 1300 2182 duco
1326 2154 1418 2181 esse
1445 2152 1746 2196 permagnum,

194 2204 397 2246 p.67.tu1n
422 2196 474 2238 ad
499 2211 648 2238 curam
676 2197 1099 2254 sollicitudinemque
1126 2198 1264 2239 multo
1294 2197 1452 2253 majus.
1511 2195 1747 2238 Versantur

265 2257 295 2278 a.
306 2255 436 2307 enim,
461 2254 670 2306 Quirites,
694 2254 738 2296 in
760 2255 905 2296 animo
925 2270 1020 2297 mco
1039 2256 1187 2297 multae
1209 2264 1253 2297 et
1270 2269 1422 2312 graves
1443 2253 1748 2310 cogitationes,

304 2327 403 2368 quae
434 2311 540 2353 mihi
571 2311 732 2353 nullam
767 2322 931 2368 partem
965 2328 1105 2368 neque
1133 2314 1315 2364 diurnae,
1349 2325 1490 2368 neque
1520 2319 1747 2352 nocturnae

304 2369 463 2425 quietis
497 2369 777 2426 impertiunt:
811 2370 998 2427 primum
1031 2371 1179 2412 tuendi
1210 2369 1486 2412 consulatus:
1516 2382 1615 2424 quae
1648 2382 1749 2410 611111

304 2427 506 2468 omnibus
529 2435 595 2467 est
616 2426 804 2472 difficilis
827 2436 870 2469 et
890 2443 1050 2486 magna
1070 2428 1196 2480 ratio,
1227 2437 1319 2470 tum
1341 2441 1442 2469 vero
1463 2425 1571 2468 mihi
1593 2434 1751 2482 praeter

304 2494 497 2537 ceteros;
529 2484 601 2525 cui
621 2493 778 2537 errato,
799 2485 916 2528 nulla
936 2486 1087 2539 venia3
1118 2495 1234 2528 recte
1255 2485 1388 2539 facto,
1415 2483 1579 2541 exigua
1597 2483 1688 2524 laus
1707 2491 1751 2524 et

349 2609 369 2639 Ξ.)
383 2609 449 2647 ipse
462 2607 843 2650 „zedim—judicavistis]
863 2610 1010 2641 Graevius
1053 2611 1108 2652 qui
1117 2611 1286 2651 paim-int·

306 2661 326 2681 e
341 2650 422 2681 Cud.
438 2650 488 2681 Fr.
504 2651 548 2680 sic
562 2649 677 2688 edidit,
688 2652 754 2692 ipse
767 2662 810 2683 m.
821 2654 942 2690 dicam,
959 2659 1010 2689 ut,
1094 2656 1116 2684 4
1137 2653 1457 2694 univer-suspopulus
1473 2649 1586 2691 Rom]
1610 2650 1755 2691 Egregie

307 2693 336 2723 si
360 2701 484 2723 necesse
508 2694 583 2730 erit,
607 2704 660 2724 vos
680 2704 707 2724 e.
732 2695 790 2725 &c.
812 2703 880 2726 non
903 2695 1012 2736 placet
1054 2696 1196 2726 artificio
1224 2701 1359 2736 repente
1384 2696 1570 2726 orationem
1596 2693 1752 2730 mutavit,

308 2734 404 2765 mihi.
1053 2744 1093 2768 ut
1117 2747 1230 2769 sensus
1254 2739 1360 2778 major
1383 2738 1487 2768 fieret.
1531 2736 1681 2768 Debebat
1704 2737 1755 2766 se-

353 2779 371 2807 3
387 2777 426 2806 de
440 2777 529 2806 nom's
545 2777 738 2817 hominibus]
754 2780 838 2809 Imm.
853 2778 946 2810 abest
960 2779 1009 2810 ed.
1055 2780 1201 2811 cundum
1222 2779 1452 2812 antecedentia
1465 2779 1584 2810 dicere:
1607 2778 1664 2809 sed
1683 2787 1755 2808 una

310 2819 365 2850 W.
385 2821 479 2850 1480.
520 2820 641 2849 Statim
658 2826 732 2859 post
746 2821 829 2851 edidi
840 2820 935 2861 sacti
948 2824 1014 2852 sint
1055 2833 1129 2854 voce
1155 2832 1209 2853 vos
1235 2833 1320 2853 cons.
1334 2845 1339 2849 .
1355 2823 1595 2855 declaravistis:
1629 2825 1760 2862 quanto

311 2869 346 2892 et
360 2861 445 2891 infra
453 2862 616 2900 possimus
629 2872 688 2901 pro
698 2861 735 2902 f.
755 2868 843 2899 sunt,
859 2869 892 2893 et
902 2874 1015 2904 possu-
1058 2867 1163 2907 majus
1172 2867 1314 2906 populus
1329 2864 1438 2897 Rom?

313 2914 395 2935 mus.
413 2913 489 2934 nam
517 2904 551 2934 in
575 2904 682 2934 medio
704 2910 753 2935 cst
773 2907 1015 2946 conjunctivus,
