1907 3231
286 140 364 174 330
817 138 886 178 IN
912 139 1189 178 VERREM

158 252 275 290 p.005
290 254 415 294 quem
439 241 611 283 obtorta
633 243 732 298 gula
753 243 805 284 de
827 243 1026 285 convivio
1050 244 1090 283 in
1116 240 1286 283 vincula
1306 249 1432 297 atque
1455 241 1497 282 in
1521 241 1716 282 tenebras

247 303 275 322 a.
290 297 425 353 abripi
444 298 590 353 J‘ussit.
614 299 714 340 hinc
736 300 806 341 illa
827 315 948 349 crux,
971 301 1013 339 in
1037 314 1164 354 quam
1193 299 1330 339 civem
1357 298 1599 339 Romanuin
1621 298 1716 348 iste,

290 354 436 394 multis
459 357 813 420 inspectantibus,
837 332 1029 397 sustulit:
1062 370 1189 411 quam
1209 370 1293 396 non
1312 370 1436 396 ausus
1455 364 1518 396 est
1539 369 1718 410 usquam

291 411 491 467 defigere,
525 414 602 453 nisi
626 414 736 468 apud
759 428 845 464 eos,
868 414 1123 468 quibuscum
1147 413 1291 453 omnia
1313 413 1468 453 scelera
1492 427 1566 452 sua
1587 426 1635 452 ac
1659 411 1717 451 la-

212 464 273 509 11
294 470 473 509 trocinia
495 480 868 510 comminue-isset.
931 469 1169 510 Laudatum
1201 470 1330 510 etiam
1353 485 1427 510 vos
1461 481 1718 524 quemquam

293 525 435 566 venire
468 526 660 567 audetis?
692 541 775 581 qua
804 527 1082 568 auctoritate?
1113 535 1269 576 utrum,
1300 540 1427 581 quam
1457 526 1568 582 apud
1600 538 1719 565 sena-

294 583 450 622 torium
470 583 677 633 ordinem,
708 598 758 622 an
784 598 942 638 quain
931 583 1040 638 apud
1065 583 1270 639 populum
1296 583 1540 623 Romanum
1562 582 1718 623 habere

229 644 279 678 25
294 639 479 680 debeti5.
470 650 481 669 Ρ
514 638 673 693 Ecquae
695 640 846 680 civitas
869 649 946 689 est,
977 642 1116 680 5llnon
1151 640 1278 680 modo
1312 640 1354 680 in
1388 640 1619 695 piwoxinciis
1641 653 1719 678 no-

294 696 404 745 stris,
438 709 580 735 verum
602 696 645 735 in
671 696 828 737 ultimis
851 697 1112 746 nationibus,
1144 705 1217 737 aut
1240 706 1326 737 tam
1350 706 1516 752 potens,
1539 705 1612 736 aut
1631 705 1720 735 tam

291 752 438 814 libera,
469 762 542 792 aut
579 753 708 793 etiam
745 762 831 793 tam
871 754 1066 794 immanis
1099 768 1148 794 ac
1182 754 1384 805 barbara;
1426 767 1499 794 rex
1537 752 1720 807 denique

292 809 437 862 ecquis
459 818 537 860 est,
555 811 627 872 qui
651 820 888 851 senatorem
912 811 1057 866 populi
1078 810 1263 850 Romani
1282 819 1396 851 tecto
1415 825 1463 850 ac
1482 809 1610 850 domo
1634 823 1721 850 non

293 865 469 907 invitet?
501 881 573 920 qul
597 867 732 907 honos
756 882 840 908 non
865 867 1027 907 homini
1052 873 1188 908 solum
1212 867 1407 918 habetur,
1440 866 1511 907 sed
1536 866 1721 929 primum

293 923 452 978 populo
477 922 689 974 Romano,
713 924 835 979 cujus
859 925 1067 965 beneficio
1089 939 1166 964 nos
1189 925 1232 964 in
1254 924 1369 965 hunc
1389 924 1581 964 ordinem
1603 937 1723 963 veni-

293 994 402 1030 mus,
433 980 586 1021 deinde
609 995 655 1020 01
658 982 768 1020 dinis
791 981 1051 1032 auctoritati,
1083 996 1178 1035 quae
1210 982 1290 1022 nisi
1325 981 1466 1037 gravis
1499 981 1579 1021 elit
1609 979 1722 1035 apud

294 1037 448 1087 socios,
472 1047 599 1091 atque
621 1047 787 1078 exteras
804 1038 1010 1088 nationes,
1033 1039 1107 1078 ubi
1130 1039 1210 1078 erit
1228 1039 1395 1102 imperii
1418 1052 1573 1078 nomen
1595 1045 1639 1077 et
1659 1036 1724 1076 di-

294 1094 460 1149 gnitis?
493 1093 744 1134 Mamertini
768 1109 836 1135 me
860 1095 1029 1150 publice
1060 1109 1143 1135 non
1167 1096 1416 1136 invitar.unt
1439 1109 1506 1135 me
1539 1108 1636 1134 cum
1658 1093 1723 1134 di-

294 1165 361 1201 co,
384 1149 474 1190 leve
496 1161 580 1192 est:
614 1161 850 1192 senatorem
876 1151 1021 1207 populi
1046 1152 1231 1192 Romani
1253 1152 1286 1191 si
1308 1167 1392 1192 non
1417 1152 1725 1201 invitaverunt,

294 1206 500 1247 honmem
543 1208 737 1248 debitum
778 1209 976 1249 detraxei
981 1218 1069 1259 unt
1100 1224 1187 1249 non
1228 1209 1408 1260 homini,
1454 1209 1525 1250 sed
1568 1207 1722 1258 ordini.

295 1263 441 1304 Nam
433 1264 514 1320 ipsi
531 1263 670 1306 Tullio
695 1267 869 1320 patebat
885 1266 1036 1306 domus
1055 1266 1388 1321 locupletissima
1403 1275 1446 1307 et
1464 1255 1727 1321 amplissima

295 1320 377 1362 Cn.
402 1320 599 1377 Pompeii
621 1322 838 1364 Basilisci.
873 1338 974 1386 quo,
997 1323 1163 1363 etiamsi
1187 1333 1295 1363 esset
1318 1323 1523 1364 invitatus
1545 1337 1570 1362 a
1588 1321 1725 1386 vobis,

292 1387 437 1418 tamen
457 1379 721 1419 dexeitisset.
757 1379 859 1420 Erat
875 1380 943 1420 eti
936 1395 1003 1420 im
1026 1380 1376 1430 Parcennimum,
1395 1381 1466 1435 qui
1487 1393 1601 1420 nunc
1622 1379 1728 1418 item

296 1434 494 1491 Pompeji
513 1445 624 1489 sunt,
647 1437 797 1477 domus
812 1436 1132 1478 honest1551ma
1165 1452 1249 1491 quo
1269 1437 1317 1477 L.
1337 1437 1467 1477 frater
1479 1451 1598 1477 meus
1613 1449 1728 1476 sum-

293 1507 364 1533 ma
405 1493 571 1533 illomm
617 1493 834 1534 voluntate
876 1494 1072 1534 devertit.
1115 1503 1284 1534 senator
1325 1494 1474 1549 populi
1523 1493 1726 1542 Romani,

294 1550 441 1604 quod
432 1565 475 1590 ln
499 1551 621 1590 iobis
645 1550 741 1600 fuit,
774 1551 813 1590 in
841 1561 983 1591 vestro
1019 1551 1180 1607 oppido
1208 1551 1349 1605 jacuit
1382 1561 1425 1591 et
1455 1549 1728 1613 pernoctavit

296 1607 339 1647 in
362 1607 550 1671 publico.
584 1607 714 1648 Nulla
734 1607 816 1648 hoc
839 1608 989 1648 civitas
1014 1622 1216 1662 umquam
1240 1608 1323 1648 alia
1343 1608 1572 1650 commisit.
1604 1605 1727 1646 Ami-

297 1678 394 1704 cum
431 1665 546 1704 enim
583 1674 777 1705 nostium
817 1665 858 1704 in
885 1664 1100 1719 judicium
1133 1666 1332 1705 vocabas.
1391 1664 1472 1715 Tu,
1503 1663 1605 1719 quid
1644 1677 1727 1719 ego

297 1721 499 1776 privatim
532 1722 696 1777 negotii
726 1736 886 1776 geram,
920 1722 1252 1776 interpretabere
1274 1720 1617 1762 &imminuendo
1649 1696 1729 1760 ho-

236 1788 286 1821 26
301 1792 401 1818 nore
424 1780 661 1819 senatorio?
694 1778 852 1819 Verum
876 1779 970 1819 haec
998 1788 1086 1819 tum
1119 1793 1356 1833 queremur,
1390 1778 1422 1819 si
1446 1777 1546 1833 quid
1579 1777 1631 1817 de
1653 1791 1728 1817 vo-

301 1835 364 1875 bis
388 1849 462 1890 per
483 1850 579 1875 eum
610 1835 804 1875 ordinem
837 1845 1001 1891 agetur,
1033 1836 1105 1890 qui
1139 1836 1244 1875 ordo
1278 1850 1302 1875 a
1323 1835 1446 1875 vobis
1468 1834 1607 1875 adhuc
1629 1833 1729 1874 solis

299 1901 540 1932 contemtus
563 1902 640 1932 est.
675 1892 724 1932 In
749 1894 895 1948 populi
920 1892 1105 1932 Romani
1128 1892 1300 1947 quidem
1323 1901 1617 1948 conspectum,
1641 1899 1727 1945 quo

298 1963 369 1989 ore
402 1964 476 1989 vos
509 1950 812 1990 commisistis?
843 1963 920 1990 nec
954 1951 1068 2005 prius
1102 1949 1217 1989 illam
1250 1963 1434 2000 crucem,
1466 1963 1562 2003 quae
1599 1948 1730 1988 etiam

298 2020 411 2046 nunc
432 2006 537 2046 cixis
565 2006 749 2047 Romani
772 2006 979 2062 sanguine
1001 2006 1223 2056 iedundat‚
1246 2021 1341 2061 quae
1362 2006 1451 2046 fixa
1471 2014 1534 2047 est
1555 2005 1607 2044 ad
1630 2018 1730 2060 por-

298 2073 389 2103 tum
409 2064 643 2118 urbemque
665 2073 863 2114 vestram,
886 2063 1122 2113 iexrellistis‚
1144 2077 1281 2126 neque
1303 2078 1347 2103 in
1369 2062 1631 2118 profundum
1653 2062 1729 2102 ab·-

291 2120 475 2175 Jecisffls,
507 2120 734 2176 locumque
763 2120 881 2161 illum
912 2135 1083 2160 omnem
1121 2120 1343 2175 expiastis‚
1379 2134 1507 2174 quam
1542 2117 1730 2159 Romam

298 2186 426 2232 atque
445 2178 487 2217 in
506 2177 658 2218 horum
678 2187 939 2218 conventum
956 2177 1152 2217 adiretis?
1186 2176 1237 2217 In
1258 2176 1618 2217 Mamertinorum
1638 2173 1729 2215 solo

298 2233 511 2275 foederato
534 2247 661 2289 atque
681 2244 832 2290 pacato
849 2244 1177 2274 monumentum
1196 2233 1318 2274 istius
1341 2233 1604 2274 crudelitatis
1626 2246 1730 2273 con·

299 2291 497 2331 stitutum
519 2301 597 2332 est.
633 2292 665 2331 V
672 2304 838 2332 estrane
854 2293 954 2332 urbs
974 2290 1109 2331 electa
1127 2300 1204 2340 est,
1227 2291 1279 2331 ad
1299 2305 1427 2345 quam
1446 2305 1544 2331 cum
1563 2289 1729 2330 adirent

298 2362 351 2388 ex
398 2348 535 2399 ltalia,
567 2363 735 2389 crucem
777 2349 883 2389 civis
923 2348 1109 2388 Romani
1145 2348 1276 2403 plius,
1307 2361 1435 2402 quam
1471 2359 1730 2402 quemquam

299 2405 484 2446 amicum
506 2406 650 2461 populi
671 2406 856 2445 Romani
877 2405 1095 2446 viderent?
1127 2419 1255 2460 quam
1279 2419 1352 2444 vos
1374 2403 1599 2459 Rheginis,
1621 2417 1728 2457 quo-

298 2475 392 2502 ium
414 2462 578 2503 civitati
603 2462 816 2512 invidetis,
849 2462 953 2502 item
987 2461 1137 2502 incolis
1172 2461 1337 2511 v·est1is,
1367 2461 1532 2501 civibus
1568 2459 1729 2500 Roma-

297 2519 378 2569 nis,
410 2519 633 2560 ostendere
664 2519 821 2570 soletis,
853 2534 938 2574 quo
968 2519 1110 2559 minus
1143 2519 1225 2559 sibi
1255 2527 1470 2573 arrogent
1503 2517 1730 2572 minusque

338 2660 375 2689 91
399 2667 464 2688 non
491 2658 821 2699 morlo—nationibus]
847 2659 990 2690 Restitui
1033 2659 1125 2689 vidit.
1149 2658 1250 2689 Abest
1261 2661 1373 2688 tamen
1389 2657 1478 2687 modo
1493 2661 1525 2687 et
1542 2668 1560 2687 a
1574 2657 1638 2687 Ms.
1651 2657 1715 2688 Gn.

294 2699 438 2739 primum
450 2701 550 2736 modo,
562 2701 647 2739 quod
655 2701 807 2732 omiserat
818 2701 990 2738 Gruterus,
1067 2703 1107 2732 ‘22
1121 2700 1339 2731 imminuendo
1352 2700 1398 2739 1ι.]
1415 2699 1466 2728 Sic
1476 2700 1651 2738 conjuncte
1663 2699 1731 2729 edi·

296 2750 370 2771 cum
386 2742 428 2771 sit
442 2742 475 2771 in
490 2741 562 2772 edd.
578 2752 626 2782 pr.
639 2743 718 2772 item
732 2744 920 2773 nationibus
933 2753 991 2782 pro
1034 2742 1126 2779 di,ut
1137 2748 1187 2773 est
1199 2743 1234 2771 in
1246 2742 1309 2772 Ms.
1324 2741 1384 2771 Gu.
1395 2747 1428 2771 et
1440 2741 1510 2771 aliis
1524 2740 1729 2780 quibusdam,

295 2784 511 2820 arationibus,
527 2784 612 2822 quod
626 2790 698 2815 erat
712 2792 883 2824 peecatum
897 2791 991 2825 typo·
1035 2794 1100 2814 non
1113 2789 1153 2814 ut
1166 2784 1290 2823 vulgati
1306 2784 1339 2813 in
1354 2784 1432 2813 min.
1447 2785 1480 2813 Ιι.
1524 2783 1612 2814 Bene
1627 2783 1729 2814 latine

281 2825 487 2865 ,graphicum
508 2825 557 2856 ed.
572 2826 687 2856 Lamb.
703 2832 825 2857 temere
838 2838 856 2857 a
871 2828 991 2857 Grute-
1035 2835 1102 2857 non
1117 2826 1236 2859 dicitur
1247 2826 1460 2867 interpretari
1471 2826 1505 2856 in
1519 2835 1556 2856 re
1570 2827 1693 2866 aliqua.

295 2876 332 2898 ro
344 2873 378 2898 et
390 2868 490 2898 Gron.
506 2873 684 2906 servatum,
697 2874 736 2899 ut
751 2869 831 2900 bene
844 2869 991 2900 Graevius
