1907 3231
639 158 756 196 PRO
784 158 825 196 P.
859 155 1127 197 QUINTIO.
1549 157 1595 192 19

173 262 222 315 is,
245 277 386 319 quem,
407 261 576 318 quoties
601 261 778 303 Naevius
801 263 844 302 in
877 261 1063 303 Galliam
1093 257 1311 316 profectus
1342 266 1420 308 est,
1443 272 1596 314 procu-

174 330 355 361 ratorem
380 318 533 360 Romae
556 319 741 374 reliquit.
803 318 859 359 Et
880 319 1024 369 audes,
1045 317 1146 358 Sex.
1168 315 1309 366 Naevi,
1329 330 1498 370 negare,
1521 315 1596 355 ab·
1608 310 1680 358 ΞΟ

171 387 333 418 sentem
355 375 574 417 defensum
595 391 685 417 esse
708 376 953 426 Quintium,
976 389 1074 417 cum
1094 388 1191 416 eum
1209 372 1449 413 defenderit
1469 372 1596 423 idem,

169 434 243 488 qui
265 443 307 474 te
329 434 520 474 solebat?
550 443 606 484 et,
629 448 727 474 cum
751 434 784 473 is
809 433 1026 489 judicium
1049 429 1262 486 acceperit
1288 444 1364 485 pro
1397 428 1595 478 Quintio,

167 490 237 531 cui
261 500 306 531 tu
329 498 372 531 et
393 504 482 531 rem
505 499 546 530 et
571 490 729 531 famam
762 500 878 531 tuam
909 488 1210 531 commendare
1241 486 1530 542 proficiscens,
1551 494 1597 525 et

168 547 423 589 concredere
441 547 630 599 solebas;
662 548 828 589 conaris
847 547 931 588 hoc
952 546 1108 597 dicere,
1126 544 1341 586 neminem
1363 542 1593 593 exstitisse,

166 604 239 659 qui
260 604 490 652 Quintium
506 604 676 659 judicio
698 604 969 646 defenderet?
1003 602 1296 651 Postulabam,
1314 600 1471 655 inquit,
1493 599 1660 640 61u163

166 661 455 703 satisdaretur.
517 660 682 717 Injuria
703 662 963 718 postulabas.
1019 659 1337 715 Itajubebare':
1370 656 1594 703 recusabat

165 717 404 774 AlphenuS.
466 717 558 760 Ita:
598 734 741 760 verum
774 729 932 775 praetor
955 718 1236 759 decernebat:
1274 715 1434 756 tribu'ni
1461 714 1596 770 igitur

165 775 504 832 appellabantur.
539 776 626 817 Hic
650 787 705 827 te,
728 776 882 830 inquit,
897 785 1036 816 teneo.
1059 789 1147 815 non
1170 782 1234 814 est
1252 771 1595 827 isttidjudicium

164 833 270 888 pati,
291 847 430 888 neque
447 833 616 888 judicio
641 833 880 884 defendere,
903 847 1002 874 cum
1027 831 1236 872 auxilium
1261 845 1286 870 a
1312 829 1494 870 tribunis
1522 843 1594 884 pe-

164 900 243 931 tas.
304 889 405 931 Hoc
430 904 526 946 ego,
549 905 648 932 cum
672 889 862 940 attendo,
885 903 970 945 qua
991 888 1218 945 prudentia
1242 887 1297 927 sit
1320 886 1593 936 Hortensius,

162 947 379 988 dicturum
403 961 492 988 esse
516 961 613 988 eum
644 961 730 988 non
754 947 952 987 arbitror.
983 961 1081 987 cum
1106 955 1249 987 autem
1280 953 1406 985 antea
1435 943 1595 984 dixisse

163 1004 307 1056 audio,
329 1014 372 1045 et
393 1019 564 1045 causam
587 1004 724 1060 ipsam
752 1004 991 1055 considero,
1011 1003 1114 1059 quid
1138 1002 1252 1043 aliud
1277 1001 1418 1042 dicere
1443 1001 1594 1056 possit,

162 1075 250 1102 non
280 1061 459 1116 reperio.
491 1060 650 1102 fatetur
673 1061 803 1113 enim,
825 1061 990 1102 libellos
1012 1060 1259 1117 Alphenum
1282 1057 1502 1114 dejecisse,
1522 1073 1594 1098 va-

161 1117 402 1159 dimonium
433 1119 694 1174 promisisse,
718 1118 936 1174 judicium
966 1118 1070 1173 quin
1103 1117 1316 1173 acciperet
1347 1116 1391 1156 in
1423 1129 1473 1156 ea
1502 1115 1594 1171 ipsa

160 1175 306 1227 verba,
329 1190 426 1232 quae
454 1176 495 1217 N
501 1176 634 1216 aevius
665 1176 832 1227 edebat,
864 1176 905 1207 652
918 1190 1004 1216 non
1031 1187 1270 1225 recusasse;
1302 1173 1328 1198 ²*
1352 1173 1411 1213 ita
1434 1182 1592 1223 tamen,

159 1246 280 1273 more
304 1241 347 1273 et
377 1233 592 1284 instituto,
616 1247 690 1288 per
711 1247 809 1273 eum
838 1232 1155 1288 magistratum,
1178 1230 1252 1286 qui
1285 1229 1435 1271 auxilii
1466 1244 1595 1270 causa

159 1289 421 1331 constitutus
452 1300 530 1330 est.
590 1289 681 1330 Aut
703 1289 798 1330 haec
830 1288 946 1330 faeta
966 1303 1053 1329 non
1083 1289 1182 1338 sint,
1207 1295 1380 1327 necesse
1402 1295 1486 1328 est:
1519 1296 1592 1328 aut
1605 1296 1660 1337 64

161 1345 214 1387 C.
232 1345 461 1401 Aquillius,
481 1346 576 1386 talis
597 1346 872 1401 vir,juratus,
890 1345 1060 1401 hocjus
1083 1345 1126 1386 in
1147 1345 1322 1386 civitate
1340 1344 1591 1394 constituat,

157 1403 282 1458 cujus
314 1412 566 1459 procurator
595 1403 635 1433 63
648 1413 735 1444 non
761 1403 966 1444 recusarit
988 1402 1134 1443 omnia
1149 1401 1332 1457 judicia,
1355 1415 1451 1456 quae
1476 1401 1591 1456 quis-

156 1474 240 1515 que
261 1460 306 1501 in
328 1461 458 1501 verba
481 1460 729 1516 postularit:
761 1460 884 1515 cujus
915 1469 1169 1516 procurator
1198 1459 1277 1499 643,
1301 1467 1485 1514 praetore
1516 1458 1591 1498 tri-

159 1517 296 1558 bunos
315 1517 527 1574 appellare
545 1532 672 1558 ausus
687 1518 761 1569 sit,
780 1532 878 1558 eum
900 1532 988 1558 non
1007 1516 1179 1558 defendi
1196 1533 1204 1557 z
1228 1515 1323 1571 ejus
1342 1516 1590 1556 bona‘recte
1602 1524 1634 1554 P·
1650 1516 1698 1545 12.

155 1574 364 1630 possideri
396 1589 542 1631 posse:
586 1574 624 1615 ei
656 1575 827 1626 misero,
857 1575 1040 1626 absenti,
1072 1574 1238 1630 ignaro,
1269 1573 1308 1604 65
1323 1573 1469 1613 omnia
1504 1572 1590 1612 for-
1603 1567 1630 1586 ³·

156 1640 356 1673 tunarum
375 1646 561 1682 suarum,
581 1632 727 1673 omnia
745 1632 846 1673 vitae
866 1641 1118 1672 ornamenta
1135 1645 1211 1688 per
1230 1644 1444 1670 summum
1464 1629 1590 1670 dede·
1641 1680 1656 1687 ί

155 1703 230 1730 cus
261 1698 306 1730 et
343 1689 629 1746 ignominiam
657 1690 699 1721 66
711 1689 848 1746 deripi
883 1689 1127 1731 convenire.
1190 1688 1320 1735 Quod
1353 1687 1387 1728 si
1419 1687 1591 1743 probari
1604 1674 1656 1717 60

194 1803 233 1834 61
249 1808 288 1834 ut
300 1803 532 1844 satisdaretur]
558 1804 609 1834 Sic
625 1803 696 1835 edd.
712 1814 759 1845 pr.
782 1805 851 1846 ple-

153 1854 262 1884 raeque
275 1853 396 1886 praeter
409 1846 470 1877 Ed.
484 1847 537 1877 W.
552 1856 625 1886 quae
639 1846 739 1877 habet
756 1849 853 1879 satis-

154 1887 282 1918 darent.
325 1888 461 1928 Vulgati
495 1895 569 1929 post
599 1890 787 1927 sortimur-et,
812 1896 853 1921 ut

153 1929 203 1960 ed.
217 1930 306 1961 Med.
319 1931 392 1961 Ald.
405 1929 491 1961 unde
500 1932 534 1961 in
545 1932 740 1962 recentiores
752 1933 851 1963 venit.

153 1971 351 2010 Videndum,
379 1983 422 2003 an
449 1974 492 2005 sit
525 1974 729 2004 scribendum
754 1976 850 2005 satis-

152 2015 258 2045 dares.
276 2019 315 2045 ut
328 2016 513 2046 consentiat
524 2016 747 2055 sequentibuS,
755 2017 851 2059 jube-

153 2056 361 2088 bare—teneo
375 2061 550 2098 te—petas.
583 2058 662 2089 Post
677 2059 761 2089 edidi
775 2069 851 2089 cum

152 2099 281 2130 Graevio
297 2100 469 2141 jubebar-8,
502 2105 543 2130 ut
575 2101 714 2141 conjecit
743 2101 849 2132 Hoto-

153 2150 307 2179 mannu5‚
346 2142 447 2173 edidit
481 2142 624 2183 primum
657 2143 848 2175 Lambinus.

153 2181 235 2214 Edd.
250 2187 331 2215 vett.
345 2184 470 2215 babent
482 2185 549 2215 fere
563 2185 726 2223 videbare,
742 2190 780 2216 ut
793 2186 846 2217 W.

153 2225 193 2256 R.
202 2225 240 2256 B.
252 2226 405 2266 &e.quod
419 2231 536 2258 natum
550 2234 600 2257 est
609 2227 733 2268 syllaba
744 2229 851 2268 prima

150 2268 186 2297 in
201 2267 340 2306 inversa,
356 2272 394 2299 ut
415 2269 595 2300 sexcenties
612 2269 736 2300 sactum
751 2276 801 2301 est
815 2272 850 2303 in

151 2309 241 2340 libris
256 2320 318 2342 scr.
333 2315 367 2341 et
379 2310 450 2342 edd.
486 2311 689 2342 Faeciolatus
704 2322 787 2343 corr.
800 2313 851 2345 ita

150 2353 280 2383 videbat
290 2365 300 2383 :
320 2353 407 2392 quod
418 2358 485 2383 non
500 2354 661 2394 intelligo.

193 2395 235 2426 62
255 2405 319 2425 non
351 2396 527 2436 recusasse]
576 2396 640 2427 Hie
670 2396 852 2429 Lambinus

151 2437 290 2476 putabat
302 2437 468 2473 excidisse,
482 2448 555 2468 eum
566 2439 727 2470 satisdare
739 2450 759 2470 a
765 2449 854 2480 prce·

151 2483 221 2509 tore
240 2478 428 2521 juberetur,
456 2490 620 2512 recusasse
628 2495 638 2515 ;
669 2491 746 2512 nam
774 2482 854 2513 alias

152 2522 322 2561 sequentia
336 2521 375 2552 de
390 2522 611 2562 appellatione
624 2523 724 2554 tribb.
739 2523 850 2555 locum

152 2572 220 2594 non
235 2563 365 2595 habere.
408 2564 555 2595 Graevius
571 2567 717 2605 agnoscit
733 2573 765 2597 et
783 2567 852 2607 ipse

151 2605 318 2643 lacunam,
331 2615 468 2646 eamque
481 2607 591 2647 explet
609 2608 675 2639 ita:
694 2609 739 2639 At
757 2608 849 2639 νέαι-

150 2649 236 2678 savit
247 2648 409 2680 satisdare
419 2661 428 2678 :
438 2650 486 2679 ita
500 2654 623 2687 tamen,
636 2650 723 2690 quod
735 2649 849 2681 eodem

152 2699 249 2720 sensu
271 2691 364 2721 redit.
410 2691 606 2729 Huiusmodi
623 2692 755 2734 quidem
770 2691 848 2732 quid

150 2731 305 2766 excidisse
331 2738 459 2764 certum
485 2739 534 2764 est
546 2745 556 2770 ς
581 2744 653 2775 quae
682 2731 849 2765 Ciceronis

152 2774 250 2805 verba
263 2774 398 2812 fuerint,
408 2776 582 2806 incertum.
590 2776 730 2811 ,stellula
738 2776 849 2808 locum

149 2816 274 2847 notavi.
570 2815 575 2821 '

192 2857 233 2888 63
255 2868 318 2890 non
331 2861 493 2891 recusarit
508 2857 770 2902 omniujudieia]
796 2860 850 2892 Sic

149 2910 167 2931 e
181 2899 244 2932 ΜΕ.
261 2900 374 2932 Franc.
391 2902 492 2936 edidit
507 2901 663 2933 Graevius.
690 2902 848 2943 Vulgata,

893 1815 955 1835 non
969 1805 1078 1835 omnia
1082 1803 1214 1846 judicia
1233 1802 1404 1842 acceperit,
1418 1802 1522 1832 est'ab
1536 1801 1592 1832 Al-

894 1847 948 1884 do,
970 1857 1070 1887 quam
1088 1850 1176 1877 recte
1197 1845 1372 1886 repudiant
1399 1845 1536 1875 Hotom.
1557 1849 1593 1875 et

894 1889 1012 1920 Lamb.
1039 1889 1122 1920 Edd.
1140 1898 1190 1931 pr.
1205 1893 1361 1919 neutrum
1381 1887 1515 1918 verbum
1536 1887 1594 1917 ha-

895 1931 985 1962 bent.

933 1974 975 2005 64
996 1984 1018 2004 α
1040 1978 1181 2013 proetore
1207 1973 1300 2003 tribb.
1328 1972 1460 2011 appell.]
1504 1972 1594 2002 Male

893 2017 1045 2056 quaedam
1060 2015 1133 2046 edd.
1148 2016 1206 2046 Br.
1225 2015 1320 2045 Junt.
1336 2015 1409 2045 Ald.
1426 2014 1516 2045 Man.
1533 2015 1593 2045 δερ.

894 2059 1021 2090 addunt
1040 2058 1097 2095 ad,
1113 2058 1198 2098 quod
1218 2057 1290 2087 edd.
1307 2066 1355 2096 pr.
1372 2066 1438 2086 non
1459 2057 1592 2087 habent.

891 2101 969 2132 Non
988 2101 1102 2131 dicunt
1115 2100 1226 2131 Latini
1243 2100 1410 2139 appellare
1423 2099 1470 2128 ad
1490 2100 1592 2129 tribu-

891 2154 958 2174 nos.
1001 2143 1148 2174 Graevius
1174 2142 1280 2173 adfert
1306 2141 1416 2171 locum
1448 2141 1515 2171 Cic.
1552 2140 1593 2177 ad

890 2186 963 2217 Att.
977 2185 1074 2216 XIII.
1090 2185 1136 2216 ad
1147 2185 1240 2218 tribb.
1256 2184 1340 2224 quod
1351 2185 1508 2223 appellas,
1515 2193 1593 2222 pro-

892 2229 939 2260 ho.
962 2238 1030 2259 non
1046 2227 1190 2259 indicata
1206 2225 1356 2267 epistola,
1380 2231 1418 2255 ut
1439 2226 1473 2255 in
1491 2225 1590 2256 Thes.

891 2271 1039 2302 Gesneri.
1062 2270 1168 2301 Locus
1181 2274 1230 2300 est
1245 2279 1295 2309 ep.
1311 2270 1362 2300 9⁶2.
1386 2267 1448 2297 Sed
1460 2268 1503 2297 ibi
1517 2278 1594 2299 vera

892 2312 991 2343 lectio
1012 2317 1063 2343 est
1083 2313 1256 2343 attributos
1275 2310 1360 2350 quod
1377 2311 1534 2350 appellas,
1555 2317 1593 2341 ut

893 2355 1019 2386 editum
1031 2359 1081 2386 est
1093 2355 1133 2385 ab
1148 2354 1217 2394 ipso
1232 2352 1372 2382 Graevio.
1408 2351 1481 2382 ICti
1493 2353 1593 2383 serio-

893 2397 937 2429 ris
952 2398 1013 2429 aevi
1026 2397 1160 2428 demum
1174 2397 1219 2426 sic
1235 2395 1340 2426 dicere
1356 2400 1539 2434 coeperunt.

936 2439 976 2470 65
999 2440 1109 2470 omnia
1111 2437 1334 2478 jbrtunarmn
1347 2436 1501 2475 suarum]
1526 2436 1592 2468 Ad-

895 2481 1035 2512 didimus
1053 2482 1163 2512 omnia
1183 2490 1259 2510 eum
1279 2479 1510 2515 Hotomanno,
1536 2480 1593 2518 qui

892 2524 929 2555 in
950 2523 1015 2555 Ms.
1033 2523 1166 2563 reperit,
1181 2521 1297 2553 Lamb.
1325 2520 1409 2550 Aldo
1424 2521 1472 2551 ed.
1492 2524 1591 2552 1550:

894 2565 950 2596 sed
972 2566 1142 2596 referimus
1164 2564 1205 2594 ad
1221 2567 1426 2594 ornamenta.
1470 2563 1592 2603 Vulga-

890 2612 963 2638 tum
987 2607 1117 2646 quidem
1139 2607 1258 2646 ignaro
1269 2604 1494 2645 fortunarum
1516 2615 1592 2635 sua-

890 2660 968 2681 rum
980 2658 1110 2680 sensum
1123 2649 1308 2679 nonhabet.
1324 2657 1400 2677 narn
1417 2647 1504 2686 quod
1512 2648 1593 2678 Gui-

889 2691 1033 2722 lielmius
1053 2690 1159 2722 adfert
1179 2701 1218 2722 ex
1236 2691 1293 2721 Or.
1317 2699 1376 2730 pro
1398 2689 1494 2720 Rosc.
1517 2690 1592 2720 Am.

893 2737 944 2766 35.
977 2735 1119 2774 ignarus
1146 2743 1241 2765 casus
1271 2733 1335 2768 wi,
1361 2730 1505 2762 alienum
1531 2736 1592 2762 est.

894 2776 1047 2807 Fortunae
1074 2785 1202 2816 semper
1229 2775 1385 2805 dicuntur
1411 2774 1445 2804 in
1471 2774 1594 2804 bonam

892 2824 1031 2859 partem.
1075 2817 1146 2850 Nee
1171 2817 1244 2848 loca
1270 2827 1290 2847 a
1313 2816 1442 2847 Graevio
1464 2816 1600 2857 prolata*

891 2866 1008 2892 contra
1022 2860 1145 2891 valent.

934 2903 975 2934 66
996 2903 1094 2943 diripi
1118 2901 1298 2941 convenire]
1337 2900 1494 2942 Dii-iperii
1519 2907 1594 2931 cun

840 2951 911 2987 02
