1907 3231
508 107 633 145 ACT.
663 106 716 144 Π.
747 104 932 142 LIBER
959 104 1202 144 PRIMUS.
1500 107 1573 146 175

139 224 232 262 naS,
253 212 555 252 720'mamenta
575 210 721 251 omnia
740 210 957 251 amiserit?
987 208 1110 263 cujus
1133 215 1307 264 propter
1337 207 1423 248 indi
1431 207 1573 263 gnita-

139 277 226 309 tem
242 268 414 323 judicii,
436 268 671 324 saepissime
692 278 758 308 est
783 279 927 309 actum
949 266 993 307 in
1016 275 1180 316 senatu,
1203 275 1252 305 ut
1272 267 1311 298 73
1322 279 1457 320 genus
1489 265 1571 306 hoc
1584 283 1615 313 p.
1633 275 1703 306 108.

140 333 282 366 totum
310 325 540 365 multarum
573 341 622 366 ac
646 325 914 380 judiciorum
944 323 1155 379 ejusmodi
1181 321 1413 363 tolleretur.
1470 321 1613 363 jama-

140 397 242 423 vero
264 384 309 423 in
333 383 454 423 bonis
478 383 534 429 Q.
559 382 724 438 Opimii
749 382 994 432 vendendis,
1016 395 1120 436 quas
1141 381 1221 420 iste
1240 379 1421 435 praedaS,
1444 393 1573 433 quam

138 449 298 496 aperte,
332 455 461 494 quam
502 441 699 496 improbe
736 439 900 491 fecerit,
938 439 1116 494 longum
1153 446 1218 478 est
1254 436 1410 477 dicere.
1471 435 1575 477 Hoc

137 497 260 539 dico:
292 496 374 537 nisi
398 498 521 538 vobis
553 498 596 538 id
626 497 853 538 hominum
883 495 1283 537 honestissimorum
1305 492 1462 534 tabulis
1483 493 1575 549 pla-

137 567 242 594 num
279 553 437 606 fecero,
475 555 582 611 fingi
624 570 649 596 a
688 569 757 595 me
794 554 878 595 hoc
916 563 1056 595 totum
1087 551 1292 609 temporis
1329 565 1459 592 causa
1493 565 1573 606 pu-

136 619 288 652 tatote.

193 668 294 710 Jam
327 669 399 724 qui
433 684 487 710 ex
520 669 764 711 calamitate
802 667 1008 709 senatoris
1045 666 1193 724 populi
1233 665 1436 715 Romani,
1471 679 1569 706 cum
1585 673 1660 714 157

137 735 298 782 praetor
332 727 502 782 judicio
539 727 631 782 ejus
672 725 928 783 prae-fuisset,
967 726 1103 781 spolia
1134 725 1310 765 domum
1348 737 1469 764 suam
1505 737 1570 763 re-

135 783 260 834 ferre,
283 792 326 824 et
356 784 581 825 manubias
605 783 826 825 detrahere
848 792 1026 824 conatus
1048 791 1137 833 est3
1169 782 1203 821 is
1234 781 1363 821 ullam
1394 781 1448 821 ab
1479 795 1569 820 sese

137 840 428 882 calamitatem
450 843 609 898 poterit
629 840 875 896 deprecari?
907 840 1020 880 Nam
1043 842 1083 873 74
1096 839 1148 879 de
1170 838 1476 879 subsortitione
1501 837 1572 878 illa
1583 828 1652 884 61

135 897 539 955 Junianajudicum
562 898 669 939 nihil
692 898 805 939 dico.
858 897 976 944 Quid
997 896 1140 939 enim?
1171 899 1370 936 75contra
1390 895 1572 946 tabulas,

136 970 241 1010 quas
265 965 309 997 tu
342 957 574 1013 protulisti,
597 955 776 996 audeam
798 955 966 997 dicere?
997 953 1173 995 difficile
1194 963 1272 994 est.
1333 952 1435 993 Non
1457 953 1574 994 enim

135 1027 205 1053 me
228 1023 301 1054 tua
323 1015 473 1064 solum,
495 1013 752 1069 etjudicum
775 1012 1022 1063 auctoritas,
1046 1011 1118 1052 sed
1140 1011 1270 1052 etiam
1295 1009 1476 1051 annulus
1499 1025 1574 1050 au-

135 1085 230 1112 reus
254 1071 405 1112 scribae
439 1071 500 1112 tui
521 1072 720 1113 deterret.
782 1071 884 1112 Non
905 1070 1047 1110 dicam
1068 1069 1126 1120 id,
1148 1068 1264 1125 quod
1287 1069 1468 1124 probare
1489 1067 1574 1108 dif-

136 1127 249 1168 ficile
277 1138 366 1170 est:
399 1129 482 1169 hoc
511 1129 666 1179 dicam,
696 1128 812 1184 quod
845 1128 1082 1178 ostendam,
1113 1126 1271 1167 multos
1301 1139 1356 1166 ex
1387 1134 1428 1166 te
1457 1124 1572 1166 viros

133 1185 359 1241 primarios
391 1187 573 1236 audisse,
595 1201 694 1227 cum
717 1186 894 1235 diceres,
918 1185 1084 1240 ignosci
1117 1185 1196 1225 tibi
1222 1192 1433 1239 oportere,
1455 1182 1572 1238 quod

134 1241 289 1284 falsum
311 1244 505 1285 codicem
529 1243 768 1300 protuleris.
792 1257 906 1292 nam,
928 1257 1013 1297 qua
1034 1242 1198 1282 invidia
1217 1240 1267 1281 C.
1289 1239 1445 1281 ,Iunius
1468 1254 1572 1281 con-

135 1300 352 1364 flagrarat,
373 1316 437 1353 ea,
459 1301 540 1342 nisi
574 1301 846 1358 providisses,
869 1300 950 1340 tibi
983 1299 1065 1356 ipsi
1096 1309 1189 1340 tum
1218 1297 1482 1356 pereundum
1504 1296 1571 1337 fu-

135 1372 234 1399 isse.

192 1415 294 1457 Hoc
314 1415 445 1457 modo
466 1415 546 1456 iste
568 1415 649 1456 sibi
671 1424 715 1456 et
737 1414 861 1455 saluti
885 1429 972 1455 suae
1002 1413 1250 1470 prospicere
1271 1411 1439 1463 didicit,
1461 1410 1570 1452 refe·
1586 1420 1658 1454 158

135 1473 268 1514 rendo
290 1473 334 1514 in
357 1473 522 1514 tabulas
544 1482 587 1513 et
618 1474 804 1529 privatas
826 1480 870 1512 et
899 1471 1109 1528 publicas,
1134 1470 1250 1526 quod
1282 1480 1452 1526 gestum
1483 1484 1572 1510 non

134 1539 270 1572 esset:
304 1531 506 1582 tollendo,
549 1530 665 1586 quod
697 1539 822 1581 esset,
859 1539 903 1570 et
944 1543 1110 1585 semper
1147 1527 1309 1582 aliquid
1346 1527 1573 1578 demendo,

133 1588 357 1640 mutando,
379 1590 421 1623 76
433 1588 637 1638 curando,
658 1602 712 1628 ne
733 1587 862 1628 litura
882 1596 1121 1643 appareret,
1144 1584 1458 1641 interpolando.
1508 1583 1573 1625 Eo

133 1646 250 1686 enim
271 1660 406 1702 usque
428 1645 715 1702 progreditur,
738 1654 786 1686 ut
815 1659 869 1685 ne
897 1644 1193 1686 defensionem
1215 1643 1389 1698 quidem
1409 1640 1574 1682 malefi-

133 1703 300 1744 ciorum
322 1718 496 1745 suorum
519 1704 609 1744 sine
631 1703 724 1744 aliis
745 1701 968 1743 maleficiis
990 1706 1029 1737 77
1043 1701 1228 1758 reperire
1248 1700 1401 1756 possit.
1445 1698 1573 1754 Ejus-

131 1755 230 1801 dem
259 1761 377 1803 modi
409 1761 679 1802 sortitionem
700 1760 832 1801 homo
855 1759 1171 1801 amentissimus
1203 1772 1378 1798 suorum
1400 1771 1573 1813 quoque

126 1817 328 1874 judicum
350 1818 441 1859 fore
464 1819 633 1875 putavit
660 1833 735 1875 per
756 1817 945 1859 sodalem
967 1832 1105 1868 suum,
1129 1817 1186 1864 Q.
1211 1815 1426 1866 Curtium,
1450 1814 1572 1870 judi-

132 1876 273 1917 dicem
294 1876 571 1932 quaestionis:
603 1878 672 1917 cui
703 1876 785 1916 nisi
808 1890 890 1932 ego
913 1875 955 1916 vi
977 1875 1142 1931 populi,
1163 1882 1207 1915 et
1235 1873 1463 1914 hominum
1485 1871 1571 1913 cla-

130 1947 251 1975 more
283 1943 412 1989 atque
445 1934 637 1975 convitio
674 1933 951 1985 restitissem3
982 1948 1037 1974 ex
1077 1932 1159 1973 hac
1197 1931 1371 1972 decuria
1408 1939 1568 1981 nostra,
1581 1937 1612 1968 b.

131 1991 308 2048 'lsscujus
338 1991 447 2032 mihi
480 1992 651 2048 copiam
684 2006 814 2047 quam
850 1991 1090 2047 largissime
1123 1989 1284 2031 factam
1326 1988 1570 2044 oportebat,

871 2131 927 2162 sed
942 2141 1009 2162 11011
1031 2131 1147 2162 intulit
1161 2131 1196 2162 in
1209 2134 1354 2166 textum,
1371 2129 1447 2168 quia
1459 2132 1571 2158 totum

871 2174 935 2205 hoc
950 2180 1137 2214 suspectum
1151 2174 1304 2204 habebat.
1335 2173 1422 2202 Ante
1436 2176 1498 2207 est,
1512 2172 1572 2200 tol-

873 2218 965 2247 lendo
985 2217 1071 2257 quod
1082 2221 1180 2247 esset:
1202 2225 1279 2256 ergo
1301 2215 1354 2245 hic
1377 2214 1571 2250 necessario,

171 2133 213 2165 72
235 2137 428 2163 ornamenta
443 2132 567 2171 omnia]
598 2132 665 2173 Int.
679 2132 829 2162 ordinem

130 2176 347 2212 senatorium,
363 2176 417 2214 qni
432 2186 506 2206 eum
529 2185 627 2205 censu
649 2175 828 2211 amittitur,

130 2220 166 2247 et
187 2217 253 2247 alia
274 2217 349 2248 inde
370 2218 548 2258 pendentia
562 2218 734 2248 commoda
749 2227 830 2258 prae-

129 2258 227 2299 cipua
241 2260 277 2290 in
290 2261 434 2291 civitate.

173 2305 213 2335 73
244 2312 350 2341 genus
383 2305 440 2333 hoc
474 2301 674 2342 multarum]
705 2302 743 2333 de
777 2302 829 2332 his

129 2344 246 2374 multis
261 2356 290 2375 v.
303 2345 463 2376 Budaeum
482 2346 523 2376 ad
537 2345 691 2376 Paudect.
708 2356 740 2385 p.
759 2347 827 2379 149.

129 2385 181 2417 ed.
194 2387 268 2418 Bas.
283 2388 356 2418 add.
371 2388 462 2419 Clav.
477 2388 512 2418 in
526 2388 556 2418 h.
574 2398 603 2418 v,

169 2432 212 2463 74
232 2431 272 2460 de
291 2431 514 2462 subsortitione
527 2430 626 2472 Jam]
644 2441 673 2461 v.
688 2429 745 2460 Or.
766 2438 827 2470 pro

130 2469 264 2503 Cluent.
280 2483 308 2503 c.
323 2475 375 2504 33.

146 2542 150 2545 .
171 2517 213 2548 75
234 2520 348 2546 eontra
374 2515 519 2555 tabulae]
549 2515 613 2545 Eas
637 2513 734 2545 falsas
759 2523 827 2544 esse

129 2553 364 2589 demonstrare.
389 2558 607 2597 Moxxl'alsecm
621 2558 757 2587 codicem
773 2567 828 2597 ap-

129 2598 242 2638 pellat.
254 2600 414 2631 «Indicum
429 2602 659 2631 austeritatem
671 2599 751 2630 dicit
766 2599 830 2628 iro-

131 2640 204 2671 nice
223 2641 262 2672 de
284 2642 322 2673 iis
334 2643 511 2682 judicibus,
533 2643 589 2683 qui
612 2643 647 2673 in
672 2641 730 2672 illa
755 2642 832 2671 sub-

130 2683 304 2715 sortitione
333 2686 477 2717 fueraut.
506 2685 545 2716 de
579 2685 704 2716 annulo
731 2694 830 2715 aureo

129 2725 243 2755 scribae
258 2737 288 2756 v.
300 2728 393 2758 Vei-r.
408 2728 474 2766 111,
491 2731 542 2759 80.

172 2768 214 2800 76
226 2771 382 2807 curando,
395 2780 436 2801 ne
449 2772 554 2801 litura
568 2769 756 2809 appareret]
776 2770 828 2800 Sic

131 2809 338 2847 scribendum
353 2823 420 2845 esse
442 2813 523 2845 vidit
540 2814 611 2854 jam
633 2812 828 2851 Lambinus,

871 2269 912 2290 ne
924 2264 1108 2300 appareret.

914 2306 954 2337 77
969 2303 1112 2342 reperire
1121 2300 1236 2341 possit]
1263 2299 1347 2329 Dedi
1362 2308 1421 2339 pro
1434 2297 1572 2337 mlgato

865 2350 981 2385 posset.
1006 2345 1146 2375 refertur
1166 2343 1256 2374 enim
1281 2341 1322 2372 ad
1342 2341 1569 2381 progreditur.

869 2388 922 2418 Sic
943 2389 1016 2426 jam
1038 2387 1164 2417 editum
1186 2389 1236 2416 est
1259 2385 1294 2414 in
1316 2383 1571 2422 Basileensibus,

871 2430 1058 2466 Cratandri,
1075 2428 1254 2459 Camerarii
1269 2428 1326 2457 &c.
1339 2427 1375 2456 in
1387 2425 1437 2456 ed.
1451 2424 1569 2457 Lamb'.

871 2473 1032 2503 Gruterus
1046 2478 1170 2502 temere
1187 2474 1293 2510 posset
1305 2479 1344 2499 ex
1359 2468 1430 2499 edd.
1453 2469 1571 2509 priori-

871 2516 930 2545 bus
947 2514 1121 2551 revocavit,
1137 2522 1268 2544 see-urus
1283 2510 1472 2548 latinitatis.

913 2561 953 2591 7¹0
976 2556 1071 2599 eujus
1086 2556 1165 2587 mihi
1181 2553 1319 2594 copiam]
1336 2554 1494 2584 Asconius
1511 2562 1570 2592 po-

872 2604 1031 2630 testatem.
1076 2599 1136 2629 Est
1151 2598 1270 2638 glossa,
1285 2601 1365 2627 nata
1377 2606 1395 2626 e
1409 2596 1507 2626 verbo
1521 2605 1569 2626 se-

874 2648 994 2682 quente
1005 2642 1172 2682 facultas,
1187 2640 1273 2680 quod
1285 2645 1401 2670 tamen
1413 2643 1447 2669 et
1461 2638 1570 2679 ipsum

871 2685 924 2715 hic
947 2694 1014 2715 non
1036 2688 1236 2725 potestatem
1256 2682 1368 2718 aliam,
1385 2690 1483 2720 quam
1497 2689 1570 2720 quae

871 2731 920 2757 est
943 2729 978 2758 in
999 2727 1138 2766 alicujus
1161 2727 1206 2756 rei
1224 2724 1384 2756 facultate
1398 2723 1570 2764 copiaque,

869 2770 1046 2809 significat,
1067 2774 1106 2800 ut
1126 2769 1160 2798 in
1173 2767 1329 2808 facultas
1346 2774 1523 2797 numorzcm
1537 2770 1572 2796 et

870 2812 1042 2843 similibus.
1057 2822 1086 2842 v.
1101 2811 1192 2842 Clav.
1207 2811 1242 2840 in
1256 2810 1288 2840 h.
1304 2819 1335 2840 v.
