<?xml version="1.0" encoding="UTF-8"?>
<!DOCTYPE html PUBLIC "-//W3C//DTD XHTML 1.0 Transitional//EN"
    "http://www.w3.org/TR/xhtml1/DTD/xhtml1-transitional.dtd">
<html xmlns="http://www.w3.org/1999/xhtml" xml:lang="en" lang="en">
 <head>
  <title>
</title>
<meta http-equiv="Content-Type" content="text/html;charset=utf-8" />
  <meta name='ocr-system' content='tesseract 3.04.00' />
  <meta name='ocr-capabilities' content='ocr_page ocr_carea ocr_par ocr_line ocrx_word'/>
</head>
<body>
  <div class='ocr_page' id='page_1' title='image "./p1operaomnia02ciceuoft_0736.png"; bbox 0 0 1907 3231; ppageno 0'>
   <div class='ocr_carea' id='block_1_1' title="bbox 253 151 1793 1785">
    <p class='ocr_par' dir='ltr' id='par_1_1' title="bbox 329 151 1767 1146">
     <span class='ocr_line' id='line_1_1' title="bbox 329 151 1168 194; baseline -0.006 0"><span class='ocrx_word' id='word_1_1' title='bbox 329 153 408 194; x_wconf 72' lang='lat'>¹712</span> <span class='ocrx_word' id='word_1_2' title='bbox 919 151 1168 191; x_wconf 84' lang='lat' dir='ltr'>ORATIO</span> 
     </span>
     <span class='ocr_line' id='line_1_2' title="bbox 330 254 1757 321; baseline 0.003 -25"><span class='ocrx_word' id='word_1_3' title='bbox 330 254 540 297; x_wconf 81' lang='lat' dir='ltr'>retinendi</span> <span class='ocrx_word' id='word_1_4' title='bbox 562 262 713 297; x_wconf 82' lang='lat' dir='ltr'>contra</span> <span class='ocrx_word' id='word_1_5' title='bbox 733 254 1020 298; x_wconf 83' lang='lat' dir='ltr'>voluntatem:</span> <span class='ocrx_word' id='word_1_6' title='bbox 1046 255 1234 296; x_wconf 71' lang='lat' dir='ltr'>⁸2s0riba</span> <span class='ocrx_word' id='word_1_7' title='bbox 1254 255 1493 308; x_wconf 76' lang='lat' dir='ltr'>damnatus,</span> <span class='ocrx_word' id='word_1_8' title='bbox 1515 257 1619 321; x_wconf 72' lang='lat' dir='ltr'>ordo</span> <span class='ocrx_word' id='word_1_9' title='bbox 1641 258 1757 300; x_wconf 59' lang='lat' dir='ltr'>totus</span> 
     </span>
     <span class='ocr_line' id='line_1_3' title="bbox 331 311 1758 368; baseline 0.004 -16.1"><span class='ocrx_word' id='word_1_10' title='bbox 331 311 518 353; x_wconf 87' lang='lat' dir='ltr'>alienus:</span> <span class='ocrx_word' id='word_1_11' title='bbox 551 312 722 354; x_wconf 85' lang='lat' dir='ltr'>Sullana</span> <span class='ocrx_word' id='word_1_12' title='bbox 751 312 1010 368; x_wconf 80' lang='lat' dir='ltr'>gratificatio</span> <span class='ocrx_word' id='word_1_13' title='bbox 1041 312 1317 368; x_wconf 76' lang='lat' dir='ltr'>r2eprehensa</span> <span class='ocrx_word' id='word_1_14' title='bbox 1349 314 1471 355; x_wconf 89' lang='lat' dir='ltr'>multi</span> <span class='ocrx_word' id='word_1_15' title='bbox 1505 314 1583 355; x_wconf 86' lang='lat' dir='ltr'>viri</span> <span class='ocrx_word' id='word_1_16' title='bbox 1613 314 1758 366; x_wconf 77' lang='lat' dir='ltr'>fortes,</span> 
     </span>
     <span class='ocr_line' id='line_1_4' title="bbox 332 368 1758 431; baseline 0.003 -22"><span class='ocrx_word' id='word_1_17' title='bbox 332 378 376 409; x_wconf 86' lang='lat' dir='ltr'>et</span> <span class='ocrx_word' id='word_1_18' title='bbox 392 382 539 431; x_wconf 87' lang='lat' dir='ltr'>prope</span> <span class='ocrx_word' id='word_1_19' title='bbox 569 384 664 426; x_wconf 83' lang='lat' dir='ltr'>pars</span> <span class='ocrx_word' id='word_1_20' title='bbox 693 369 880 412; x_wconf 83' lang='lat' dir='ltr'>civitatis</span> <span class='ocrx_word' id='word_1_21' title='bbox 910 368 1074 410; x_wconf 85' lang='lat' dir='ltr'>offensa</span> <span class='ocrx_word' id='word_1_22' title='bbox 1093 378 1181 411; x_wconf 85' lang='lat' dir='ltr'>est·</span> <span class='ocrx_word' id='word_1_23' title='bbox 1212 369 1305 411; x_wconf 85' lang='lat' dir='ltr'>lites</span> <span class='ocrx_word' id='word_1_24' title='bbox 1336 384 1479 412; x_wconf 87' lang='lat' dir='ltr'>severe</span> <span class='ocrx_word' id='word_1_25' title='bbox 1510 371 1758 413; x_wconf 71' lang='lat' dir='ltr'>aestimataet</span> 
     </span>
     <span class='ocr_line' id='line_1_5' title="bbox 332 425 1762 490; baseline 0.001 -24"><span class='ocrx_word' id='word_1_26' title='bbox 332 425 402 466; x_wconf 91' lang='lat' dir='ltr'>cui</span> <span class='ocrx_word' id='word_1_27' title='bbox 433 425 589 490; x_wconf 66' lang='lat' dir='ltr'>placet,</span> <span class='ocrx_word' id='word_1_28' title='bbox 617 425 916 468; x_wconf 81' lang='lat' dir='ltr'>obliviscitur:</span> <span class='ocrx_word' id='word_1_29' title='bbox 939 425 1009 467; x_wconf 90' lang='lat' dir='ltr'>cui</span> <span class='ocrx_word' id='word_1_30' title='bbox 1040 425 1170 476; x_wconf 87' lang='lat' dir='ltr'>dolet,</span> <span class='ocrx_word' id='word_1_31' title='bbox 1192 427 1402 468; x_wconf 83' lang='lat' dir='ltr'><strong>meminit.</strong></span> <span class='ocrx_word' id='word_1_32' title='bbox 1464 426 1686 469; x_wconf 87' lang='lat' dir='ltr'>Postremo</span> <span class='ocrx_word' id='word_1_33' title='bbox 1714 436 1762 468; x_wconf 86' lang='lat' dir='ltr'>tu</span> 
     </span>
     <span class='ocr_line' id='line_1_6' title="bbox 332 481 1763 540; baseline 0.002 -18"><span class='ocrx_word' id='word_1_34' title='bbox 332 482 377 522; x_wconf 91' lang='lat' dir='ltr'>in</span> <span class='ocrx_word' id='word_1_35' title='bbox 402 482 664 537; x_wconf 85' lang='lat' dir='ltr'>provinciam</span> <span class='ocrx_word' id='word_1_36' title='bbox 696 484 756 523; x_wconf 89' lang='lat' dir='ltr'>ire</span> <span class='ocrx_word' id='word_1_37' title='bbox 785 481 974 523; x_wconf 88' lang='lat' dir='ltr'>noluisti.</span> <span class='ocrx_word' id='word_1_38' title='bbox 1004 495 1089 523; x_wconf 89' lang='lat' dir='ltr'>non</span> <span class='ocrx_word' id='word_1_39' title='bbox 1123 496 1296 538; x_wconf 85' lang='lat' dir='ltr'>possum</span> <span class='ocrx_word' id='word_1_40' title='bbox 1327 484 1369 524; x_wconf 87' lang='lat' dir='ltr'>id</span> <span class='ocrx_word' id='word_1_41' title='bbox 1401 484 1445 526; x_wconf 90' lang='lat' dir='ltr'>in</span> <span class='ocrx_word' id='word_1_42' title='bbox 1466 494 1508 525; x_wconf 90' lang='lat' dir='ltr'>te</span> <span class='ocrx_word' id='word_1_43' title='bbox 1535 484 1763 540; x_wconf 87' lang='lat' dir='ltr'>reprehen-</span> 
     </span>
     <span class='ocr_line' id='line_1_7' title="bbox 331 538 1764 597; baseline 0.002 -18"><span class='ocrx_word' id='word_1_44' title='bbox 331 539 446 589; x_wconf 84' lang='lat' dir='ltr'>dere,</span> <span class='ocrx_word' id='word_1_45' title='bbox 476 540 589 594; x_wconf 91' lang='lat' dir='ltr'>quod</span> <span class='ocrx_word' id='word_1_46' title='bbox 617 540 659 580; x_wconf 88' lang='lat' dir='ltr'>in</span> <span class='ocrx_word' id='word_1_47' title='bbox 690 552 759 579; x_wconf 88' lang='lat' dir='ltr'>me</span> <span class='ocrx_word' id='word_1_48' title='bbox 788 538 882 595; x_wconf 89' lang='lat' dir='ltr'>ipso</span> <span class='ocrx_word' id='word_1_49' title='bbox 911 547 955 579; x_wconf 88' lang='lat' dir='ltr'>et</span> <span class='ocrx_word' id='word_1_50' title='bbox 988 547 1148 594; x_wconf 86' lang='lat' dir='ltr'>praetot</span> <span class='ocrx_word' id='word_1_51' title='bbox 1175 549 1220 580; x_wconf 86' lang='lat' dir='ltr'>et</span> <span class='ocrx_word' id='word_1_52' title='bbox 1248 539 1395 581; x_wconf 83' lang='lat' dir='ltr'>consul</span> <span class='ocrx_word' id='word_1_53' title='bbox 1424 541 1615 597; x_wconf 87' lang='lat' dir='ltr'>probavi.</span> <span class='ocrx_word' id='word_1_54' title='bbox 1675 541 1764 582; x_wconf 85' lang='lat' dir='ltr'>Sed</span> 
     </span>
     <span class='ocr_line' id='line_1_8' title="bbox 333 594 1764 652; baseline 0.002 -16"><span class='ocrx_word' id='word_1_55' title='bbox 333 605 476 637; x_wconf 87' lang='lat' dir='ltr'>tamen</span> <span class='ocrx_word' id='word_1_56' title='bbox 519 596 567 636; x_wconf 92' lang='lat' dir='ltr'>L.</span> <span class='ocrx_word' id='word_1_57' title='bbox 603 594 800 636; x_wconf 85' lang='lat' dir='ltr'>Murenae</span> <span class='ocrx_word' id='word_1_58' title='bbox 844 595 1066 651; x_wconf 86' lang='lat' dir='ltr'>provincia</span> <span class='ocrx_word' id='word_1_59' title='bbox 1101 595 1255 636; x_wconf 87' lang='lat' dir='ltr'>multas</span> <span class='ocrx_word' id='word_1_60' title='bbox 1295 597 1426 637; x_wconf 82' lang='lat' dir='ltr'>bonas</span> <span class='ocrx_word' id='word_1_61' title='bbox 1467 600 1625 652; x_wconf 78' lang='lat' dir='ltr'>gratias</span> <span class='ocrx_word' id='word_1_62' title='bbox 1662 610 1764 639; x_wconf 87' lang='lat' dir='ltr'>cum</span> 
     </span>
     <span class='ocr_line' id='line_1_9' title="bbox 333 651 1766 716; baseline 0.001 -23"><span class='ocrx_word' id='word_1_63' title='bbox 333 653 499 716; x_wconf 81' lang='lat' dir='ltr'>optima</span> <span class='ocrx_word' id='word_1_64' title='bbox 529 652 849 693; x_wconf 82' lang='lat' dir='ltr'>existimatione</span> <span class='ocrx_word' id='word_1_65' title='bbox 881 651 1041 693; x_wconf 83' lang='lat' dir='ltr'>attulit.</span> <span class='ocrx_word' id='word_1_66' title='bbox 1072 651 1225 693; x_wconf 87' lang='lat' dir='ltr'>habuit</span> <span class='ocrx_word' id='word_1_67' title='bbox 1256 652 1529 709; x_wconf 82' lang='lat' dir='ltr'>proficiscens</span> <span class='ocrx_word' id='word_1_68' title='bbox 1558 654 1766 695; x_wconf 85' lang='lat' dir='ltr'>dilectum.</span> 
     </span>
     <span class='ocr_line' id='line_1_10' title="bbox 333 707 1762 773; baseline 0.001 -23"><span class='ocrx_word' id='word_1_69' title='bbox 333 709 377 750; x_wconf 89' lang='lat' dir='ltr'>in</span> <span class='ocrx_word' id='word_1_70' title='bbox 413 709 613 750; x_wconf 84' lang='lat' dir='ltr'>Umbria:</span> <span class='ocrx_word' id='word_1_71' title='bbox 651 709 768 749; x_wconf 87' lang='lat' dir='ltr'>dedit</span> <span class='ocrx_word' id='word_1_72' title='bbox 797 709 835 749; x_wconf 91' lang='lat' dir='ltr'>ei</span> <span class='ocrx_word' id='word_1_73' title='bbox 867 711 906 739; x_wconf 79' lang='grc'>33</span> <span class='ocrx_word' id='word_1_74' title='bbox 920 707 1168 749; x_wconf 80' lang='lat' dir='ltr'>facultatem</span> <span class='ocrx_word' id='word_1_75' title='bbox 1200 709 1440 773; x_wconf 79' lang='lat' dir='ltr'>respublica</span> <span class='ocrx_word' id='word_1_76' title='bbox 1472 709 1762 751; x_wconf 85' lang='lat' dir='ltr'>liberalitatis:</span> 
     </span>
     <span class='ocr_line' id='line_1_11' title="bbox 332 765 1766 821; baseline 0.002 -16"><span class='ocrx_word' id='word_1_77' title='bbox 332 780 417 820; x_wconf 80' lang='lat' dir='ltr'>qua</span> <span class='ocrx_word' id='word_1_78' title='bbox 440 779 552 815; x_wconf 88' lang='lat' dir='ltr'>usus,</span> <span class='ocrx_word' id='word_1_79' title='bbox 574 765 728 806; x_wconf 84' lang='lat' dir='ltr'>multas</span> <span class='ocrx_word' id='word_1_80' title='bbox 753 765 832 807; x_wconf 91' lang='lat' dir='ltr'>sibi</span> <span class='ocrx_word' id='word_1_81' title='bbox 857 765 1006 816; x_wconf 84' lang='lat' dir='ltr'>tribus,</span> <span class='ocrx_word' id='word_1_82' title='bbox 1029 780 1125 820; x_wconf 82' lang='lat' dir='ltr'>quae</span> <span class='ocrx_word' id='word_1_83' title='bbox 1149 766 1393 821; x_wconf 74' lang='grc' dir='ltr'>ῐῐιυηιοιρίι5</span> <span class='ocrx_word' id='word_1_84' title='bbox 1416 766 1608 808; x_wconf 86' lang='lat' dir='ltr'>Umbriae</span> <span class='ocrx_word' id='word_1_85' title='bbox 1629 767 1766 808; x_wconf 84' lang='lat' dir='ltr'>confi-</span> 
     </span>
     <span class='ocr_line' id='line_1_12' title="bbox 333 822 1766 878; baseline 0.001 -17"><span class='ocrx_word' id='word_1_86' title='bbox 333 822 518 871; x_wconf 88' lang='lat' dir='ltr'>ciuntur,</span> <span class='ocrx_word' id='word_1_87' title='bbox 549 822 763 877; x_wconf 81' lang='lat' dir='ltr'>adjunxit.</span> <span class='ocrx_word' id='word_1_88' title='bbox 787 822 929 878; x_wconf 73' lang='lat' dir='ltr'>84ipsa</span> <span class='ocrx_word' id='word_1_89' title='bbox 959 830 1100 862; x_wconf 68' lang='lat' dir='ltr'>autem</span> <span class='ocrx_word' id='word_1_90' title='bbox 1133 823 1175 863; x_wconf 90' lang='lat' dir='ltr'>in</span> <span class='ocrx_word' id='word_1_91' title='bbox 1200 823 1355 873; x_wconf 82' lang='lat' dir='ltr'>Gallia,</span> <span class='ocrx_word' id='word_1_92' title='bbox 1382 832 1430 863; x_wconf 82' lang='lat' dir='ltr'>ut</span> <span class='ocrx_word' id='word_1_93' title='bbox 1461 823 1594 864; x_wconf 80' lang='lat' dir='ltr'>nostri</span> <span class='ocrx_word' id='word_1_94' title='bbox 1626 823 1766 864; x_wconf 60' lang='lat' dir='ltr'>homia-</span> 
     </span>
     <span class='ocr_line' id='line_1_13' title="bbox 331 878 1767 935; baseline 0.001 -18"><span class='ocrx_word' id='word_1_95' title='bbox 331 892 407 918; x_wconf 85' lang='lat' dir='ltr'>nes</span> <span class='ocrx_word' id='word_1_96' title='bbox 429 878 703 934; x_wconf 80' lang='lat' dir='ltr'>desperatas&#39;</span> <span class='ocrx_word' id='word_1_97' title='bbox 686 893 778 934; x_wconf 71' lang='lat' dir='ltr'>jain</span> <span class='ocrx_word' id='word_1_98' title='bbox 802 879 1003 934; x_wconf 82' lang='lat' dir='ltr'>pecunias</span> <span class='ocrx_word' id='word_1_99' title='bbox 1028 879 1266 934; x_wconf 84' lang='lat' dir='ltr'>exigerent,</span> <span class='ocrx_word' id='word_1_100' title='bbox 1289 880 1513 934; x_wconf 80' lang='lat' dir='ltr'>aequitate</span> <span class='ocrx_word' id='word_1_101' title='bbox 1511 879 1767 935; x_wconf 82' lang='lat' dir='ltr'>diligentia-</span> 
     </span>
     <span class='ocr_line' id='line_1_14' title="bbox 333 912 1766 991; baseline 0.001 -17"><span class='ocrx_word' id='word_1_102' title='bbox 333 949 416 989; x_wconf 86' lang='lat' dir='ltr'>que</span> <span class='ocrx_word' id='word_1_103' title='bbox 438 935 631 991; x_wconf 80' lang='lat' dir='ltr'>perfecit.</span> <span class='ocrx_word' id='word_1_104' title='bbox 690 936 754 977; x_wconf 88' lang='lat' dir='ltr'>Tu</span> <span class='ocrx_word' id='word_1_105' title='bbox 778 936 939 976; x_wconf 85' lang='lat' dir='ltr'>interea</span> <span class='ocrx_word' id='word_1_106' title='bbox 962 911 1301 977; x_wconf 64' lang='lat' dir='ltr'>R01nae⁰scilicet</span> <span class='ocrx_word' id='word_1_107' title='bbox 1330 937 1479 977; x_wconf 86' lang='lat' dir='ltr'>amicis</span> <span class='ocrx_word' id='word_1_108' title='bbox 1502 945 1659 991; x_wconf 85' lang='lat' dir='ltr'>praesto</span> <span class='ocrx_word' id='word_1_109' title='bbox 1682 936 1766 976; x_wconf 72' lang='lat' dir='ltr'>fui..</span> 
     </span>
     <span class='ocr_line' id='line_1_15' title="bbox 333 992 1765 1047; baseline 0.001 -16"><span class='ocrx_word' id='word_1_110' title='bbox 333 992 404 1032; x_wconf 86' lang='lat' dir='ltr'>sti.</span> <span class='ocrx_word' id='word_1_111' title='bbox 435 992 596 1033; x_wconf 78' lang='lat' dir='ltr'>fateor:</span> <span class='ocrx_word' id='word_1_112' title='bbox 629 993 701 1033; x_wconf 89' lang='lat' dir='ltr'>sed</span> <span class='ocrx_word' id='word_1_113' title='bbox 733 1003 872 1033; x_wconf 81' lang='lat' dir='ltr'>tamen</span> <span class='ocrx_word' id='word_1_114' title='bbox 905 992 1006 1033; x_wconf 91' lang='lat' dir='ltr'>illud</span> <span class='ocrx_word' id='word_1_115' title='bbox 1029 993 1189 1047; x_wconf 87' lang='lat' dir='ltr'>cogita,</span> <span class='ocrx_word' id='word_1_116' title='bbox 1221 992 1518 1033; x_wconf 88' lang='lat' dir='ltr'>nonnullorum</span> <span class='ocrx_word' id='word_1_117' title='bbox 1553 993 1765 1033; x_wconf 80' lang='lat' dir='ltr'>8⁵amico-</span> 
     </span>
     <span class='ocr_line' id='line_1_16' title="bbox 334 1049 1766 1106; baseline 0.002 -18"><span class='ocrx_word' id='word_1_118' title='bbox 334 1063 428 1088; x_wconf 77' lang='lat' dir='ltr'>ium</span> <span class='ocrx_word' id='word_1_119' title='bbox 460 1049 602 1089; x_wconf 84' lang='lat' dir='ltr'>studia</span> <span class='ocrx_word' id='word_1_120' title='bbox 631 1050 766 1090; x_wconf 83' lang='lat' dir='ltr'>minui</span> <span class='ocrx_word' id='word_1_121' title='bbox 799 1049 931 1089; x_wconf 87' lang='lat' dir='ltr'>solere</span> <span class='ocrx_word' id='word_1_122' title='bbox 964 1049 1007 1089; x_wconf 92' lang='lat' dir='ltr'>in</span> <span class='ocrx_word' id='word_1_123' title='bbox 1032 1063 1118 1100; x_wconf 90' lang='lat' dir='ltr'>eos,</span> <span class='ocrx_word' id='word_1_124' title='bbox 1149 1065 1174 1089; x_wconf 88' lang='lat' dir='ltr'>a</span> <span class='ocrx_word' id='word_1_125' title='bbox 1204 1049 1359 1104; x_wconf 91' lang='lat' dir='ltr'>quibus</span> <span class='ocrx_word' id='word_1_126' title='bbox 1390 1050 1631 1106; x_wconf 78' lang='lat' dir='ltr'>provincias</span> <span class='ocrx_word' id='word_1_127' title='bbox 1662 1064 1766 1091; x_wconf 87' lang='lat' dir='ltr'>con-</span> 
     </span>
     <span class='ocr_line' id='line_1_17' title="bbox 337 1106 748 1162; baseline 0.003 -17"><span class='ocrx_word' id='word_1_128' title='bbox 337 1107 469 1146; x_wconf 89' lang='lat' dir='ltr'>temni</span> <span class='ocrx_word' id='word_1_129' title='bbox 493 1106 748 1162; x_wconf 81' lang='lat' dir='ltr'>intelligant.</span> 
     </span>
    </p>

    <p class='ocr_par' dir='ltr' id='par_1_2' title="bbox 253 1155 1768 1219">
     <span class='ocr_line' id='line_1_18' title="bbox 253 1155 1768 1219; baseline 0.001 -17"><span class='ocrx_word' id='word_1_130' title='bbox 253 1155 321 1202; x_wconf 66' lang='lat'>21</span> <span class='ocrx_word' id='word_1_131' title='bbox 396 1161 466 1213; x_wconf 85' lang='lat' dir='ltr'>Et,</span> <span class='ocrx_word' id='word_1_132' title='bbox 487 1164 689 1218; x_wconf 84' lang='lat' dir='ltr'>quoniam</span> <span class='ocrx_word' id='word_1_133' title='bbox 712 1163 894 1213; x_wconf 87' lang='lat' dir='ltr'>ostendi,</span> <span class='ocrx_word' id='word_1_134' title='bbox 916 1161 1101 1217; x_wconf 89' lang='lat' dir='ltr'>judices,</span> <span class='ocrx_word' id='word_1_135' title='bbox 1129 1176 1272 1217; x_wconf 86' lang='lat' dir='ltr'>parem</span> <span class='ocrx_word' id='word_1_136' title='bbox 1303 1162 1556 1219; x_wconf 81' lang='lat' dir='ltr'>dignitatem</span> <span class='ocrx_word' id='word_1_137' title='bbox 1589 1163 1642 1204; x_wconf 83' lang='lat' dir='ltr'>ad</span> <span class='ocrx_word' id='word_1_138' title='bbox 1664 1177 1768 1205; x_wconf 86' lang='lat' dir='ltr'>con-</span> 
     </span>
    </p>

    <p class='ocr_par' dir='ltr' id='par_1_3' title="bbox 275 1219 1793 1785">
     <span class='ocr_line' id='line_1_19' title="bbox 275 1219 1770 1275; baseline -0.001 -13"><span class='ocrx_word' id='word_1_139' title='bbox 275 1229 324 1262; x_wconf 83' lang='lat'>43</span> <span class='ocrx_word' id='word_1_140' title='bbox 338 1219 497 1260; x_wconf 74' lang='lat' dir='ltr'>sul-itus</span> <span class='ocrx_word' id='word_1_141' title='bbox 536 1220 803 1275; x_wconf 86' lang='lat' dir='ltr'>petitionem,</span> <span class='ocrx_word' id='word_1_142' title='bbox 839 1220 1049 1275; x_wconf 72' lang='lat' dir='ltr'>disparem</span> <span class='ocrx_word' id='word_1_143' title='bbox 1084 1219 1299 1260; x_wconf 83' lang='lat' dir='ltr'>fmtunam</span> <span class='ocrx_word' id='word_1_144' title='bbox 1335 1220 1659 1275; x_wconf 61' lang='lat' dir='ltr'>prvoxincialium</span> <span class='ocrx_word' id='word_1_145' title='bbox 1694 1235 1770 1261; x_wconf 89' lang='lat' dir='ltr'>ne-</span> 
     </span>
     <span class='ocr_line' id='line_1_20' title="bbox 294 1275 1768 1332; baseline 0.001 -16.03"><span class='ocrx_word' id='word_1_146' title='bbox 294 1277 555 1332; x_wconf 65' lang='grc' dir='ltr'><strong>1,,3οῐίοτυιη</strong></span> <span class='ocrx_word' id='word_1_147' title='bbox 587 1277 629 1317; x_wconf 90' lang='lat' dir='ltr'>in</span> <span class='ocrx_word' id='word_1_148' title='bbox 663 1276 847 1318; x_wconf 86' lang='lat' dir='ltr'>Murena</span> <span class='ocrx_word' id='word_1_149' title='bbox 875 1287 1002 1330; x_wconf 86' lang='lat' dir='ltr'>atque</span> <span class='ocrx_word' id='word_1_150' title='bbox 1033 1291 1076 1316; x_wconf 88' lang='lat' dir='ltr'>m</span> <span class='ocrx_word' id='word_1_151' title='bbox 1108 1275 1299 1331; x_wconf 82' lang='lat' dir='ltr'>Sulpicio</span> <span class='ocrx_word' id='word_1_152' title='bbox 1324 1277 1475 1318; x_wconf 86' lang='lat' dir='ltr'>fuisse:</span> <span class='ocrx_word' id='word_1_153' title='bbox 1506 1277 1647 1318; x_wconf 85' lang='lat' dir='ltr'>dicam</span> <span class='ocrx_word' id='word_1_154' title='bbox 1673 1277 1768 1332; x_wconf 84' lang='lat' dir='ltr'>jam</span> 
     </span>
     <span class='ocr_line' id='line_1_21' title="bbox 335 1333 1793 1389; baseline 0 -15"><span class='ocrx_word' id='word_1_155' title='bbox 335 1334 538 1388; x_wconf 83' lang='lat' dir='ltr'>apertius,</span> <span class='ocrx_word' id='word_1_156' title='bbox 561 1335 601 1374; x_wconf 91' lang='lat' dir='ltr'>in</span> <span class='ocrx_word' id='word_1_157' title='bbox 625 1349 711 1389; x_wconf 90' lang='lat' dir='ltr'>quo</span> <span class='ocrx_word' id='word_1_158' title='bbox 735 1348 851 1374; x_wconf 85' lang='lat' dir='ltr'>meus</span> <span class='ocrx_word' id='word_1_159' title='bbox 882 1333 1140 1374; x_wconf 71' lang='lat' dir='ltr'>necessarius</span> <span class='ocrx_word' id='word_1_160' title='bbox 1163 1333 1291 1373; x_wconf 81' lang='lat' dir='ltr'>f·ue1it</span> <span class='ocrx_word' id='word_1_161' title='bbox 1321 1333 1496 1374; x_wconf 82' lang='lat' dir='ltr'>inferior</span> <span class='ocrx_word' id='word_1_162' title='bbox 1518 1333 1703 1384; x_wconf 88' lang='lat' dir='ltr'>Servius,</span> <span class='ocrx_word' id='word_1_163' title='bbox 1725 1342 1793 1374; x_wconf 81' lang='lat' dir='ltr'>et·</span> 
     </span>
     <span class='ocr_line' id='line_1_22' title="bbox 334 1390 1768 1446; baseline -0.001 -15"><span class='ocrx_word' id='word_1_164' title='bbox 334 1404 384 1431; x_wconf 61' lang='lat' dir='ltr'>ew</span> <span class='ocrx_word' id='word_1_165' title='bbox 404 1391 559 1441; x_wconf 65' lang='lat' dir='ltr'>die÷‚1m</span> <span class='ocrx_word' id='word_1_166' title='bbox 583 1391 704 1431; x_wconf 87' lang='lat' dir='ltr'>vobis</span> <span class='ocrx_word' id='word_1_167' title='bbox 735 1391 1021 1440; x_wconf 85' lang='lat' dir='ltr'>audientibus,</span> <span class='ocrx_word' id='word_1_168' title='bbox 1043 1390 1198 1430; x_wconf 87' lang='lat' dir='ltr'>amisso</span> <span class='ocrx_word' id='word_1_169' title='bbox 1214 1390 1306 1445; x_wconf 84' lang='lat' dir='ltr'>jam</span> <span class='ocrx_word' id='word_1_170' title='bbox 1330 1400 1536 1446; x_wconf 87' lang='lat' dir='ltr'>tempore,</span> <span class='ocrx_word' id='word_1_171' title='bbox 1558 1405 1653 1445; x_wconf 87' lang='lat' dir='ltr'>quae</span> <span class='ocrx_word' id='word_1_172' title='bbox 1685 1390 1768 1445; x_wconf 85' lang='lat' dir='ltr'>ipsi</span> 
     </span>
     <span class='ocr_line' id='line_1_23' title="bbox 336 1446 1770 1504; baseline 0.001 -19"><span class='ocrx_word' id='word_1_173' title='bbox 336 1447 429 1498; x_wconf 83' lang='lat' dir='ltr'>soli,</span> <span class='ocrx_word' id='word_1_174' title='bbox 456 1462 500 1488; x_wconf 89' lang='lat' dir='ltr'>re</span> <span class='ocrx_word' id='word_1_175' title='bbox 530 1448 711 1503; x_wconf 36' lang='lat' dir='ltr'>integigya</span> <span class='ocrx_word' id='word_1_176' title='bbox 743 1462 858 1504; x_wconf 76' lang='lat' dir='ltr'>saepe</span> <span class='ocrx_word' id='word_1_177' title='bbox 887 1447 994 1487; x_wconf 79' lang='lat' dir='ltr'>dixi.</span> <span class='ocrx_word' id='word_1_178' title='bbox 1056 1446 1207 1488; x_wconf 86' lang='lat' dir='ltr'>Petere</span> <span class='ocrx_word' id='word_1_179' title='bbox 1228 1446 1495 1488; x_wconf 81' lang='lat' dir='ltr'>consulatum</span> <span class='ocrx_word' id='word_1_180' title='bbox 1529 1461 1690 1488; x_wconf 79' lang='lat' dir='ltr'>neseire</span> <span class='ocrx_word' id='word_1_181' title='bbox 1714 1458 1770 1498; x_wconf 89' lang='lat' dir='ltr'>te,</span> 
     </span>
     <span class='ocr_line' id='line_1_24' title="bbox 336 1480 1770 1560; baseline -0.001 -17"><span class='ocrx_word' id='word_1_182' title='bbox 336 1504 472 1554; x_wconf 75' lang='lat' dir='ltr'>Servi,</span> <span class='ocrx_word' id='word_1_183' title='bbox 497 1519 686 1560; x_wconf 74' lang='lat' dir='ltr'>persaepe</span> <span class='ocrx_word' id='word_1_184' title='bbox 701 1480 785 1545; x_wconf 73' lang='lat' dir='ltr'>’tibi</span> <span class='ocrx_word' id='word_1_185' title='bbox 809 1504 926 1545; x_wconf 82' lang='lat' dir='ltr'>dixi:</span> <span class='ocrx_word' id='word_1_186' title='bbox 959 1513 1001 1543; x_wconf 88' lang='lat' dir='ltr'>et</span> <span class='ocrx_word' id='word_1_187' title='bbox 1032 1504 1073 1544; x_wconf 90' lang='lat' dir='ltr'>in</span> <span class='ocrx_word' id='word_1_188' title='bbox 1105 1503 1155 1543; x_wconf 89' lang='lat' dir='ltr'>iis</span> <span class='ocrx_word' id='word_1_189' title='bbox 1187 1505 1310 1544; x_wconf 87' lang='lat' dir='ltr'>rebus</span> <span class='ocrx_word' id='word_1_190' title='bbox 1343 1504 1460 1559; x_wconf 87' lang='lat' dir='ltr'>ipsis,</span> <span class='ocrx_word' id='word_1_191' title='bbox 1481 1519 1586 1559; x_wconf 84' lang='lat' dir='ltr'>quas</span> <span class='ocrx_word' id='word_1_192' title='bbox 1609 1514 1649 1544; x_wconf 91' lang='lat' dir='ltr'>te</span> <span class='ocrx_word' id='word_1_193' title='bbox 1679 1518 1770 1544; x_wconf 74' lang='lat' dir='ltr'>ma-</span> 
     </span>
     <span class='ocr_line' id='line_1_25' title="bbox 337 1559 1770 1617; baseline 0 -17"><span class='ocrx_word' id='word_1_194' title='bbox 337 1575 424 1617; x_wconf 83' lang='lat' dir='ltr'>gno</span> <span class='ocrx_word' id='word_1_195' title='bbox 447 1572 490 1601; x_wconf 89' lang='lat' dir='ltr'>et</span> <span class='ocrx_word' id='word_1_196' title='bbox 521 1561 797 1602; x_wconf 82' lang='lat' dir='ltr'>forti·1ni1no</span> <span class='ocrx_word' id='word_1_197' title='bbox 819 1570 861 1601; x_wconf 85' lang='lat' dir='ltr'>et</span> <span class='ocrx_word' id='word_1_198' title='bbox 888 1574 1015 1615; x_wconf 79' lang='lat' dir='ltr'>ageie</span> <span class='ocrx_word' id='word_1_199' title='bbox 1036 1570 1079 1600; x_wconf 89' lang='lat' dir='ltr'>et</span> <span class='ocrx_word' id='word_1_200' title='bbox 1109 1559 1249 1601; x_wconf 81' lang='lat' dir='ltr'>dicere</span> <span class='ocrx_word' id='word_1_201' title='bbox 1278 1560 1488 1610; x_wconf 84' lang='lat' dir='ltr'>videbam,</span> <span class='ocrx_word' id='word_1_202' title='bbox 1511 1561 1588 1601; x_wconf 89' lang='lat' dir='ltr'>tibi</span> <span class='ocrx_word' id='word_1_203' title='bbox 1622 1560 1770 1601; x_wconf 82' lang='lat' dir='ltr'>solitus</span> 
     </span>
     <span class='ocr_line' id='line_1_26' title="bbox 337 1616 1770 1673; baseline -0.001 -15"><span class='ocrx_word' id='word_1_204' title='bbox 337 1633 431 1658; x_wconf 85' lang='lat' dir='ltr'>sum</span> <span class='ocrx_word' id='word_1_205' title='bbox 461 1618 616 1668; x_wconf 66' lang='lat' dir='ltr'>dicem,</span> <span class='ocrx_word' id='word_1_206' title='bbox 649 1618 785 1673; x_wconf 81' lang='lat' dir='ltr'>magis</span> <span class='ocrx_word' id='word_1_207' title='bbox 817 1627 858 1658; x_wconf 91' lang='lat' dir='ltr'>te</span> <span class='ocrx_word' id='word_1_208' title='bbox 891 1616 1046 1656; x_wconf 87' lang='lat' dir='ltr'>fortem</span> <span class='ocrx_word' id='word_1_209' title='bbox 1072 1626 1309 1657; x_wconf 84' lang='lat' dir='ltr'>senatorem</span> <span class='ocrx_word' id='word_1_210' title='bbox 1340 1617 1444 1657; x_wconf 84' lang='lat' dir='ltr'>mihi</span> <span class='ocrx_word' id='word_1_211' title='bbox 1470 1617 1616 1667; x_wconf 87' lang='lat' dir='ltr'>videri,</span> <span class='ocrx_word' id='word_1_212' title='bbox 1641 1631 1770 1671; x_wconf 86' lang='lat' dir='ltr'>quam</span> 
     </span>
     <span class='ocr_line' id='line_1_27' title="bbox 337 1672 1772 1730; baseline -0.001 -16"><span class='ocrx_word' id='word_1_213' title='bbox 337 1675 574 1730; x_wconf 82' lang='lat' dir='ltr'>sapientem</span> <span class='ocrx_word' id='word_1_214' title='bbox 597 1675 887 1715; x_wconf 81' lang='lat' dir='ltr'>candidatum.</span> <span class='ocrx_word' id='word_1_215' title='bbox 950 1672 1140 1713; x_wconf 84' lang='lat' dir='ltr'>Primum</span> <span class='ocrx_word' id='word_1_216' title='bbox 1172 1674 1399 1714; x_wconf 76' lang='lat' dir='ltr'>accusandi</span> <span class='ocrx_word' id='word_1_217' title='bbox 1421 1683 1599 1714; x_wconf 76' lang='lat' dir='ltr'>tetr&#39;01es</span> <span class='ocrx_word' id='word_1_218' title='bbox 1620 1683 1663 1713; x_wconf 85' lang='lat' dir='ltr'>et</span> <span class='ocrx_word' id='word_1_219' title='bbox 1690 1673 1772 1714; x_wconf 81' lang='lat' dir='ltr'>mi-</span> 
     </span>
     <span class='ocr_line' id='line_1_28' title="bbox 335 1729 1773 1785; baseline -0.001 -14"><span class='ocrx_word' id='word_1_220' title='bbox 335 1746 420 1781; x_wconf 80' lang='lat' dir='ltr'>nae,</span> <span class='ocrx_word' id='word_1_221' title='bbox 443 1732 598 1785; x_wconf 88' lang='lat' dir='ltr'>quibus</span> <span class='ocrx_word' id='word_1_222' title='bbox 629 1741 672 1771; x_wconf 91' lang='lat' dir='ltr'>tu</span> <span class='ocrx_word' id='word_1_223' title='bbox 703 1731 895 1785; x_wconf 85' lang='lat' dir='ltr'>quotidie</span> <span class='ocrx_word' id='word_1_224' title='bbox 927 1730 987 1770; x_wconf 89' lang='lat' dir='ltr'>uti</span> <span class='ocrx_word' id='word_1_225' title='bbox 1022 1729 1202 1780; x_wconf 85' lang='lat' dir='ltr'>solebas,</span> <span class='ocrx_word' id='word_1_226' title='bbox 1225 1739 1323 1770; x_wconf 89' lang='lat' dir='ltr'>sunt</span> <span class='ocrx_word' id='word_1_227' title='bbox 1354 1729 1477 1770; x_wconf 88' lang='lat' dir='ltr'>fortis</span> <span class='ocrx_word' id='word_1_228' title='bbox 1499 1730 1604 1780; x_wconf 82' lang='lat' dir='ltr'>viri3</span> <span class='ocrx_word' id='word_1_229' title='bbox 1635 1730 1707 1770; x_wconf 90' lang='lat' dir='ltr'>sed</span> <span class='ocrx_word' id='word_1_230' title='bbox 1729 1738 1773 1770; x_wconf 84' lang='lat' dir='ltr'>et</span> 
     </span>
    </p>
   </div>
   <div class='ocr_carea' id='block_1_2' title="bbox 338 1762 1772 1845">
    <p class='ocr_par' dir='ltr' id='par_1_4' title="bbox 338 1762 1772 1845">
     <span class='ocr_line' id='line_1_29' title="bbox 338 1762 1772 1845; baseline -0.003 -17"><span class='ocrx_word' id='word_1_231' title='bbox 338 1788 486 1845; x_wconf 85' lang='lat' dir='ltr'>populi</span> <span class='ocrx_word' id='word_1_232' title='bbox 518 1787 766 1845; x_wconf 80' lang='lat' dir='ltr'>opinionem</span> <span class='ocrx_word' id='word_1_233' title='bbox 793 1789 870 1829; x_wconf 81' lang='grc'>863</span> <span class='ocrx_word' id='word_1_234' title='bbox 900 1801 973 1845; x_wconf 89' lang='lat' dir='ltr'>spe</span> <span class='ocrx_word' id='word_1_235' title='bbox 1002 1762 1266 1845; x_wconf 74' lang='lat' dir='ltr'>aclipiseeiidi</span> <span class='ocrx_word' id='word_1_236' title='bbox 1300 1795 1512 1838; x_wconf 68' lang='lat' dir='ltr'>avertunt,</span> <span class='ocrx_word' id='word_1_237' title='bbox 1542 1796 1585 1827; x_wconf 86' lang='lat' dir='ltr'>et</span> <span class='ocrx_word' id='word_1_238' title='bbox 1611 1787 1772 1828; x_wconf 81' lang='lat' dir='ltr'>amico-</span> 
     </span>
    </p>
   </div>
   <div class='ocr_carea' id='block_1_3' title="bbox 338 1927 1044 2884">
    <p class='ocr_par' dir='ltr' id='par_1_5' title="bbox 338 1927 1038 2293">
     <span class='ocr_line' id='line_1_30' title="bbox 340 1927 1036 1967; baseline -0.003 -9"><span class='ocrx_word' id='word_1_239' title='bbox 340 1928 520 1958; x_wconf 80' lang='lat' dir='ltr'>satoribus:</span> <span class='ocrx_word' id='word_1_240' title='bbox 545 1929 702 1965; x_wconf 72' lang='lat' dir='ltr'>indicum,</span> <span class='ocrx_word' id='word_1_241' title='bbox 718 1928 772 1967; x_wconf 82' lang='lat' dir='ltr'>qui</span> <span class='ocrx_word' id='word_1_242' title='bbox 792 1928 832 1958; x_wconf 84' lang='lat' dir='ltr'>ab</span> <span class='ocrx_word' id='word_1_243' title='bbox 852 1927 963 1957; x_wconf 83' lang='lat' dir='ltr'>iisdem</span> <span class='ocrx_word' id='word_1_244' title='bbox 987 1928 1036 1957; x_wconf 90' lang='lat' dir='ltr'>in-</span> 
     </span>
     <span class='ocr_line' id='line_1_31' title="bbox 338 1969 1033 2001; baseline 0.001 -2"><span class='ocrx_word' id='word_1_245' title='bbox 338 1971 505 2000; x_wconf 88' lang='lat' dir='ltr'>ducuntur</span> <span class='ocrx_word' id='word_1_246' title='bbox 518 1971 669 2001; x_wconf 86' lang='lat' dir='ltr'>adversus</span> <span class='ocrx_word' id='word_1_247' title='bbox 684 1980 786 2000; x_wconf 78' lang='lat' dir='ltr'>reum.</span> <span class='ocrx_word' id='word_1_248' title='bbox 819 1970 896 2000; x_wconf 69' lang='lat' dir='ltr'>Mss.</span> <span class='ocrx_word' id='word_1_249' title='bbox 910 1974 944 1999; x_wconf 84' lang='lat' dir='ltr'>et</span> <span class='ocrx_word' id='word_1_250' title='bbox 963 1969 1033 2000; x_wconf 86' lang='lat' dir='ltr'>edd.</span> 
     </span>
     <span class='ocr_line' id='line_1_32' title="bbox 339 2011 1036 2051; baseline 0 -10"><span class='ocrx_word' id='word_1_251' title='bbox 339 2014 469 2042; x_wconf 78' lang='lat' dir='ltr'>variant</span> <span class='ocrx_word' id='word_1_252' title='bbox 484 2013 571 2042; x_wconf 86' lang='lat' dir='ltr'>inter</span> <span class='ocrx_word' id='word_1_253' title='bbox 583 2013 726 2043; x_wconf 71' lang='lat' dir='ltr'>indicum</span> <span class='ocrx_word' id='word_1_254' title='bbox 740 2011 938 2051; x_wconf 77' lang='lat' dir='ltr'>etjwlicum</span> <span class='ocrx_word' id='word_1_255' title='bbox 949 2024 957 2040; x_wconf 90' lang='lat'>.·</span> <span class='ocrx_word' id='word_1_256' title='bbox 973 2012 1036 2041; x_wconf 86' lang='lat' dir='ltr'>Ms.</span> 
     </span>
     <span class='ocr_line' id='line_1_33' title="bbox 341 2053 1034 2094; baseline -0.001 -12"><span class='ocrx_word' id='word_1_257' title='bbox 341 2054 404 2084; x_wconf 86' lang='lat' dir='ltr'>Gn.</span> <span class='ocrx_word' id='word_1_258' title='bbox 419 2053 571 2094; x_wconf 75' lang='lat' dir='ltr'>judicum</span> <span class='ocrx_word' id='word_1_259' title='bbox 596 2055 706 2090; x_wconf 75' lang='lat' dir='ltr'>habet,</span> <span class='ocrx_word' id='word_1_260' title='bbox 726 2058 765 2084; x_wconf 80' lang='lat' dir='ltr'>ut</span> <span class='ocrx_word' id='word_1_261' title='bbox 787 2054 856 2083; x_wconf 91' lang='lat' dir='ltr'>edd.</span> <span class='ocrx_word' id='word_1_262' title='bbox 874 2054 925 2083; x_wconf 88' lang='lat' dir='ltr'>W.</span> <span class='ocrx_word' id='word_1_263' title='bbox 946 2057 1034 2084; x_wconf 77' lang='lat'>1480.</span> 
     </span>
     <span class='ocr_line' id='line_1_34' title="bbox 341 2095 1038 2135; baseline -0.001 -10"><span class='ocrx_word' id='word_1_264' title='bbox 341 2095 379 2125; x_wconf 88' lang='lat' dir='ltr'>P.</span> <span class='ocrx_word' id='word_1_265' title='bbox 398 2096 527 2126; x_wconf 81' lang='lat' dir='ltr'>Manut.</span> <span class='ocrx_word' id='word_1_266' title='bbox 541 2096 626 2126; x_wconf 73' lang='lat' dir='ltr'>vict.</span> <span class='ocrx_word' id='word_1_267' title='bbox 650 2096 722 2126; x_wconf 91' lang='lat' dir='ltr'>Aldi</span> <span class='ocrx_word' id='word_1_268' title='bbox 745 2096 828 2135; x_wconf 88' lang='lat' dir='ltr'>Nep.</span> <span class='ocrx_word' id='word_1_269' title='bbox 843 2099 877 2125; x_wconf 85' lang='lat' dir='ltr'>at</span> <span class='ocrx_word' id='word_1_270' title='bbox 892 2096 1038 2125; x_wconf 74' lang='lat' dir='ltr'>indicum</span> 
     </span>
     <span class='ocr_line' id='line_1_35' title="bbox 342 2137 1038 2169; baseline -0.004 0"><span class='ocrx_word' id='word_1_271' title='bbox 342 2137 382 2169; x_wconf 82' lang='lat' dir='ltr'>R.</span> <span class='ocrx_word' id='word_1_272' title='bbox 397 2138 451 2168; x_wconf 76' lang='grc' dir='ltr'>ΒΓ.</span> <span class='ocrx_word' id='word_1_273' title='bbox 469 2138 555 2168; x_wconf 78' lang='lat' dir='ltr'>Med.</span> <span class='ocrx_word' id='word_1_274' title='bbox 570 2139 666 2168; x_wconf 75' lang='lat' dir='ltr'>Junt.</span> <span class='ocrx_word' id='word_1_275' title='bbox 680 2138 752 2168; x_wconf 88' lang='lat' dir='ltr'>Ald.</span> <span class='ocrx_word' id='word_1_276' title='bbox 770 2139 842 2167; x_wconf 82' lang='lat' dir='ltr'>Bas.</span> <span class='ocrx_word' id='word_1_277' title='bbox 859 2138 916 2167; x_wconf 70' lang='grc' dir='ltr'>ἃς.</span> <span class='ocrx_word' id='word_1_278' title='bbox 940 2137 1038 2167; x_wconf 71' lang='lat' dir='ltr'>dudi-</span> 
     </span>
     <span class='ocr_line' id='line_1_36' title="bbox 343 2221 1038 2260; baseline -0.003 -8"><span class='ocrx_word' id='word_1_279' title='bbox 343 2222 377 2252; x_wconf 92' lang='lat' dir='ltr'>in</span> <span class='ocrx_word' id='word_1_280' title='bbox 393 2221 468 2251; x_wconf 85' lang='lat' dir='ltr'>solis</span> <span class='ocrx_word' id='word_1_281' title='bbox 482 2223 726 2260; x_wconf 66' lang='lat' dir='ltr'>quaestionibus.</span> <span class='ocrx_word' id='word_1_282' title='bbox 766 2221 879 2260; x_wconf 83' lang='lat' dir='ltr'>Itaque</span> <span class='ocrx_word' id='word_1_283' title='bbox 894 2222 1038 2251; x_wconf 64' lang='lat' dir='ltr'>indicum</span> 
     </span>
     <span class='ocr_line' id='line_1_37' title="bbox 341 2268 531 2293; baseline 0.005 -1"><span class='ocrx_word' id='word_1_284' title='bbox 341 2273 455 2293; x_wconf 79' lang='lat' dir='ltr'>verum</span> <span class='ocrx_word' id='word_1_285' title='bbox 471 2268 531 2293; x_wconf 75' lang='lat' dir='ltr'>est.</span> 
     </span>
    </p>

    <p class='ocr_par' dir='ltr' id='par_1_6' title="bbox 344 2304 1043 2670">
     <span class='ocr_line' id='line_1_38' title="bbox 388 2304 1040 2344; baseline -0.003 -8"><span class='ocrx_word' id='word_1_286' title='bbox 388 2308 427 2336; x_wconf 61' lang='lat'>822</span> <span class='ocrx_word' id='word_1_287' title='bbox 441 2306 545 2335; x_wconf 73' lang='lat' dir='ltr'>scriba</span> <span class='ocrx_word' id='word_1_288' title='bbox 559 2305 748 2344; x_wconf 63' lang='lat' dir='ltr'>damnatus]</span> <span class='ocrx_word' id='word_1_289' title='bbox 768 2304 807 2334; x_wconf 89' lang='lat' dir='ltr'>ln</span> <span class='ocrx_word' id='word_1_290' title='bbox 820 2314 932 2334; x_wconf 76' lang='lat' dir='ltr'>caussa</span> <span class='ocrx_word' id='word_1_291' title='bbox 944 2315 1040 2343; x_wconf 84' lang='lat' dir='ltr'>pecu-</span> 
     </span>
     <span class='ocr_line' id='line_1_39' title="bbox 344 2346 1040 2379; baseline -0.004 -1"><span class='ocrx_word' id='word_1_292' title='bbox 344 2348 451 2379; x_wconf 86' lang='lat' dir='ltr'>latus:</span> <span class='ocrx_word' id='word_1_293' title='bbox 477 2348 611 2376; x_wconf 70' lang='lat' dir='ltr'>historia</span> <span class='ocrx_word' id='word_1_294' title='bbox 630 2357 693 2376; x_wconf 87' lang='lat' dir='ltr'>non</span> <span class='ocrx_word' id='word_1_295' title='bbox 709 2346 870 2377; x_wconf 80' lang='lat' dir='ltr'>traditur:</span> <span class='ocrx_word' id='word_1_296' title='bbox 895 2352 1040 2376; x_wconf 79' lang='lat' dir='ltr'>ceterum</span> 
     </span>
     <span class='ocr_line' id='line_1_40' title="bbox 345 2389 1041 2425; baseline -0.003 -6"><span class='ocrx_word' id='word_1_297' title='bbox 345 2390 420 2419; x_wconf 84' lang='lat' dir='ltr'>ordo</span> <span class='ocrx_word' id='word_1_298' title='bbox 441 2396 490 2419; x_wconf 72' lang='lat' dir='ltr'>est</span> <span class='ocrx_word' id='word_1_299' title='bbox 514 2389 591 2418; x_wconf 87' lang='lat' dir='ltr'>ordo</span> <span class='ocrx_word' id='word_1_300' title='bbox 615 2389 806 2425; x_wconf 81' lang='lat' dir='ltr'>scribarum,</span> <span class='ocrx_word' id='word_1_301' title='bbox 827 2389 883 2425; x_wconf 80' lang='lat' dir='ltr'>qui</span> <span class='ocrx_word' id='word_1_302' title='bbox 902 2389 1041 2418; x_wconf 77' lang='lat' dir='ltr'>offensus</span> 
     </span>
     <span class='ocr_line' id='line_1_41' title="bbox 345 2431 1043 2461; baseline -0.001 0"><span class='ocrx_word' id='word_1_303' title='bbox 345 2436 394 2461; x_wconf 84' lang='lat' dir='ltr'>est</span> <span class='ocrx_word' id='word_1_304' title='bbox 423 2431 634 2461; x_wconf 78' lang='lat' dir='ltr'>damnatione</span> <span class='ocrx_word' id='word_1_305' title='bbox 666 2431 783 2460; x_wconf 81' lang='lat' dir='ltr'>sodalis</span> <span class='ocrx_word' id='word_1_306' title='bbox 818 2431 879 2459; x_wconf 87' lang='lat' dir='ltr'>sui.</span> <span class='ocrx_word' id='word_1_307' title='bbox 925 2432 1043 2460; x_wconf 77' lang='lat' dir='ltr'>Cetera</span> 
     </span>
     <span class='ocr_line' id='line_1_42' title="bbox 344 2471 1041 2514; baseline -0.001 -12"><span class='ocrx_word' id='word_1_308' title='bbox 344 2473 513 2514; x_wconf 83' lang='lat' dir='ltr'>pertinent</span> <span class='ocrx_word' id='word_1_309' title='bbox 537 2473 576 2503; x_wconf 86' lang='lat' dir='ltr'>ad</span> <span class='ocrx_word' id='word_1_310' title='bbox 606 2473 798 2502; x_wconf 78' lang='lat' dir='ltr'>donationes</span> <span class='ocrx_word' id='word_1_311' title='bbox 825 2472 975 2502; x_wconf 71' lang='lat' dir='ltr'>Sullanas</span> <span class='ocrx_word' id='word_1_312' title='bbox 1003 2471 1041 2501; x_wconf 89' lang='lat' dir='ltr'>de</span> 
     </span>
     <span class='ocr_line' id='line_1_43' title="bbox 345 2515 1042 2554; baseline -0.003 -10"><span class='ocrx_word' id='word_1_313' title='bbox 345 2516 490 2554; x_wconf 78' lang='lat' dir='ltr'>pecuniis</span> <span class='ocrx_word' id='word_1_314' title='bbox 506 2515 654 2553; x_wconf 70' lang='lat' dir='ltr'>publicis,</span> <span class='ocrx_word' id='word_1_315' title='bbox 670 2525 742 2553; x_wconf 81' lang='lat' dir='ltr'>quae</span> <span class='ocrx_word' id='word_1_316' title='bbox 756 2521 828 2544; x_wconf 89' lang='lat' dir='ltr'>tum</span> <span class='ocrx_word' id='word_1_317' title='bbox 854 2515 1042 2553; x_wconf 66' lang='lat' dir='ltr'>repeteban-</span> 
     </span>
     <span class='ocr_line' id='line_1_44' title="bbox 344 2557 1043 2596; baseline 0 -10"><span class='ocrx_word' id='word_1_318' title='bbox 344 2562 402 2586; x_wconf 80' lang='lat' dir='ltr'>tur</span> <span class='ocrx_word' id='word_1_319' title='bbox 426 2558 465 2586; x_wconf 88' lang='lat' dir='ltr'>ab</span> <span class='ocrx_word' id='word_1_320' title='bbox 492 2558 541 2592; x_wconf 74' lang='lat' dir='ltr'>iis,</span> <span class='ocrx_word' id='word_1_321' title='bbox 567 2557 619 2595; x_wconf 82' lang='lat' dir='ltr'>qui</span> <span class='ocrx_word' id='word_1_322' title='bbox 649 2563 842 2596; x_wconf 77' lang='lat' dir='ltr'>acceperant</span> <span class='ocrx_word' id='word_1_323' title='bbox 865 2567 922 2595; x_wconf 84' lang='lat' dir='ltr'>pro</span> <span class='ocrx_word' id='word_1_324' title='bbox 945 2566 1043 2595; x_wconf 74' lang='lat' dir='ltr'>opera</span> 
     </span>
     <span class='ocr_line' id='line_1_45' title="bbox 347 2598 1040 2638; baseline 0 -11"><span class='ocrx_word' id='word_1_325' title='bbox 347 2598 446 2627; x_wconf 59' lang='lat' dir='ltr'>Sullae</span> <span class='ocrx_word' id='word_1_326' title='bbox 463 2605 597 2629; x_wconf 78' lang='lat' dir='ltr'>navata:</span> <span class='ocrx_word' id='word_1_327' title='bbox 622 2598 660 2628; x_wconf 83' lang='lat' dir='ltr'>de</span> <span class='ocrx_word' id='word_1_328' title='bbox 675 2609 738 2637; x_wconf 85' lang='lat' dir='ltr'>qua</span> <span class='ocrx_word' id='word_1_329' title='bbox 754 2609 787 2628; x_wconf 87' lang='lat' dir='ltr'>re</span> <span class='ocrx_word' id='word_1_330' title='bbox 803 2603 835 2627; x_wconf 82' lang='lat' dir='ltr'>et</span> <span class='ocrx_word' id='word_1_331' title='bbox 852 2608 950 2638; x_wconf 79' lang='lat' dir='ltr'>supra</span> <span class='ocrx_word' id='word_1_332' title='bbox 962 2599 1040 2627; x_wconf 79' lang='lat' dir='ltr'>vidi-</span> 
     </span>
     <span class='ocr_line' id='line_1_46' title="bbox 347 2649 431 2670; baseline -0.024 0"><span class='ocrx_word' id='word_1_333' title='bbox 347 2649 431 2670; x_wconf 84' lang='lat' dir='ltr'>mus,</span> 
     </span>
    </p>

    <p class='ocr_par' dir='ltr' id='par_1_7' title="bbox 345 2681 1044 2884">
     <span class='ocr_line' id='line_1_47' title="bbox 391 2681 1042 2722; baseline -0.005 -10"><span class='ocrx_word' id='word_1_334' title='bbox 391 2683 431 2712; x_wconf 76' lang='lat'>83</span> <span class='ocrx_word' id='word_1_335' title='bbox 453 2681 656 2722; x_wconf 68' lang='lat' dir='ltr'>facultatem</span> <span class='ocrx_word' id='word_1_336' title='bbox 687 2681 907 2720; x_wconf 66' lang='lat' dir='ltr'>liberalitatis]</span> <span class='ocrx_word' id='word_1_337' title='bbox 947 2681 1042 2712; x_wconf 81' lang='lat' dir='ltr'>Libe.</span> 
     </span>
     <span class='ocr_line' id='line_1_48' title="bbox 348 2723 1044 2754; baseline -0.003 0"><span class='ocrx_word' id='word_1_338' title='bbox 348 2723 461 2754; x_wconf 75' lang='lat' dir='ltr'>ralitas</span> <span class='ocrx_word' id='word_1_339' title='bbox 489 2728 538 2752; x_wconf 79' lang='lat' dir='ltr'>est</span> <span class='ocrx_word' id='word_1_340' title='bbox 574 2725 606 2753; x_wconf 87' lang='lat' dir='ltr'>in</span> <span class='ocrx_word' id='word_1_341' title='bbox 645 2724 780 2753; x_wconf 85' lang='lat' dir='ltr'>lenitate</span> <span class='ocrx_word' id='word_1_342' title='bbox 807 2729 840 2753; x_wconf 76' lang='lat' dir='ltr'>et</span> <span class='ocrx_word' id='word_1_343' title='bbox 869 2723 1044 2753; x_wconf 73' lang='lat' dir='ltr'>clementia</span> 
     </span>
     <span class='ocr_line' id='line_1_49' title="bbox 349 2765 1042 2802; baseline -0.003 -6"><span class='ocrx_word' id='word_1_344' title='bbox 349 2765 505 2800; x_wconf 82' lang='lat' dir='ltr'>delectus,</span> <span class='ocrx_word' id='word_1_345' title='bbox 537 2766 626 2802; x_wconf 73' lang='lat' dir='ltr'>cujus</span> <span class='ocrx_word' id='word_1_346' title='bbox 663 2765 923 2796; x_wconf 78' lang='lat' dir='ltr'>demonstrandae</span> <span class='ocrx_word' id='word_1_347' title='bbox 951 2775 1042 2795; x_wconf 77' lang='lat' dir='ltr'>occa-</span> 
     </span>
     <span class='ocr_line' id='line_1_50' title="bbox 345 2807 1042 2846; baseline 0 -9"><span class='ocrx_word' id='word_1_348' title='bbox 345 2809 474 2838; x_wconf 54' lang='lat' dir='ltr'>sionem</span> <span class='ocrx_word' id='word_1_349' title='bbox 514 2807 686 2846; x_wconf 77' lang='lat' dir='ltr'>acceperit,</span> <span class='ocrx_word' id='word_1_350' title='bbox 723 2818 798 2837; x_wconf 84' lang='lat' dir='ltr'>eum</span> <span class='ocrx_word' id='word_1_351' title='bbox 833 2809 862 2837; x_wconf 84' lang='lat' dir='ltr'>ei</span> <span class='ocrx_word' id='word_1_352' title='bbox 898 2807 1042 2837; x_wconf 82' lang='lat' dir='ltr'>delectus</span> 
     </span>
     <span class='ocr_line' id='line_1_51' title="bbox 350 2849 1042 2884; baseline 0 -5"><span class='ocrx_word' id='word_1_353' title='bbox 350 2850 522 2880; x_wconf 84' lang='lat' dir='ltr'>mandatus</span> <span class='ocrx_word' id='word_1_354' title='bbox 551 2853 634 2878; x_wconf 83' lang='lat' dir='ltr'>essct</span> <span class='ocrx_word' id='word_1_355' title='bbox 669 2850 727 2884; x_wconf 89' lang='lat' dir='ltr'>ita,</span> <span class='ocrx_word' id='word_1_356' title='bbox 756 2854 794 2879; x_wconf 83' lang='lat' dir='ltr'>ut</span> <span class='ocrx_word' id='word_1_357' title='bbox 820 2859 894 2880; x_wconf 86' lang='lat' dir='ltr'>enm</span> <span class='ocrx_word' id='word_1_358' title='bbox 930 2849 1042 2879; x_wconf 85' lang='lat' dir='ltr'>acerbe</span> 
     </span>
    </p>
   </div>
   <div class='ocr_carea' id='block_1_4' title="bbox 349 2891 1050 2924">
    <p class='ocr_par' dir='ltr' id='par_1_8' title="bbox 349 2891 1050 2924">
     <span class='ocr_line' id='line_1_52' title="bbox 349 2891 1050 2924; baseline 0 -2"><span class='ocrx_word' id='word_1_359' title='bbox 349 2891 454 2923; x_wconf 77' lang='lat' dir='ltr'>facere</span> <span class='ocrx_word' id='word_1_360' title='bbox 477 2901 604 2923; x_wconf 81' lang='lat' dir='ltr'>necesse</span> <span class='ocrx_word' id='word_1_361' title='bbox 628 2900 695 2922; x_wconf 89' lang='lat' dir='ltr'>non</span> <span class='ocrx_word' id='word_1_362' title='bbox 715 2896 809 2923; x_wconf 74' lang='lat' dir='ltr'>esset.</span> <span class='ocrx_word' id='word_1_363' title='bbox 853 2892 903 2924; x_wconf 83' lang='lat' dir='ltr'>Ea</span> <span class='ocrx_word' id='word_1_364' title='bbox 926 2901 959 2922; x_wconf 88' lang='lat' dir='ltr'>re</span> <span class='ocrx_word' id='word_1_365' title='bbox 983 2891 1050 2922; x_wconf 84' lang='lat' dir='ltr'>sibi·</span> 
     </span>
    </p>
   </div>
   <div class='ocr_carea' id='block_1_5' title="bbox 1076 1926 1783 2930">
    <p class='ocr_par' dir='ltr' id='par_1_9' title="bbox 1077 1926 1773 2000">
     <span class='ocr_line' id='line_1_53' title="bbox 1077 1926 1773 1967; baseline 0.003 -11"><span class='ocrx_word' id='word_1_366' title='bbox 1077 1927 1256 1967; x_wconf 85' lang='lat' dir='ltr'>municipia</span> <span class='ocrx_word' id='word_1_367' title='bbox 1270 1932 1302 1958; x_wconf 88' lang='lat' dir='ltr'>et</span> <span class='ocrx_word' id='word_1_368' title='bbox 1317 1927 1423 1958; x_wconf 86' lang='lat' dir='ltr'>tribus</span> <span class='ocrx_word' id='word_1_369' title='bbox 1445 1928 1582 1958; x_wconf 79' lang='lat' dir='ltr'>istarum</span> <span class='ocrx_word' id='word_1_370' title='bbox 1602 1926 1773 1966; x_wconf 84' lang='lat' dir='ltr'>regionum</span> 
     </span>
     <span class='ocr_line' id='line_1_54' title="bbox 1078 1969 1276 2000; baseline 0.01 -2"><span class='ocrx_word' id='word_1_371' title='bbox 1078 1969 1276 2000; x_wconf 84' lang='lat' dir='ltr'>conciliavit.</span> 
     </span>
    </p>

    <p class='ocr_par' dir='ltr' id='par_1_10' title="bbox 1076 2009 1778 2552">
     <span class='ocr_line' id='line_1_55' title="bbox 1121 2009 1775 2051; baseline 0.002 -10"><span class='ocrx_word' id='word_1_372' title='bbox 1121 2014 1161 2041; x_wconf 72' lang='lat'>84</span> <span class='ocrx_word' id='word_1_373' title='bbox 1197 2012 1263 2051; x_wconf 76' lang='lat' dir='ltr'>ipse</span> <span class='ocrx_word' id='word_1_374' title='bbox 1298 2016 1409 2042; x_wconf 79' lang='lat' dir='ltr'>autem</span> <span class='ocrx_word' id='word_1_375' title='bbox 1439 2013 1476 2042; x_wconf 73' lang='lat' dir='ltr'>‘in</span> <span class='ocrx_word' id='word_1_376' title='bbox 1509 2009 1634 2050; x_wconf 76' lang='lat' dir='ltr'>Gallia]</span> <span class='ocrx_word' id='word_1_377' title='bbox 1665 2010 1775 2051; x_wconf 70' lang='lat' dir='ltr'>Quare</span> 
     </span>
     <span class='ocr_line' id='line_1_56' title="bbox 1079 2053 1773 2092; baseline 0.001 -10"><span class='ocrx_word' id='word_1_378' title='bbox 1079 2053 1144 2092; x_wconf 66' lang='lat' dir='ltr'>ipse</span> <span class='ocrx_word' id='word_1_379' title='bbox 1159 2053 1210 2082; x_wconf 87' lang='lat' dir='ltr'>hic</span> <span class='ocrx_word' id='word_1_380' title='bbox 1225 2053 1373 2089; x_wconf 81' lang='lat' dir='ltr'>addatur,</span> <span class='ocrx_word' id='word_1_381' title='bbox 1391 2054 1481 2083; x_wconf 88' lang='lat' dir='ltr'>nulla</span> <span class='ocrx_word' id='word_1_382' title='bbox 1495 2063 1591 2083; x_wconf 87' lang='lat' dir='ltr'>causa</span> <span class='ocrx_word' id='word_1_383' title='bbox 1604 2057 1672 2082; x_wconf 77' lang='lat' dir='ltr'>estx</span> <span class='ocrx_word' id='word_1_384' title='bbox 1697 2061 1773 2084; x_wconf 84' lang='lat' dir='ltr'>nam</span> 
     </span>
     <span class='ocr_line' id='line_1_57' title="bbox 1080 2094 1776 2125; baseline 0.001 -2"><span class='ocrx_word' id='word_1_385' title='bbox 1080 2101 1157 2124; x_wconf 85' lang='lat' dir='ltr'>ante</span> <span class='ocrx_word' id='word_1_386' title='bbox 1178 2104 1242 2125; x_wconf 89' lang='lat' dir='ltr'>non</span> <span class='ocrx_word' id='word_1_387' title='bbox 1259 2101 1307 2125; x_wconf 83' lang='lat' dir='ltr'>est</span> <span class='ocrx_word' id='word_1_388' title='bbox 1331 2105 1435 2125; x_wconf 84' lang='lat' dir='ltr'>sermo</span> <span class='ocrx_word' id='word_1_389' title='bbox 1450 2097 1488 2125; x_wconf 87' lang='lat' dir='ltr'>de</span> <span class='ocrx_word' id='word_1_390' title='bbox 1511 2095 1584 2125; x_wconf 86' lang='lat' dir='ltr'>alio.</span> <span class='ocrx_word' id='word_1_391' title='bbox 1629 2094 1776 2124; x_wconf 71' lang='lat' dir='ltr'>Scu‘ben-</span> 
     </span>
     <span class='ocr_line' id='line_1_58' title="bbox 1080 2136 1778 2177; baseline 0.003 -12"><span class='ocrx_word' id='word_1_392' title='bbox 1080 2137 1158 2165; x_wconf 87' lang='lat' dir='ltr'>dum</span> <span class='ocrx_word' id='word_1_393' title='bbox 1173 2142 1222 2166; x_wconf 85' lang='lat' dir='ltr'>est</span> <span class='ocrx_word' id='word_1_394' title='bbox 1245 2138 1314 2177; x_wconf 79' lang='lat' dir='ltr'>ipsa</span> <span class='ocrx_word' id='word_1_395' title='bbox 1333 2141 1444 2167; x_wconf 81' lang='lat' dir='ltr'>autem</span> <span class='ocrx_word' id='word_1_396' title='bbox 1465 2138 1500 2166; x_wconf 82' lang='lat' dir='ltr'>in</span> <span class='ocrx_word' id='word_1_397' title='bbox 1521 2137 1560 2167; x_wconf 91' lang='lat' dir='ltr'>G.</span> <span class='ocrx_word' id='word_1_398' title='bbox 1603 2136 1778 2175; x_wconf 80' lang='lat' dir='ltr'>Superiora</span> 
     </span>
     <span class='ocr_line' id='line_1_59' title="bbox 1081 2177 1776 2217; baseline 0.001 -10"><span class='ocrx_word' id='word_1_399' title='bbox 1081 2185 1158 2207; x_wconf 85' lang='lat' dir='ltr'>sunt</span> <span class='ocrx_word' id='word_1_400' title='bbox 1173 2179 1259 2209; x_wconf 84' lang='lat' dir='ltr'>facta</span> <span class='ocrx_word' id='word_1_401' title='bbox 1280 2180 1313 2208; x_wconf 89' lang='lat' dir='ltr'>in</span> <span class='ocrx_word' id='word_1_402' title='bbox 1334 2179 1483 2216; x_wconf 74' lang='lat' dir='ltr'>Umbria,</span> <span class='ocrx_word' id='word_1_403' title='bbox 1498 2180 1532 2208; x_wconf 90' lang='lat' dir='ltr'>in</span> <span class='ocrx_word' id='word_1_404' title='bbox 1555 2188 1618 2217; x_wconf 83' lang='lat' dir='ltr'>qua</span> <span class='ocrx_word' id='word_1_405' title='bbox 1630 2177 1776 2208; x_wconf 83' lang='lat' dir='ltr'>delectus</span> 
     </span>
     <span class='ocr_line' id='line_1_60' title="bbox 1082 2219 1777 2260; baseline 0.001 -11"><span class='ocrx_word' id='word_1_406' title='bbox 1082 2219 1248 2250; x_wconf 84' lang='lat' dir='ltr'>habendus</span> <span class='ocrx_word' id='word_1_407' title='bbox 1284 2221 1359 2257; x_wconf 83' lang='lat' dir='ltr'>fuit,</span> <span class='ocrx_word' id='word_1_408' title='bbox 1388 2232 1463 2251; x_wconf 89' lang='lat' dir='ltr'>cum</span> <span class='ocrx_word' id='word_1_409' title='bbox 1499 2220 1539 2250; x_wconf 87' lang='lat' dir='ltr'>ad</span> <span class='ocrx_word' id='word_1_410' title='bbox 1576 2220 1777 2260; x_wconf 85' lang='lat' dir='ltr'>provinciam</span> 
     </span>
     <span class='ocr_line' id='line_1_61' title="bbox 1082 2263 1777 2303; baseline -0.003 -11"><span class='ocrx_word' id='word_1_411' title='bbox 1082 2263 1180 2301; x_wconf 81' lang='lat' dir='ltr'>ipsius</span> <span class='ocrx_word' id='word_1_412' title='bbox 1204 2272 1267 2292; x_wconf 85' lang='lat' dir='ltr'>non</span> <span class='ocrx_word' id='word_1_413' title='bbox 1285 2263 1471 2303; x_wconf 83' lang='lat' dir='ltr'>pertineret.</span> <span class='ocrx_word' id='word_1_414' title='bbox 1516 2263 1558 2292; x_wconf 81' lang='lat' dir='ltr'>In</span> <span class='ocrx_word' id='word_1_415' title='bbox 1577 2263 1648 2301; x_wconf 80' lang='lat' dir='ltr'>ipsa</span> <span class='ocrx_word' id='word_1_416' title='bbox 1664 2265 1777 2291; x_wconf 76' lang='lat' dir='ltr'>autem</span> 
     </span>
     <span class='ocr_line' id='line_1_62' title="bbox 1076 2303 1775 2344; baseline -0.003 -10"><span class='ocrx_word' id='word_1_417' title='bbox 1076 2305 1246 2344; x_wconf 68' lang='lat' dir='ltr'>provincia</span> <span class='ocrx_word' id='word_1_418' title='bbox 1262 2306 1344 2335; x_wconf 71' lang='lat' dir='ltr'>cives</span> <span class='ocrx_word' id='word_1_419' title='bbox 1360 2305 1482 2335; x_wconf 86' lang='lat' dir='ltr'>multos</span> <span class='ocrx_word' id='word_1_420' title='bbox 1501 2305 1560 2334; x_wconf 85' lang='lat' dir='ltr'>sibi</span> <span class='ocrx_word' id='word_1_421' title='bbox 1575 2303 1775 2340; x_wconf 84' lang='lat' dir='ltr'>conciliavit,</span> 
     </span>
     <span class='ocr_line' id='line_1_63' title="bbox 1083 2345 1776 2384; baseline 0 -9"><span class='ocrx_word' id='word_1_422' title='bbox 1083 2346 1249 2376; x_wconf 62' lang='lat' dir='ltr'>efficiendo</span> <span class='ocrx_word' id='word_1_423' title='bbox 1273 2347 1398 2377; x_wconf 85' lang='lat' dir='ltr'>lenibus</span> <span class='ocrx_word' id='word_1_424' title='bbox 1421 2347 1582 2382; x_wconf 76' lang='lat' dir='ltr'>remediis,</span> <span class='ocrx_word' id='word_1_425' title='bbox 1601 2352 1638 2375; x_wconf 91' lang='lat' dir='ltr'>ut</span> <span class='ocrx_word' id='word_1_426' title='bbox 1659 2345 1699 2375; x_wconf 87' lang='lat' dir='ltr'>ad</span> <span class='ocrx_word' id='word_1_427' title='bbox 1722 2355 1776 2384; x_wconf 86' lang='lat' dir='ltr'>pe·</span> 
     </span>
     <span class='ocr_line' id='line_1_64' title="bbox 1084 2386 1778 2428; baseline 0.001 -11"><span class='ocrx_word' id='word_1_428' title='bbox 1084 2389 1195 2417; x_wconf 82' lang='lat' dir='ltr'>eunias</span> <span class='ocrx_word' id='word_1_429' title='bbox 1210 2398 1282 2418; x_wconf 84' lang='lat' dir='ltr'>suas</span> <span class='ocrx_word' id='word_1_430' title='bbox 1304 2389 1534 2428; x_wconf 68' lang='lat' dir='ltr'>pervenirent,</span> <span class='ocrx_word' id='word_1_431' title='bbox 1557 2393 1594 2417; x_wconf 90' lang='lat' dir='ltr'>ut</span> <span class='ocrx_word' id='word_1_432' title='bbox 1613 2390 1685 2427; x_wconf 87' lang='lat' dir='ltr'>post</span> <span class='ocrx_word' id='word_1_433' title='bbox 1699 2386 1778 2418; x_wconf 75' lang='lat' dir='ltr'>fecit</span> 
     </span>
     <span class='ocr_line' id='line_1_65' title="bbox 1086 2429 1778 2467; baseline 0 -8"><span class='ocrx_word' id='word_1_434' title='bbox 1086 2430 1198 2459; x_wconf 83' lang='lat' dir='ltr'>Cicero</span> <span class='ocrx_word' id='word_1_435' title='bbox 1227 2432 1259 2460; x_wconf 89' lang='lat' dir='ltr'>in</span> <span class='ocrx_word' id='word_1_436' title='bbox 1287 2430 1420 2460; x_wconf 85' lang='lat' dir='ltr'>Cilicia:</span> <span class='ocrx_word' id='word_1_437' title='bbox 1445 2430 1483 2460; x_wconf 84' lang='lat' dir='ltr'>de</span> <span class='ocrx_word' id='word_1_438' title='bbox 1511 2440 1574 2467; x_wconf 86' lang='lat' dir='ltr'>quo</span> <span class='ocrx_word' id='word_1_439' title='bbox 1604 2431 1715 2458; x_wconf 82' lang='lat' dir='ltr'>narrat</span> <span class='ocrx_word' id='word_1_440' title='bbox 1742 2429 1778 2459; x_wconf 87' lang='lat' dir='ltr'>in</span> 
     </span>
     <span class='ocr_line' id='line_1_66' title="bbox 1084 2472 1777 2511; baseline 0 -11"><span class='ocrx_word' id='word_1_441' title='bbox 1084 2472 1228 2511; x_wconf 72' lang='lat' dir='ltr'>epistolis</span> <span class='ocrx_word' id='word_1_442' title='bbox 1244 2472 1283 2502; x_wconf 78' lang='lat' dir='ltr'>ad</span> <span class='ocrx_word' id='word_1_443' title='bbox 1297 2473 1369 2502; x_wconf 80' lang='lat' dir='ltr'>Att.</span> <span class='ocrx_word' id='word_1_444' title='bbox 1413 2472 1489 2503; x_wconf 88' lang='lat' dir='ltr'>Non</span> <span class='ocrx_word' id='word_1_445' title='bbox 1512 2472 1652 2501; x_wconf 82' lang='lat' dir='ltr'>arbitror</span> <span class='ocrx_word' id='word_1_446' title='bbox 1664 2480 1777 2509; x_wconf 80' lang='lat' dir='ltr'>quem·</span> 
     </span>
     <span class='ocr_line' id='line_1_67' title="bbox 1085 2513 1777 2552; baseline 0.001 -10"><span class='ocrx_word' id='word_1_447' title='bbox 1085 2524 1181 2552; x_wconf 78' lang='lat' dir='ltr'>quam</span> <span class='ocrx_word' id='word_1_448' title='bbox 1197 2514 1235 2543; x_wconf 85' lang='lat' dir='ltr'>dc</span> <span class='ocrx_word' id='word_1_449' title='bbox 1250 2514 1309 2544; x_wconf 84' lang='lat' dir='ltr'>hac</span> <span class='ocrx_word' id='word_1_450' title='bbox 1323 2515 1524 2544; x_wconf 84' lang='lat' dir='ltr'>correctione</span> <span class='ocrx_word' id='word_1_451' title='bbox 1538 2513 1777 2543; x_wconf 85' lang='lat' dir='ltr'>dubitaturum.</span> 
     </span>
    </p>

    <p class='ocr_par' dir='ltr' id='par_1_11' title="bbox 1083 2554 1780 2720">
     <span class='ocr_line' id='line_1_68' title="bbox 1127 2554 1778 2593; baseline 0.002 -9"><span class='ocrx_word' id='word_1_452' title='bbox 1127 2559 1166 2585; x_wconf 57' lang='lat'>25</span> <span class='ocrx_word' id='word_1_453' title='bbox 1201 2558 1379 2586; x_wconf 77' lang='lat' dir='ltr'>amicorum</span> <span class='ocrx_word' id='word_1_454' title='bbox 1407 2555 1516 2585; x_wconf 75' lang='lat' dir='ltr'>studia</span> <span class='ocrx_word' id='word_1_455' title='bbox 1544 2554 1619 2593; x_wconf 84' lang='lat' dir='ltr'>&amp;e.]</span> <span class='ocrx_word' id='word_1_456' title='bbox 1649 2554 1778 2593; x_wconf 81' lang='lat' dir='ltr'>Nempe</span> 
     </span>
     <span class='ocr_line' id='line_1_69' title="bbox 1083 2596 1779 2636; baseline -0.001 -10"><span class='ocrx_word' id='word_1_457' title='bbox 1083 2607 1208 2632; x_wconf 84' lang='lat' dir='ltr'>corum,</span> <span class='ocrx_word' id='word_1_458' title='bbox 1247 2599 1300 2636; x_wconf 88' lang='lat' dir='ltr'>qui</span> <span class='ocrx_word' id='word_1_459' title='bbox 1337 2598 1528 2635; x_wconf 72' lang='lat' dir='ltr'>legationes,</span> <span class='ocrx_word' id='word_1_460' title='bbox 1556 2596 1779 2636; x_wconf 74' lang='lat' dir='ltr'>proefecturas,</span> 
     </span>
     <span class='ocr_line' id='line_1_70' title="bbox 1083 2637 1780 2677; baseline 0 -9"><span class='ocrx_word' id='word_1_461' title='bbox 1083 2639 1282 2675; x_wconf 82' lang='lat' dir='ltr'>tribunatus,</span> <span class='ocrx_word' id='word_1_462' title='bbox 1296 2640 1542 2669; x_wconf 84' lang='lat' dir='ltr'>centurionatus</span> <span class='ocrx_word' id='word_1_463' title='bbox 1554 2643 1710 2677; x_wconf 85' lang='lat' dir='ltr'>cuperent</span> <span class='ocrx_word' id='word_1_464' title='bbox 1722 2637 1780 2668; x_wconf 86' lang='lat' dir='ltr'>ha-</span> 
     </span>
     <span class='ocr_line' id='line_1_71' title="bbox 1084 2681 1706 2720; baseline 0 -10"><span class='ocrx_word' id='word_1_465' title='bbox 1084 2681 1170 2716; x_wconf 75' lang='lat' dir='ltr'>bere,</span> <span class='ocrx_word' id='word_1_466' title='bbox 1185 2687 1218 2711; x_wconf 86' lang='lat' dir='ltr'>et</span> <span class='ocrx_word' id='word_1_467' title='bbox 1233 2687 1400 2720; x_wconf 79' lang='lat' dir='ltr'>sperarant</span> <span class='ocrx_word' id='word_1_468' title='bbox 1415 2691 1447 2710; x_wconf 84' lang='lat' dir='ltr'>se</span> <span class='ocrx_word' id='word_1_469' title='bbox 1462 2681 1706 2719; x_wconf 80' lang='lat' dir='ltr'>impetraturos.</span> 
     </span>
    </p>

    <p class='ocr_par' dir='ltr' id='par_1_12' title="bbox 1085 2721 1783 2930">
     <span class='ocr_line' id='line_1_72' title="bbox 1127 2721 1782 2762; baseline -0.002 -10"><span class='ocrx_word' id='word_1_470' title='bbox 1127 2723 1168 2752; x_wconf 67' lang='lat'>26</span> <span class='ocrx_word' id='word_1_471' title='bbox 1189 2733 1209 2752; x_wconf 80' lang='grc' dir='ltr'><em>α</em></span> <span class='ocrx_word' id='word_1_472' title='bbox 1224 2733 1278 2762; x_wconf 74' lang='lat' dir='ltr'>spe</span> <span class='ocrx_word' id='word_1_473' title='bbox 1291 2722 1486 2762; x_wconf 76' lang='lat' dir='ltr'>adipiscendi</span> <span class='ocrx_word' id='word_1_474' title='bbox 1501 2722 1549 2761; x_wconf 84' lang='lat' dir='ltr'>a.]</span> <span class='ocrx_word' id='word_1_475' title='bbox 1575 2721 1782 2761; x_wconf 76' lang='lat' dir='ltr'>Adipiscendz&#39;</span> 
     </span>
     <span class='ocr_line' id='line_1_73' title="bbox 1085 2763 1777 2803; baseline -0.001 -10"><span class='ocrx_word' id='word_1_476' title='bbox 1085 2765 1274 2803; x_wconf 83' lang='lat' dir='ltr'>exquisitius</span> <span class='ocrx_word' id='word_1_477' title='bbox 1310 2765 1448 2794; x_wconf 80' lang='lat' dir='ltr'>refertur</span> <span class='ocrx_word' id='word_1_478' title='bbox 1482 2764 1522 2793; x_wconf 89' lang='lat' dir='ltr'>ad</span> <span class='ocrx_word' id='word_1_479' title='bbox 1548 2763 1777 2793; x_wconf 83' lang='lat' dir='ltr'>candidatum:</span> 
     </span>
     <span class='ocr_line' id='line_1_74' title="bbox 1085 2804 1780 2846; baseline 0 -10"><span class='ocrx_word' id='word_1_480' title='bbox 1085 2806 1224 2846; x_wconf 81' lang='lat' dir='ltr'>populus</span> <span class='ocrx_word' id='word_1_481' title='bbox 1264 2807 1390 2836; x_wconf 87' lang='lat' dir='ltr'>amittit</span> <span class='ocrx_word' id='word_1_482' title='bbox 1431 2815 1532 2845; x_wconf 79' lang='lat' dir='ltr'>spem,</span> <span class='ocrx_word' id='word_1_483' title='bbox 1569 2804 1780 2836; x_wconf 83' lang='lat' dir='ltr'>candidatum</span> 
     </span>
     <span class='ocr_line' id='line_1_75' title="bbox 1085 2847 1781 2888; baseline -0.004 -10"><span class='ocrx_word' id='word_1_484' title='bbox 1085 2848 1280 2888; x_wconf 61' lang='lat' dir='ltr'>adepturum</span> <span class='ocrx_word' id='word_1_485' title='bbox 1297 2848 1466 2883; x_wconf 84' lang='lat' dir='ltr'>honorem,</span> <span class='ocrx_word' id='word_1_486' title='bbox 1482 2857 1577 2886; x_wconf 88' lang='lat' dir='ltr'>quem</span> <span class='ocrx_word' id='word_1_487' title='bbox 1602 2847 1697 2887; x_wconf 82' lang='lat' dir='ltr'>petit,</span> <span class='ocrx_word' id='word_1_488' title='bbox 1719 2856 1781 2888; x_wconf 84' lang='lat' dir='ltr'>pu-</span> 
     </span>
     <span class='ocr_line' id='line_1_76' title="bbox 1086 2888 1783 2930; baseline -0.004 -8"><span class='ocrx_word' id='word_1_489' title='bbox 1086 2894 1199 2930; x_wconf 85' lang='lat' dir='ltr'>tatque</span> <span class='ocrx_word' id='word_1_490' title='bbox 1234 2890 1379 2930; x_wconf 80' lang='lat' dir='ltr'>quisque,</span> <span class='ocrx_word' id='word_1_491' title='bbox 1408 2890 1598 2929; x_wconf 71' lang='lat' dir='ltr'>suffragium</span> <span class='ocrx_word' id='word_1_492' title='bbox 1627 2897 1725 2920; x_wconf 84' lang='lat' dir='ltr'>suum</span> <span class='ocrx_word' id='word_1_493' title='bbox 1750 2888 1783 2926; x_wconf 66' lang='lat' dir='ltr'>ei</span> 
     </span>
    </p>
   </div>
  </div>
 </body>
</html>
