1907 3231
513 102 636 140 ACT.
672 101 723 138 Π.
760 99 946 137 LIBER
979 98 1220 136 PRIMUS.
1496 101 1567 136 131

140 201 361 257 Hortensi,
382 205 496 261 quod
519 211 639 260 saepe
653 203 819 259 experti
850 203 894 242 in
927 202 1108 243 dicendo
1139 216 1298 242 sumus,
1359 201 1468 248 Quis
1491 216 1567 242 nos

137 278 396 319 magnopere
425 263 610 302 attendit
633 275 849 315 umquam,
871 260 914 299 in
938 259 1019 300 hoc
1049 258 1222 313 quidem
1244 272 1398 313 genere
1419 273 1566 298 causa-

138 334 246 371 rum,
269 320 341 360 ubi
372 319 531 374 aliquid
564 327 773 374 ereptum,
796 326 869 357 aut
897 316 1087 356 ablatum
1109 330 1134 356 a
1154 315 1358 370 quopiam
1380 315 1565 356 dicitur?

137 391 278 417 nonne
299 386 372 416 aut
405 376 447 416 in
471 376 640 426 tabulis,
662 385 736 415 aut
767 374 809 414 in
843 373 1022 413 te'stibus
1049 373 1188 413 omnis
1210 371 1566 426 exspectatioju-

137 433 279 474 dicum
302 435 390 474 est?
424 432 531 474 Dixi
555 433 692 487 prima
713 431 896 481 actione,
919 444 987 470 me
1009 428 1183 485 planum
1213 442 1304 469 esse
1335 427 1566 477 facturum,

136 489 188 530 C.
221 490 394 530 Verrem
437 489 535 530 H-S
575 487 923 544 quadringenties
965 497 1115 527 contra
1154 486 1292 540 legem
1325 484 1565 525 abstulisse.

137 546 283 592 Quid?
314 547 396 587 hoc
418 546 584 602 planius
614 546 811 600 egissem,
834 544 867 585 si
900 544 960 584 ita
978 544 1238 583 narrassem?
1272 541 1358 582 Dio
1389 541 1565 597 quidam

133 602 217 643 fuit
233 603 475 653 Halesinus‚
497 604 585 658 qui,
608 617 706 643 cum
733 602 824 656 ejus
847 601 949 650 filio,
974 608 1156 656 praetore
1178 598 1423 649 Sacerdote,
1446 597 1567 638 here-

130 659 241 700 ditas
272 676 296 700 a
329 660 569 716 propinquo
604 673 838 715 permagna
870 657 1068 707 venisset,
1102 657 1209 697 nihil
1240 656 1391 696 habuit
1426 669 1563 709 neque

131 717 311 772 negotii,
345 732 481 772 neque
512 716 831 758 controversiae.
892 714 1057 763 Verres,
1088 713 1265 753 simulac
1301 712 1445 767 tetigit
1468 727 1565 767 pro-

131 774 332 825 vinciam,
355 774 499 815 statim
519 774 763 814 Messanam
780 771 941 812 litteras
959 770 1099 810 dedit:
1125 770 1315 810 Dionem
1337 769 1534 810 evocavit
1552 786 1561 811 :

128 830 456 872 calumniatores
488 845 542 871 ex
576 830 669 870 sinu
701 843 776 869 suo
808 827 1023 883 apposuit,
1045 827 1119 881 qui
1143 825 1257 867 illam
1281 826 1562 867 hereditatem

130 887 285 928 Veneri
314 888 508 943 Erycinae
530 886 802 928 commissam
835 899 925 925 esse
947 884 1152 924 dicerent.
1178 883 1256 924 hac
1278 883 1331 923 de
1353 897 1396 923 re
1418 892 1561 923 osten-

127 944 192 984 dit
214 946 399 1000 seipsum
421 944 710 1000 cogniturum.
773 942 954 982 Possum
984 941 1184 996 deinceps
1218 949 1350 981 totam
1374 955 1462 980 rem
1484 954 1558 980 ex-
1569 947 1619 981 23

130 1001 311 1056 plicare:
334 1002 486 1042 deinde
507 1001 559 1042 ad
577 1010 817 1040 extremum
840 999 898 1049 id,
919 998 1034 1053 quod
1057 997 1229 1047 accidit,
1250 997 1390 1038 dicere
1409 1014 1416 1038 :
1451 996 1559 1038 Dio-

129 1072 222 1098 nem
251 1058 348 1099 H-S
380 1059 521 1099 decies
553 1066 734 1099 centena
765 1056 898 1097 millia
928 1069 1184 1105 numerasse,
1208 1063 1255 1094 ut
1276 1069 1447 1095 causam
1470 1069 1560 1095 cer-

126 1115 335 1156 tissimam
368 1116 603 1156 obtineret:
637 1123 846 1169 praeterea
877 1127 1029 1168 greges
1060 1126 1265 1167 equarum
1306 1111 1397 1165 ejus
1430 1112 1559 1152 istum

124 1172 360 1227 abigendos
389 1187 582 1213 curasse:
615 1171 781 1226 argenti
804 1170 1018 1224 vestisque
1040 1168 1239 1224 stragulae
1263 1169 1379 1222 quod
1413 1168 1558 1219 fuerit,

124 1227 292 1278 efflasse
313 1229 607 1270 auferendum.
669 1228 780 1269 Haec
802 1241 938 1280 neque
960 1241 1057 1266 cum
1081 1240 1162 1281 ego
1193 1226 1393 1275 dicerem,
1422 1240 1559 1280 neque

126 1300 223 1325 cum
248 1296 293 1326 tu
313 1300 504 1342 negares,
526 1285 672 1341 magni
702 1283 909 1324 momenti
945 1292 1091 1323 nostra
1111 1291 1221 1322 esset
1243 1283 1395 1322 oratio.
1457 1283 1557 1329 Quo

125 1350 317 1398 tempore
339 1343 470 1398 igitur
486 1356 606 1383 aures
623 1341 760 1396 judex
775 1340 972 1397 erigeret,
995 1340 1271 1394 animumque
1293 1339 1557 1381 attenderet?

123 1413 221 1439 cum
245 1399 332 1440 Dio
354 1401 444 1455 ipse
466 1399 669 1455 prodiret,
691 1413 789 1439 cum
811 1397 956 1447 ceteri,
979 1396 1052 1452 qui
1077 1407 1166 1437 tum
1190 1397 1232 1437 in
1257 1396 1403 1437 Sicilia
1424 1411 1557 1452 nego-

122 1456 193 1496 tiis
220 1455 372 1497 Dionis
404 1455 718 1497 interfuissent:
750 1469 849 1496 cum
880 1469 954 1510 per
985 1468 1057 1495 eos
1088 1454 1203 1509 ipsos
1225 1453 1330 1503 dies,
1354 1468 1428 1509 per
1449 1469 1556 1508 quos

120 1527 292 1554 causam
316 1512 403 1554 Dio
425 1514 599 1564 diceret,
622 1513 877 1568 reperiretur
907 1511 1109 1567 pecunias
1140 1510 1340 1551 sumsisse
1362 1523 1555 1563 mutuas;

119 1571 295 1611 nomina
317 1586 392 1612 sua
411 1571 621 1626 exegisse,
643 1570 805 1626 praedia
839 1569 1098 1611 vendidisse:
1131 1582 1230 1609 cum
1262 1567 1419 1608 tabulae
1444 1568 1556 1609 viro-

118 1640 213 1668 rum
244 1629 452 1669 bonorum
488 1627 799 1684 proferrentur:
831 1641 945 1676 cum,
967 1626 1040 1681 qui
1076 1626 1301 1681 pecuniam
1325 1624 1459 1666 Dioni
1481 1624 1556 1666 de-

119 1683 287 1737 derunt,
318 1686 510 1726 dicerent
540 1699 584 1725 se
609 1685 704 1740 jam
739 1693 829 1724 tum
862 1684 1044 1733 audisse,
1066 1697 1117 1723 eo
1140 1697 1337 1723 nummos
1358 1682 1482 1732 sumi,
1506 1692 1554 1723 ut

120 1740 242 1782 Verri
274 1743 498 1784 darentur:
530 1757 628 1783 cum
661 1741 805 1792 amici,
837 1740 1044 1796 hospites,
1078 1740 1247 1795 patroni
1285 1739 1450 1789 Dionis,
1474 1739 1552 1780 ho-

118 1798 255 1840 mines
279 1799 582 1850 honestissimi,
605 1799 699 1840 haec
731 1798 879 1839 eadem
911 1812 954 1838 se
985 1797 1152 1838 audisse
1173 1797 1379 1838 dicerent.
1441 1796 1549 1853 Opi·
1561 1810 1611 1849 ‘29

118 1869 210 1906 nor,
245 1871 344 1897 cum
379 1857 474 1898 haec
509 1856 674 1907 fierent,
711 1866 802 1896 tum
840 1870 914 1897 vos
945 1855 1164 1905 audiretis,
1201 1854 1312 1894 sicut
1348 1853 1593 1899 audistiszp1
1623 1863 1673 1891 82·

117 1913 158 1943 ‘22
169 1921 260 1953 tum
282 1928 410 1955 causa
430 1914 500 1971 agi
524 1914 750 1955 videretur.
793 1913 865 1953 Sic
885 1928 911 1953 a
931 1927 999 1952 me
1021 1922 1119 1952 sunt
1135 1921 1231 1952 acta
1246 1911 1392 1951 omnia
1410 1911 1550 1968 priore
1561 1912 1591 1933 *Ἰ*

116 1970 300 2021 actione,
323 1981 370 2012 ut
392 1971 434 2012 in
456 1971 708 2012 criminibus
725 1970 925 2011 omnibus
942 1969 1104 2010 nullum
1121 1977 1245 2020 esset,
1263 1967 1413 2024 inquo
1434 1969 1551 2022 quis-

115 2040 244 2080 quam
267 2028 455 2069 vestrfim
479 2037 728 2084 perpetuam
749 2027 1066 2068 accusationem
1084 2026 1329 2085 requireret.
1370 2026 1550 2081 ffsshego

116 2097 207 2125 esse
236 2086 471 2141 quidquam
504 2101 529 2126 a
559 2085 738 2126 testibus
769 2084 950 2135 dictum,
983 2083 1098 2139 quod
1131 2093 1205 2123 aut
1241 2081 1427 2123 vestrum
1458 2083 1549 2123 cui-

115 2141 232 2195 piam
253 2153 364 2184 esset
386 2144 631 2193 obscurum,
653 2150 727 2182 aut
760 2141 1014 2197 cujusquam
1045 2140 1225 2180 oratoris
1258 2139 1546 2194 eloquentiam

114 2209 339 2251 quaereret.
400 2199 571 2241 Etenim
606 2199 666 2240 sic
700 2213 768 2240 me
799 2199 939 2254 ipsum
960 2197 1100 2254 egisse
1128 2197 1334 2238 memoria
1378 2197 1545 2248 tenetis,
1566 2195 1583 2242 1
1604 2196 1626 2241 l

114 2265 163 2296 ut
194 2256 238 2297 in
273 2257 452 2298 testibus
489 2256 803 2312 interrogandis
843 2255 989 2296 omnia
1028 2254 1210 2295 crimina
1250 2267 1550 2310 proponerem,

113 2322 157 2352 et
174 2313 449 2368 explicarem,
481 2323 542 2365 ut,
566 2328 663 2355 cum
688 2327 774 2354 rem
806 2322 942 2354 totam
974 2313 1018 2353 in
1050 2311 1192 2352 medio
1217 2311 1548 2366 proposuissem,

114 2378 206 2410 tum
228 2371 412 2426 denique
436 2381 586 2412 testem
621 2372 944 2426 interrogarem.
1005 2368 1156 2423 Itaque
1188 2383 1272 2408 non
1306 2367 1435 2408 modo
1461 2383 1549 2421 vos,

112 2427 268 2481 quibus
295 2438 361 2469 est
386 2428 686 2484 judicandum,
719 2438 865 2468 nostra
896 2427 1076 2468 crimina
1110 2425 1279 2475 tenetis,
1313 2424 1385 2465 sed
1418 2425 1550 2466 etiam

112 2484 295 2540 populus
320 2485 540 2526 Romanus
560 2494 691 2526 totam
711 2484 1028 2526 accusationem
1047 2496 1304 2537 causamque
1326 2482 1548 2537 cognovit.

113 2542 282 2583 tametsi
314 2542 373 2583 ita
394 2543 446 2584 de
468 2557 563 2583 meo
586 2542 701 2584 facto
723 2542 889 2597 loquor,
911 2540 1031 2596 quasi
1054 2554 1135 2596 ego
1158 2538 1259 2580 illud
1282 2553 1378 2579 mea
1402 2538 1549 2580 volun—

152 2699 193 2728 92
214 2701 284 2729 tum
308 2710 422 2731 caussa
444 2701 501 2739 agi
515 2700 593 2739 vid]
620 2700 765 2731 Graevius
788 2709 806 2730 e
850 2708 929 2736 nego
942 2707 999 2736 ego
1012 2708 1085 2728 esse.
1109 2697 1242 2737 Semper
1256 2695 1288 2727 τὸ
1299 2706 1360 2736 ego
1375 2694 1550 2727 delendum

110 2739 189 2770 cod.
206 2740 255 2770 Fr.
271 2742 342 2772 addi
367 2744 437 2773 vult
461 2753 542 2773 vere.
578 2743 647 2773 Sed
671 2743 702 2773 id
725 2748 773 2773 cst
788 2752 807 2772 a
851 2741 973 2781 putavi.
997 2750 1084 2771 nunc
1105 2739 1220 2777 deleti,
1245 2739 1322 2779 quia
1345 2739 1378 2768 in
1403 2739 1473 2769 edd.
1498 2747 1547 2778 pr.

107 2781 226 2821 glossa,
250 2793 321 2822 quae
335 2790 383 2814 est
397 2790 431 2815 et
447 2786 480 2815 in
496 2785 557 2815 ΜΞ.
575 2786 637 2816 Gu.
851 2793 916 2814 non
933 2788 998 2813 est:
1024 2792 1083 2813 nec
1097 2781 1194 2812 habet
1211 2781 1274 2811 Ms.
1288 2780 1351 2811 Gu.
1376 2779 1549 2821 Quomodo

148 2826 187 2855 ‘23
217 2825 313 2863 Nego
341 2827 418 2867 esse]
459 2827 539 2858 Edd.
569 2827 655 2868 iulg.
682 2826 806 2858 habent
851 2832 966 2856 natum
982 2825 1036 2862 sit,
1052 2823 1145 2856 facile
1161 2823 1370 2864 intelligitur.
1514 2824 1516 2826 ’

784 2886 863 2921 KQ.
