1907 3231
493 132 619 170 ACT.
648 127 917 172 11:121ssssss
949 127 1221 167 QUINTUS.
1506 131 1582 166 389

141 247 225 289 que
246 233 461 276 nonnullae
484 249 539 276 ex
560 250 612 277 eo
633 247 811 276 numero
831 234 873 274 in
895 231 1143 274 convivium
1166 230 1482 272 adhibebantur
1503 245 1578 286 pa-

140 290 241 332 lam.
277 292 309 331 si
341 306 436 347 quae
467 293 670 333 castiores
707 301 842 342 erant,
875 290 928 331 ad
961 299 1131 345 tempus
1162 288 1406 338 veniebant,
1438 288 1577 329 lucem

142 357 491 404 conventumque
531 350 740 390 vitabant.
804 348 938 390 Erant
979 356 1122 387 autem
1155 344 1356 386 convivia
1385 359 1469 385 non
1505 345 1618 385 illob.

142 405 313 446 silentio
332 409 616 462 34praetorum
648 406 796 463 populi
835 406 962 446 Rom.
994 414 1122 459 atque
1151 402 1473 458 imperatorum,
1504 416 1579 443 ne-

142 477 225 517 que
246 476 296 503 eo
319 463 495 518 pudore,
518 465 591 519 qui
615 464 657 504 in
689 464 1020 520 magistratuum
1043 460 1253 502 conviviis
1276 458 1433 499 versari
1458 458 1579 510 solet,

143 519 215 560 sed
244 534 343 559 cum
387 522 580 562 maximo
623 521 809 562 clamore
851 530 980 576 atque
1009 518 1223 560 convicio.
1255 530 1582 570 nonnumquam

140 576 271 617 etiam
294 590 358 617 res
381 578 433 618 ad
456 593 621 629 manus,
641 588 770 634 atque
801 578 853 619 ad
886 591 1076 634 pugnam
1099 575 1314 615 veniebat.
1359 572 1447 614 Iste
1465 573 1581 614 enim

141 643 302 689 praetor
324 649 491 675 severus
515 651 564 677 ac
586 635 871 692 diligens‚qui
893 634 1041 691 populi
1067 632 1252 674 Romani
1270 630 1437 687 legibus
1457 644 1580 671 num-

139 705 268 745 quam
291 692 525 747 paruisset;
558 692 639 734 illis
669 693 899 748 diligenter
920 692 1103 748 legibuS‚
1126 704 1223 745 quae
1246 690 1290 730 in
1315 688 1480 743 poculis
1505 702 1581 744 po-

141 749 368 800 nebantur,
388 750 730 806 obtemperabat.
791 748 944 804 Itaque
965 757 1086 788 erant
1108 748 1250 787 exitus
1283 745 1510 800 eJusmodi‚
1533 755 1581 786 ut

142 805 247 846 alius
271 806 381 847 inter
396 821 547 848 manus
562 807 816 856 econvivio,
839 816 1057 860 tamquam
1080 819 1103 844 e
1125 803 1297 860 proeli0‚
1319 803 1578 844 auferretur:

139 863 261 913 alius,
294 872 512 920 tamquam
544 865 726 914 occisus,
757 863 1090 918 relinqueretur:
1135 861 1326 916 plerique
1368 860 1450 903 fusi
1488 861 1580 903 sine

138 929 283 961 mente
316 935 366 962 ac
403 923 493 963 sine
526 922 611 963 ullo
645 934 768 961 sensu
794 920 1005 975 jacerent,
1036 918 1176 974 quivis
1210 928 1272 968 ut,
1295 931 1394 958 cum
1426 918 1579 974 adspe-

140 978 290 1029 xisset‚
321 993 406 1020 non
439 993 482 1019 se
513 978 709 1035 praetoris
731 977 996 1028 convivium,
1019 976 1091 1017 sed
1123 984 1171 1016 ut
1194 974 1464 1016 Cannensem
1499 989 1578 1031 pu-

140 1049 268 1090 gnam
292 1036 496 1090 nequitiae
527 1036 670 1077 videre
691 1035 983 1076 arbitraretur.
1044 1032 1157 1074 Cum
1180 1047 1280 1073 vero
1316 1041 1441 1073 aestas
1464 1047 1578 1073 sum-
1597 1017 1658 1064 12

138 1106 210 1133 ma
239 1093 436 1149 essejam
460 1102 669 1150 coeperat,
688 1092 802 1148 quod
837 1102 1004 1148 tempus
1039 1104 1186 1132 omnes
1219 1089 1377 1130 Siciliae
1404 1089 1641 1146 >seinper29

138 1158 344 1205 praetores
368 1150 411 1190 in
444 1150 670 1192 itineribus
704 1164 955 1191 consumere
985 1156 1580 1203 consueverunt,propterea,

137 1207 254 1261 quod
277 1217 368 1248 tum
390 1217 545 1264 putant
566 1208 807 1249 obeundam
831 1221 922 1247 esse
952 1206 1142 1246 maxime
1174 1206 1457 1260 provinciam,
1480 1219 1580 1246 cum

140 1263 184 1304 in
207 1265 314 1305 areis
346 1264 562 1306 frumenta
593 1274 705 1316 sunt,
736 1265 849 1320 quod
888 1274 931 1304 et
963 1263 1138 1303 familia}
1171 1272 1506 1318 congregantur,
1537 1272 1581 1304 et

137 1323 394 1377 magnitudo
434 1323 596 1364 servitii
631 1322 902 1379 perspicitur,
936 1330 980 1362 et
1012 1323 1051 1351 35
1064 1320 1186 1360 labor
1217 1321 1358 1375 operis
1389 1320 1580 1361 maxime

139 1377 388 1430 offenditur,
411 1390 454 1421 et
487 1380 692 1421 frumenti
723 1380 851 1434 copia
881 1386 1144 1427 commonet,
1176 1387 1346 1433 tempus
1367 1377 1467 1417 anni
1491 1392 1578 1420 non

138 1437 349 1492 impedit3
382 1448 489 1488 tum,
523 1438 714 1492 inquam,
752 1450 850 1476 cum
885 1445 1143 1476 concursant
1184 1435 1315 1474 ceteri
1356 1444 1577 1490 praetores,

136 1493 221 1534 iste
243 1508 357 1535 novo
387 1495 574 1550 quodam
597 1509 651 1535 ex
683 1508 839 1551 genere.
862 1493 1110 1549 imperator,
1135 1491 1423 1547 pulcherrimo
1445 1492 1485 1521 36
1497 1492 1577 1548 Sy—

137 1565 383 1592 racusarum
413 1552 509 1593 loco
544 1552 708 1593 stativa.
732 1551 813 1591 sibi
846 1561 985 1591 castra
1015 1549 1218 1590 faciebat.
1281 1549 1392 1589 Nam
1418 1549 1460 1589 in
1483 1550 1576 1605 ipso
1589 1547 1641 1581 30

137 1607 257 1648 aditu
279 1618 408 1664 atque
439 1624 512 1650 ore
535 1619 697 1666 portus,
720 1609 794 1649 ubi
815 1608 1003 1664 primum
1025 1621 1079 1647 ex
1102 1606 1189 1646 alto
1214 1606 1329 1646 sinus
1351 1606 1404 1647 ad
1428 1607 1579 1649 urbem

135 1665 190 1705 ab
212 1665 337 1707 litore
368 1666 617 1718 inflectitur,
640 1665 916 1708 tabernacula
945 1664 1158 1706 carbaseis
1181 1663 1348 1704 intenta
1370 1663 1470 1704 velis
1492 1664 1580 1705 col-

134 1722 321 1764 locabat.
353 1723 438 1765 huc
460 1739 515 1765 ex
548 1724 619 1765 illa
640 1724 770 1765 domo
803 1723 1021 1779 praetoria,
1051 1723 1089 1755 37
1105 1736 1202 1777 quae
1236 1721 1348 1777 regis
1374 1720 1580 1762 Hieronis

136 1779 235 1831 fuit,
269 1781 329 1821 sic
348 1781 604 1837 emigrabat,
628 1791 675 1822 ut
698 1795 772 1837 per
794 1795 867 1821 eos
898 1781 988 1821 dies
1012 1793 1137 1820 nemo
1160 1779 1290 1819 istum
1314 1787 1438 1819 extra
1461 1779 1581 1820 illum

134 1836 279 1878 locum
314 1839 457 1879 videre
489 1847 648 1894 posset.
710 1838 761 1880 In
794 1852 892 1878 eum
916 1848 1059 1878 autem
1092 1837 1234 1892 ipsum
1266 1836 1408 1877 locum
1438 1836 1580 1878 aditus

132 1903 225 1936 erat
247 1895 423 1947 nemini,
456 1897 536 1937 nisi
568 1896 641 1956 qui
672 1905 747 1937 aut
778 1896 933 1947 socius,
957 1905 1030 1936 aut
1060 1894 1255 1935 minister
1276 1893 1468 1935 libidinis
1491 1908 1582 1936 esse

176 2034 218 2063 34
236 2038 416 2071 proetorum
436 2033 551 2073 populi
576 2033 687 2073 Rom]
718 2032 835 2064 Addidi

127 2083 206 2118 pop.
223 2074 266 2105 R.
289 2086 306 2105 e
322 2075 399 2106 Mss.
415 2081 449 2106 et
473 2075 544 2106 edd.
566 2086 615 2116 pr.
638 2076 759 2107 Omisit
779 2077 836 2107 Al.

134 2117 204 2147 dus.
248 2117 329 2148 Mox
365 2117 474 2158 placet
508 2119 700 2158 conjectura
729 2118 835 2149 Hoto-

135 2160 248 2190 manni
263 2170 322 2200 pro
336 2163 461 2191 versari
476 2160 615 2197 legentis
631 2162 768 2191 servari.

165 2204 215 2232 ‘35
245 2203 376 2233 laboro.
400 2213 444 2233 m.
467 2201 660 2243 qffendz'tur]
693 2204 745 2233 Sic
761 2203 834 2235 edd.

130 2253 185 2284 pr.
200 2244 220 2274 i.
237 2255 265 2275 e.
280 2245 374 2275 Rom.
391 2245 479 2276 Med.
494 2248 552 2275 elce.
563 2255 630 2275 non
641 2246 834 2284 ostenditur,

134 2290 173 2316 ut
196 2287 299 2327 tradit
319 2288 490 2318 Gruterus.
535 2289 587 2318 Sic
615 2294 649 2318 et
678 2288 741 2318 Ms.
771 2288 834 2319 Gu.

131 2327 282 2359 Primum
311 2330 345 2359 in
371 2330 503 2361 Ascens.
535 2341 584 2370 pr.
615 2331 718 2371 reperi
744 2335 779 2360 et
801 2332 835 2361 in

129 2371 318 2410 ‚marginem
333 2374 475 2412 ejectum
488 2371 680 2413 qffendz'tur,
695 2382 754 2413 pro
765 2383 833 2404 var.

133 2412 209 2443 leet.
225 2418 263 2444 ut
278 2414 406 2454 opinor,
420 2426 437 2445 e
447 2417 636 2453 conjectura
647 2415 833 2446 Becichenii

132 2459 192 2485 aut
206 2456 329 2487 Budaei.
378 2456 570 2499 Ostendit-ur
584 2468 643 2497 pro
657 2459 831 2498 reperitur,

130 2496 401 2537 deprehenditur,
428 2500 546 2530 melius
573 2501 728 2530 convenit
751 2510 833 2540 prae-

135 2539 265 2570 eedenti
274 2543 485 2581 perspicitur.

178 2583 218 2612 36
247 2582 495 2622 Syracusarum
524 2583 608 2624 luco]
648 2583 730 2614 Edd.
753 2587 835 2614 vett.

130 2622 188 2654 *hic
202 2630 236 2654 et
252 2631 338 2665 post,
355 2627 390 2656 in
405 2631 501 2658 extra
524 2629 635 2658 lucum
657 2631 691 2656 et
709 2627 744 2656 in
763 2637 836 2656 eum

133 2665 240 2705 ipsum
277 2668 401 2705 lucum,
440 2671 553 2701 lucum
582 2669 687 2699 litoris
717 2678 836 2708 magno

133 2717 296 2739 consensu
315 2710 438 2741 habent
460 2714 536 2749 loeo,
560 2713 678 2748 Iocum,
696 2711 783 2750 quod
799 2716 832 2741 et

132 2748 315 2782 Lambinus
343 2754 378 2783 in
405 2754 558 2784 omnibus
585 2754 666 2784 Mss.
695 2753 832 2793 reperit:

131 2793 202 2830 qui,
219 2793 332 2831 miror,
356 2796 520 2834 quomodo
543 2797 691 2836 potuerit
713 2796 832 2832 dicere,

131 2833 234 2864 libros
248 2836 313 2866 fere
328 2847 442 2868 omnes
465 2838 616 2877 vulgatos
631 2838 752 2868 habere
769 2840 832 2868 luc.

132 2876 244 2909 Prima
270 2878 342 2909 Asc.
383 2883 409 2911 Ι,
446 2880 545 2912 habet
582 2881 833 2921 Syracusarum

879 2035 961 2070 luco,
992 2033 1026 2062 in
1055 2031 1171 2062 ceteris
1193 2035 1244 2061 est
1268 2032 1384 2062 locum.
1421 2031 1582 2063 Similiter

878 2076 951 2106 Ald.
969 2076 1011 2107 N,
1032 2077 1122 2105 1580.
1146 2074 1211 2104 alia
1234 2074 1338 2104 nulla.
1386 2074 1425 2104 In
1442 2080 1580 2114 utraque

878 2123 960 2159 puto
988 2125 1057 2147 esse
1092 2116 1208 2146 vitium
1246 2126 1433 2157 operarum.
1491 2117 1581 2153 Nam

878 2162 951 2191 Asc.
967 2163 997 2192 2.
1015 2160 1115 2190 habet
1139 2161 1214 2195 loco,
1236 2166 1274 2189 ut
1297 2165 1414 2189 eeterae
1437 2159 1511 2190 Ald.
1536 2156 1579 2191 Ν.

876 2203 1010 2233 Gruteri
1024 2207 1104 2232 nota
1118 2200 1156 2231 de
1171 2200 1207 2231 P.
1223 2201 1377 2231 Manutio
1391 2206 1425 2231 et
1438 2202 1522 2232 Aldo
1532 2202 1580 2233 fil.

877 2247 1021 2286 pertinet
1046 2249 1181 2275 tantum
1195 2243 1236 2273 ad
1256 2243 1306 2273 ed.
1326 2246 1416 2274 1580.
1462 2245 1581 2281 Cetera

878 2287 1052 2328 descriptio
1069 2286 1131 2316 loci
1156 2286 1283 2323 totius3
1310 2287 1366 2315 ubi
1375 2288 1526 2326 primum
1540 2296 1580 2317 ex

878 2331 957 2367 alto,
974 2331 1031 2360 ἃς.
1047 2338 1114 2359 non
1129 2328 1283 2358 convenit
1297 2329 1368 2358 luco
1379 2340 1388 2357 :
1411 2339 1470 2359 nec
1483 2340 1510 2359 c.
1527 2331 1578 2360 31.

875 2373 932 2402 ubi
944 2377 995 2402 est
1007 2370 1181 2411 descriptio
1196 2370 1273 2407 alia,
1287 2380 1393 2400 unum
1403 2372 1579 2411 vestigium

877 2421 927 2444 est
941 2414 1020 2451 luci,
1037 2423 1097 2444 nec
1112 2423 1139 2443 c.
1155 2414 1206 2445 37.
1242 2412 1305 2442 Ms.
1322 2414 1383 2443 Gu.
1400 2415 1474 2444 loco.
1512 2415 1578 2445 lta-

877 2467 938 2496 quc
952 2461 1098 2487 veterem
1114 2455 1289 2485 lectionem
1306 2456 1447 2486 restitui.

920 2502 958 2532 37
983 2508 1052 2539 quae
1066 2498 1154 2536 regis
1170 2496 1326 2527 Hieronis
1338 2496 1390 2537 Ji]
1421 2499 1503 2530 Haec
1523 2509 1579 2539 ap-

879 2541 1064 2581 pendicula,
1093 2549 1165 2579 quae
1189 2539 1363 2578 aliquoties
1387 2540 1420 2570 in
1442 2541 1492 2571 his
1508 2552 1579 2572 ora-

879 2584 1023 2613 tionibus
1049 2582 1206 2618 occurrit,
1232 2581 1313 2612 mihi
1342 2589 1493 2623 suspecta
1517 2589 1577 2621 est.

879 2624 971 2656 Verr.
987 2626 1015 2662 1,
1032 2628 1082 2656 53.
1097 2623 1292 2663 simpliciter
1306 2629 1356 2654 est
1371 2626 1484 2656 domus
1492 2636 1578 2666 pra-

880 2669 982 2701 naria,-
1018 2667 1087 2704 ubi,
1109 2667 1186 2706 quia
1206 2666 1350 2706 primum
1374 2669 1577 2699 memoraba-

876 2715 943 2746 tur,
981 2709 1051 2740 haec
1088 2709 1206 2739 notula
1244 2709 1414 2748 aptissima
1449 2711 1578 2741 videtur

877 2753 985 2782 fursee.
1030 2752 1070 2782 In
1085 2751 1118 2781 h.
1134 2750 1156 2780 l.
1180 2749 1309 2781 videtur
1332 2752 1445 2783 addita
1470 2762 1538 2784 esse
1559 2764 1577 2784 e

876 2795 935 2831 lv,
953 2796 1004 2825 5⁶2.
1020 2795 1060 2824 ab
1074 2793 1181 2824 aliena
1195 2803 1309 2830 manu,
1335 2794 1396 2824 nisi
1419 2795 1496 2834 quia
1517 2797 1578 2831 illa

876 2836 1025 2867 additur:
1051 2846 1090 2866 et
1104 2836 1165 2866 illa
1187 2835 1278 2866 domo
1295 2845 1352 2876 pr.
1370 2837 1445 2868 inde
1465 2839 1494 2868 ei
1509 2838 1542 2868 h.
1556 2837 1577 2867 l.

876 2878 998 2919 aliquid
1014 2878 1211 2910 defensionis
1224 2883 1285 2909 est.
1298 2880 1386 2909 conf.
1396 2878 1471 2911 infr.
1484 2892 1511 2910 c.
1526 2883 1577 2909 31,

784 2928 912 2964 003
