1907 3231
274 119 303 150 x
788 104 1200 153 PRAEFATIO.

273 214 556 258 versionibus.
603 215 703 259 Non
726 219 913 277 contigit
933 218 1038 261 mibi
1060 219 1154 275 ejus
1175 231 1300 260 usus:
1330 229 1411 258 nec
1432 228 1526 258 eam
1546 213 1705 257 habere

273 282 395 325 valde
424 294 499 326 aut
526 284 669 326 videre
699 286 830 342 cupii,
860 287 934 343 qui
965 301 1019 328 ex
1054 287 1147 343 ipso
1184 284 1309 327 titulo
1340 283 1514 326 videbar
1549 281 1706 324 intelli-

273 365 387 408 gere,
409 366 501 394 eam
535 354 675 409 pueris
705 353 960 396 destinatam
989 369 1104 397 esse:
1136 363 1324 396 ceterum
1356 351 1474 394 illum
1498 349 1706 393 orationi-

272 420 351 461 bus
375 419 596 462 Ciceronis
628 422 827 477 prodesse
858 423 901 463 iu
933 422 1065 464 altero
1096 435 1266 478 genere,
1287 420 1402 477 quod
1423 418 1600 461 eruditis
1630 417 1705 459 de-

270 488 466 538 stinatur,
499 488 734 530 instituisse
765 489 808 530 in
840 489 1129 546 Epistolarum
1160 489 1278 530 libris
1308 502 1381 529 sex
1414 487 1456 528 in
1488 486 1703 527 orationes

271 555 508 608 Ciceronis,
532 555 722 598 Venetiis
743 572 782 597 a.
812 562 929 603 1738.
951 565 992 601 4.
1014 558 1156 608 editis,
1180 557 1221 597 id
1246 570 1344 597 vero
1367 569 1451 596 non
1477 552 1704 595 tacendum

269 634 357 666 est:
391 638 468 665 nec
492 633 632 665 tamen
656 639 827 681 possum
851 626 1005 675 dicere,
1027 626 1081 666 ab
1103 639 1154 665 eo
1177 623 1282 664 mihi
1314 623 1356 664 in
1389 623 1512 664 rebus
1542 619 1706 672 multis,

269 692 506 748 praesertim
538 692 591 733 ad
613 693 805 734 criticam
839 694 1048 734 rationem
1079 691 1409 750 pertinentibus,
1435 688 1705 731 satisfactum

265 774 371 801 esse.
1702 813 1705 816 Ι

326 826 492 879 Restat,
535 837 583 869 ut
631 827 791 884 aliquid
841 828 893 870 de
937 827 1185 884 Philippicis
1227 824 1455 884 separatim
1495 824 1704 875 dicamus,

266 896 438 950 quando
477 911 539 937 eae
578 911 603 936 a
636 895 827 952 pluribus
869 897 1099 953 separatim
1140 905 1299 937 curatae
1339 904 1383 934 et
1421 892 1549 934 editae
1587 902 1704 934 sunt.

269 963 325 1005 Et
356 963 526 1005 initium
554 964 726 1019 quidem
758 964 818 1004 ita
848 964 1000 1005 edendi
1034 964 1187 1004 Romae
1218 962 1370 1004 fecisse
1401 960 1585 1001 arbitror
1611 958 1704 1001 Ulr.

268 1030 453 1083 Gallum,
492 1047 591 1072 cum
633 1030 887 1087 praefatione
919 1030 992 1073 Jo.
1029 1029 1253 1086 Campani:
1295 1029 1417 1084 cujus
1455 1026 1703 1084 exemplum

265 1099 407 1140 videre
440 1099 544 1140 mihi
580 1113 666 1139 nou
698 1099 899 1154 contigit.
961 1097 1045 1139 Sed
1082 1098 1286 1153 quoniam
1319 1097 1469 1138 eodem
1508 1105 1704 1153 tempore

264 1168 431 1209 easdem
473 1167 525 1207 ad
563 1165 723 1207 calcem
757 1176 993 1207 ceterarum
1026 1166 1268 1206 orationum
1306 1164 1475 1205 edidere
1509 1162 1704 1205 Sveinhe-

262 1236 366 1277 mius
394 1245 437 1276 et
461 1233 734 1285 Panum-lius,
759 1235 831 1275 vix
864 1234 1075 1284 dubitem,
1106 1233 1184 1274 hos
1211 1231 1331 1274 Galli
1360 1230 1608 1287 exemplum
1636 1245 1702 1273 re·-

262 1304 460 1360 petiisse:
493 1303 535 1343 in
569 1317 654 1358 qua
687 1316 729 1343 re
763 1317 840 1343 nos
873 1311 1036 1343 certum
1070 1301 1224 1342 docere
1259 1300 1467 1357 potuisset
1503 1297 1703 1346 Quirinus

263 1370 516 1422 cardinalis,
548 1371 583 1411 si
615 1371 657 1411 in
689 1370 813 1420 libro,
844 1369 895 1411 de
928 1369 1104 1426 optimis
1133 1368 1389 1424 scriptorum
1420 1365 1700 1418 editionibus,

261 1439 336 1480 ubi
367 1454 410 1495 p.
431 1444 528 1481 232.
572 1437 952 1479 Sveinhemianum
979 1436 1225 1492 exemplum
1258 1435 1444 1492 primum
1477 1433 1596 1486 facit,
1624 1448 1700 1476 vo-

259 1506 407 1547 luisset
429 1521 505 1547 nos
527 1507 694 1557 docere,
718 1521 771 1546 an
793 1514 836 1546 et
858 1505 961 1560 quid
985 1505 1206 1545 interesset
1237 1504 1347 1544 inter
1374 1512 1602 1557 utrumque
1623 1516 1700 1546 ex-

259 1574 446 1631 emplum
463 1592 473 1626 ;
496 1574 610 1630 quod
629 1574 686 1614 illi
708 1573 832 1614 facile
845 1583 934 1614 erat
953 1572 1085 1623 factu,
1098 1586 1197 1613 cum
1216 1571 1307 1612 sine
1325 1570 1458 1612 dubio
1477 1570 1700 1626 utriusque

258 1643 459 1684 editionis
493 1642 739 1698 exemplum
770 1641 825 1682 sit
857 1641 898 1682 in
922 1640 1133 1682 Vaticana
1163 1649 1237 1680 aut
1267 1638 1360 1680 aliis
1394 1637 1601 1679 Romanis
1635 1638 1699 1680 bi-

259 1710 501 1752 bliothecis.
563 1709 702 1750 Editae
736 1718 833 1765 post
864 1719 963 1749 sunt
985 1707 1177 1749 Venetiis
1206 1713 1323 1752 1474.
1348 1706 1378 1747 f.
1408 1721 1433 1747 a
1454 1705 1527 1748 Jo.
1545 1704 1594 1748 de
1618 1704 1698 1748 Co-

256 1776 384 1829 lonia,
406 1792 534 1833 quam
565 1777 814 1828 editionem,
845 1791 980 1832 nuper
1010 1776 1052 1816 in
1087 1775 1261 1817 Batavis
1293 1784 1467 1825 emtam,
1488 1773 1699 1831 cognovi-

255 1860 351 1887 mus
382 1861 541 1887 meram
564 1859 654 1886 esse
687 1845 897 1886 Romanae
930 1844 1054 1895 illius,
1084 1843 1444 1894 Sveinhemianae,
1474 1841 1697 1899 repetitio-

254 1928 368 1955 nem,
430 1914 586 1955 Secuta
607 1923 672 1954 est
694 1913 893 1954 Vicetina
913 1928 950 1953 a.
981 1917 1100 1954 1488.
1124 1912 1154 1952 f.
1177 1926 1275 1952 cum
1297 1910 1555 1952 Maturantii
1576 1925 1696 1952 com-

254 1982 481 2034 mentario,
503 1982 626 2037 cujus
651 1980 1020 2031 commemoratio,
1052 1978 1452 2034 nescio‚quoinodo,
1483 1992 1620 2035 nuper
1649 1978 1695 2021 in

256 2047 529 2090 Bibliotheca
561 2049 816 2089 Fabriciana
848 2048 1026 2098 excidit,
1057 2063 1154 2089 cum
1190 2047 1269 2103 ipsi
1304 2047 1538 2088 habeamus
1573 2061 1599 2087 a
1630 2055 1696 2088 sat

254 2115 385 2173 longo
417 2126 609 2172 tempore
639 2117 731 2171 ejus
761 2115 1023 2172 exemplum.
1086 2115 1231 2170 Hujus
1260 2124 1404 2156 textus
1436 2114 1537 2156 item
1569 2114 1696 2156 raris-

255 2184 360 2225 sime
390 2185 444 2225 ab
467 2184 537 2225 illa
559 2185 664 2234 abit,
688 2184 759 2225 sed
792 2184 883 2225 abit
906 2194 1048 2224 tamen
1079 2183 1292 2239 aliquibus
1323 2182 1444 2234 locis,
1468 2182 1532 2224 vel
1554 2197 1697 2225 corre-

254 2252 334 2292 ctis
362 2252 477 2293 vitiis
507 2252 779 2293 evidentibus
803 2266 1027 2308 operarum
1060 2262 1134 2292 aut
1164 2251 1450 2302 librariorum,
1473 2250 1538 2292 vel
1568 2251 1694 2293 novis

253 2319 509 2361 lectionibus
532 2320 719 2361 inductis
740 2335 766 2361 a
790 2318 1070 2370 .Maturantio‚
1093 2319 1166 2375 qui
1189 2328 1233 2359 et
1263 2319 1306 2360 in
1339 2318 1594 2375 praefatione
1616 2319 1691 2370 ait,

253 2402 296 2428 se
329 2387 448 2444 plura
471 2389 576 2428 vitia
597 2387 832 2428 sustulisse.
892 2386 1000 2428 Eam
1023 2397 1169 2429 secuta
1191 2387 1379 2428 maxime
1402 2386 1569 2427 videtur
1593 2386 1691 2428 Me-

251 2455 524 2507 diolanensis,
556 2470 653 2511 quae
686 2456 973 2497 correctiones
1004 2455 1209 2510 quasdam
1241 2469 1340 2496 cum
1370 2468 1420 2495 ea
1441 2468 1691 2496 communes

250 2522 395 2563 habet.
429 2523 514 2563 vid.
536 2537 573 2564 e.
596 2539 633 2564 c.
659 2523 788 2575 XIV,
816 2530 878 2564 ll.
943 2523 1077 2564 Primi
1105 2523 1277 2578 quidem
1300 2522 1352 2563 de
1382 2531 1506 2564 textu
1538 2511 1691 2566 ha'rum

250 2590 493 2631 orationum
522 2590 748 2647 insigniter
778 2606 969 2632 meruere
992 2591 1268 2647 Hieronymus
1289 2588 1519 2642 Ferrarius,
1542 2588 1690 2632 ,Mure-

249 2665 313 2699 tus
333 2666 377 2698 et
398 2656 594 2709 Fa‘e‘rnus,
627 2659 688 2698 usi
725 2659 935 2700 Vaticano
968 2659 1267 2714 antiquissimo
1293 2666 1336 2699 et
1365 2658 1532 2714 optimo
1562 2658 1688 2716 libro,

248 2726 437 2780 itemque
466 2725 584 2767 aliis:
616 2740 695 2766 nec
728 2736 870 2767 tamen
902 2742 926 2767 a
949 2727 1210 2782 conjecturis
1242 2725 1302 2766 illi
1333 2725 1486 2778 alieni3
1517 2739 1687 2767 eorum-

246 2806 344 2848 que,
366 2792 602 2848 praesertim
626 2791 793 2845 Fa'e‘rni²
810 2794 1148 2836 correctionibus
1172 2809 1197 2836 a
1219 2793 1395 2837 Graevio
1415 2792 1559 2836 multis
1579 2792 1686 2835 locis
