1907 3231
313 165 385 200 118
833 165 902 203 IN
933 164 1206 203 VERREM

308 266 433 310 cibus
450 280 866 320 commemorassem,
890 268 1096 319 intellexi,
1118 267 1392 310 vehementer
1417 267 1622 325 populum
1645 266 1739 310 Ro-

309 337 484 368 manum
507 327 767 367 commoveri
786 342 794 370 :
827 340 895 367 mc
916 325 1126 377 arbitrari,
1150 326 1254 377 fore,
1277 326 1338 367 uti
1362 326 1555 367 nationes
1575 333 1736 367 exteras

311 380 476 438 legatos
507 382 558 424 ad
590 383 796 439 populum
829 382 1074 424 Romanum
1105 385 1145 417 49
1157 383 1391 433 mitterent,
1413 392 1460 424 ut
1490 382 1558 424 lex
1589 382 1642 424 de
1663 395 1740 439 pe·

204 439 451 487 psa-'cuniis
490 440 733 496 repetundis
764 439 1064 495 judiciumque
1097 439 1328 481 tolleretur.
1361 440 1394 481 si
1424 439 1539 481 enim
1569 437 1740 495 judicia

272 497 299 518 ²·
312 495 429 537 nulla
449 496 548 547 sint,
573 506 738 538 tantum
768 510 1116 552 unumquemque
1146 496 1387 538 ablaturum
1414 505 1581 553 putant,
1603 509 1739 552 quan-

311 561 402 593 tum
435 553 515 593 sibi
547 568 596 594 ac
625 552 770 594 liberis
801 553 886 594 suis
917 553 1018 594 satis
1042 567 1132 594 esse
1155 553 1435 596 arbitrentur:
1467 568 1596 605 nunc,
1621 551 1739 609 quod

309 609 519 665 ejusmodi
533 609 702 665 judicia
723 610 821 661 sint,
845 618 1012 651 tantum
1035 622 1383 674 unumquemque
1402 610 1581 662 auferre,
1602 623 1740 666 quan-

309 675 401 708 tum
432 667 528 715 sibi,
552 667 757 722 patroniS‚
779 666 1014 718 advocatis,
1044 669 1084 698 50
1098 666 1287 722 praetori,
1305 667 1527 722 Judicibus
1547 667 1649 708 satis
1670 665 1740 707 fu-

308 732 450 765 turum
477 724 557 765 sit:
590 724 671 766 hoc
702 721 896 780 profecto
928 723 1145 765 infinitum
1167 737 1286 765 esse:
1321 738 1364 765 se
1394 723 1629 765 avarissimi
1659 723 1739 764 ho-

310 781 437 822 minis
476 780 705 838 cupiditati
739 780 982 823 satisfacere
1016 795 1153 838 posse,
1192 781 1509 822 nocentissimae
1543 777 1739 822 victoriae

251 845 398 880 4211011
429 852 567 894 posse.
628 837 668 880 O
698 837 1074 880 commemoranda
1095 837 1277 893 judicia,
1301 837 1634 894 praeclaramque
1661 851 1739 878 ex·

310 895 618 937 istimationem
643 896 777 937 nostri
799 895 981 937 ordinis!
1013 909 1112 936 cum
1143 894 1248 936 socii
1282 894 1428 951 populi
1460 892 1648 937 Romani
1663 888 1739 950 ju·

307 951 422 994 dicia
447 952 499 995 de
523 953 716 1008 pecuniis
745 951 992 1009 repetundis
1022 951 1113 993 fieri
1144 953 1180 983 5¹
1197 951 1362 1004 nolunt,
1384 965 1482 1007 quae
1512 965 1538 992 a
1565 950 1748 1007 majori-

307 1009 388 1050 bus
419 1010 574 1051 nostris
605 1010 819 1051 sociorum
849 1023 978 1051 causa
997 1018 1246 1065 comparata
1276 1017 1388 1050 sunt.
1448 1006 1519 1049 An
1541 1007 1621 1050 iste
1644 1021 1741 1064 umf

306 1081 436 1122 quarn
470 1066 522 1107 de
552 1080 595 1107 se
629 1068 786 1108 bonam
817 1079 936 1123 spem
965 1065 1200 1117 habuisset,
1230 1066 1311 1107 nisi
1344 1066 1397 1107 de
1430 1064 1553 1106 vobis
1582 1063 1740 1107 malam

307 1123 556 1178 opinionem
589 1123 732 1164 animo
767 1123 1034 1165 imbibisset?
1076 1122 1176 1169 Quo
1207 1122 1370 1179 majere
1403 1122 1549 1173 etiam,
1579 1121 1614 1163 si
1647 1121 1740 1163 fieri

340 1191 465 1231 otest,
488 1180 602 1236 apud
626 1195 700 1222 vos
730 1180 831 1222 odio
853 1194 943 1221 esse
973 1179 1116 1231 debet,
1139 1193 1267 1235 quam
1293 1188 1358 1220 est
1388 1178 1502 1236 apud
1531 1178 1740 1236 populum

307 1194 572 1288 Romanum,
594 1253 694 1280 cum
715 1238 759 1280 in
781 1237 974 1288 avaritia,
998 1236 1168 1290 scelere,
1189 1236 1379 1294 perjurio
1401 1250 1477 1278 vos
1499 1235 1564 1276 sui
1583 1235 1741 1277 similes

310 1308 400 1335 esse
421 1295 665 1336 arbitretur.

229 1353 297 1403 15
369 1351 451 1393 Cui
493 1351 604 1404 loco,
645 1366 720 1409 per
760 1351 862 1393 deos
904 1350 1179 1403 immortales,
1213 1350 1401 1406 judices,
1441 1349 1653 1393 consulite
1691 1363 1743 1394 ae

247 1427 297 1461 43
310 1409 546 1464 providete.
608 1408 772 1450 Moneo
802 1409 1078 1465 praedicoque
1107 1408 1165 1459 id,
1195 1408 1310 1463 quod
1341 1407 1550 1465 intelligo,
1581 1410 1621 1439 52
1635 1416 1745 1449 tem-

308 1480 389 1521 pus
408 1466 530 1507 vobis
547 1465 633 1508 hoc
649 1466 855 1508 divinitus
874 1466 1021 1507 datum
1040 1479 1145 1516 esse,
1159 1477 1207 1506 ut
1225 1465 1340 1516 odio,
1354 1465 1530 1516 invidia,
1548 1463 1742 1517 infamia,

307 1523 574 1579 turpitudine
595 1531 736 1565 totum
758 1523 948 1564 ordinem
973 1522 1177 1564 liberetis.
1217 1521 1347 1564 Nulla
1367 1522 1410 1563 in
1426 1522 1605 1578 judiciis
1623 1537 1743 1564 seve—

306 1579 424 1630 ritas,
455 1580 570 1621 nulla
589 1580 754 1637 religiO,
784 1580 899 1621 nulla
920 1580 1103 1635 denique
1118 1579 1212 1634 jam
1234 1578 1542 1620 existimantur
1561 1579 1742 1635 esseju-

307 1636 434 1678 dicia.
480 1637 632 1692 Itaque
654 1653 678 1679 a
700 1637 860 1694 populo
885 1636 1083 1678 Romano
1106 1636 1436 1689 contemnimur,
1458 1636 1742 1692 despicimur:

306 1695 427 1750 gravi
466 1695 752 1750 diuturnaque
787 1694 881 1749 jam
920 1694 1150 1751 flagramus
1193 1693 1384 1734 infamia.
1446 1693 1599 1749 Neque
1626 1695 1744 1736 enim

307 1750 435 1792 ullam
457 1751 583 1793 aliam
606 1753 661 1792 ob
685 1766 855 1793 causam
878 1751 1061 1807 populus
1085 1749 1308 1792 Romanus
1327 1750 1603 1792 tribuniciam
1620 1760 1744 1808 pote-

307 1817 461 1849 statem
484 1817 604 1849 tanto
628 1809 770 1850 studio
803 1808 1051 1864 requisivit:
1083 1822 1212 1864 quam
1235 1822 1334 1849 cum
1356 1808 1577 1863 poscebat,
1610 1809 1743 1850 verbo

245 1874 289 1906 44
309 1864 421 1906 illam
474 1880 618 1907 oscere
636 1866 876 1916 videbatur,
909 1880 952 1907 re
986 1879 1087 1906 vera
1108 1864 1277 1920 judicia
1309 1865 1529 1921 poscebat.
1590 1865 1745 1922 Neque

305 1921 388 1964 hoc
468 1954 476 1963 .
500 1922 718 1975 Catulum,
741 1923 961 1964 hominem
984 1922 1347 1978 sapientissimum
1377 1931 1505 1978 atque
1533 1922 1746 1980 amplissi-

343 2049 384 2082 49
407 2048 572 2078 mitterent
587 2065 630 2070 —
653 2046 836 2085 tolleretur]
870 2046 952 2077 Ha’c
974 2047 1000 2078 si

300 2089 490 2120 referuntur
521 2090 561 2120 ad
589 2099 898 2126 commemorassem,
926 2089 1001 2119 ferri

303 2136 439 2171 possunt
455 2144 461 2161 τ
491 2142 572 2169 non,
588 2132 613 2162 si
629 2132 760 2171 pra’cise
776 2131 909 2168 adfore.
926 2141 1002 2162 narn

303 2175 351 2204 ita
372 2175 490 2213 corrigi
511 2175 606 2205 debet
629 2175 763 2204 mittant
783 2190 825 2196 —
847 2175 1003 2203 tollatur.-

303 2215 389 2254 quod
417 2218 442 2246 si
471 2217 542 2256 quis
569 2215 676 2252 malit,
712 2225 778 2245 non
815 2224 1005 2255 repugnem.

303 2258 391 2288 Nam
406 2263 440 2289 et
455 2269 530 2289 mox
545 2259 660 2288 vitiose
679 2257 803 2287 editum
819 2264 868 2287 est
887 2268 905 2287 a
921 2257 1005 2288 mul-

302 2301 357 2336 tis,
371 2301 472 2331 etiam
492 2301 634 2332 Grutero
649 2304 682 2330 et
706 2299 847 2336 Graevio,
861 2301 1006 2330 arbitra-

302 2347 432 2379 rentur,
456 2344 542 2382 quod
573 2352 632 2373 nos
657 2341 780 2372 dudum
805 2343 1004 2373 correximus

301 2385 518 2421 arbitrentur,
534 2391 569 2415 et
582 2384 696 2415 deinde
711 2384 756 2413 sic
777 2385 954 2423 reperimus
969 2384 1002 2414 in

302 2425 365 2456 Ms.
382 2427 445 2458 Gu.
460 2432 492 2457 et
509 2427 579 2457 edd.
596 2436 644 2467 pr.
687 2425 789 2456 Aldus
813 2425 902 2457 dedit
917 2426 1003 2457 arbi-

300 2473 485 2506 trarentur,
501 2470 587 2499 unde
606 2469 723 2498 sumsit
741 2468 918 2498 Victorius.
943 2468 1004 2499 Sed

301 2510 335 2539 P.
355 2510 526 2541 Manutius
542 2510 687 2541 restituit
701 2515 807 2540 vetus.
823 2510 877 2541 alii
893 2511 1005 2541 Victo-

300 2553 385 2583 rium
414 2555 517 2584 secuti
543 2559 633 2591 sunt,
660 2553 766 2582 virum
794 2553 828 2583 in
850 2554 1001 2584 universo

300 2603 418 2634 genere
435 2596 547 2626 critico
568 2594 796 2630 excellentem,
813 2594 867 2625 sed
890 2595 930 2626 ad
952 2597 1002 2626 in-

299 2635 512 2675 telligendam
530 2641 694 2667 structure
711 2637 856 2680 ἀκρίέειαν
871 2647 936 2668 ηοη
952 2647 1001 2667 sa-

299 2680 343 2708 tis
368 2680 584 2710 exercitatum
609 2684 643 2709 ct
665 2684 807 2710 acutum.
853 2680 943 2710 Infra
969 2680 1001 2709 in

299 2720 356 2751 fin.
373 2731 444 2761 cap.
462 2721 532 2752 edd.
554 2722 593 2752 R.
611 2722 665 2751 ΒΓ.
680 2721 767 2751 Med.
789 2723 861 2753 Asc.
883 2723 1006 2763 pariter

298 2763 418 2794 habent
434 2765 664 2793 arbitraretur.
682 2763 804 2794 vitiose.

342 2808 383 2835 50
399 2805 607 2845 praetoribus]
639 2805 722 2835 Edd.
739 2816 786 2845 pr.
802 2805 925 2837 habent
942 2804 1005 2836 Pr.

298 2857 358 2887 pro
381 2858 444 2886 quo
462 2848 635 2888 explanate
654 2847 781 2878 edidere
795 2848 1001 2887 praeeoribus,

298 2895 416 2930 praeter
433 2890 646 2928 Lamminum,
663 2890 718 2930 qui
732 2890 832 2922 edidit
841 2890 975 2931 puriori
990 2903 1001 2924 ,-

1044 2046 1130 2087 quod
1145 2047 1178 2077 in
1193 2056 1259 2077 uno
1274 2046 1392 2087 iudicio
1403 2055 1488 2077 unus
1502 2052 1625 2087 praetor
1635 2052 1720 2080 esset
1734 2060 1746 2088 ;

1045 2090 1113 2120 scil.
1143 2090 1220 2129 quia
1244 2089 1283 2119 de
1310 2088 1446 2129 singulis
1469 2090 1531 2120 reis
1552 2099 1659 2120 sermo
1681 2086 1745 2128 est,

1047 2141 1113 2162 non
1139 2133 1289 2162 universe
1311 2130 1350 2161 de
1374 2131 1457 2162 reis:
1484 2141 1747 2173 unumquemque

1046 2175 1162 2205 —sibz'.
1206 2174 1290 2204 Sane
1305 2173 1405 2203 etiam
1428 2182 1495 2204 uno
1509 2179 1582 2204 tum
1605 2180 1746 2215 patrono

1047 2217 1228 2247 utebantur
1250 2215 1383 2255 singuli,
1405 2218 1439 2245 et
1463 2219 1577 2246 tamen
1595 2219 1750 2256 patronis

1047 2258 1140 2289 dixit.
1178 2257 1239 2288 Sed
1251 2258 1325 2297 quia
1334 2258 1469 2297 proeeori
1482 2257 1655 2298 explanate
1668 2259 1748 2290 scri-

1048 2308 1143 2341 ptum
1158 2300 1256 2331 estin
1277 2299 1341 2331 Ms.
1363 2300 1426 2329 Gu.
1445 2298 1643 2332 Lambinum
1656 2310 1749 2332 secu-

1047 2349 1101 2374 tus
1112 2352 1198 2373 sum.
1751 2367 1757 2375 .

1089 2388 1125 2416 51
1150 2383 1278 2424 nolunt]
1307 2384 1385 2415 Non
1408 2383 1535 2422 dubito,
1554 2383 1746 2416 Ciceronem

1045 2427 1208 2468 scripsisse
1226 2428 1333 2457 nolent
1345 2441 1354 2460 ,·
1385 2436 1461 2457 nam
1474 2435 1580 2457 sermo
1595 2432 1645 2457 est
1658 2426 1697 2458 de
1712 2437 1748 2459 re

1046 2470 1170 2506 futura,
1187 2478 1285 2509 quam
1300 2468 1413 2499 Cicero
1428 2468 1634 2509 praedicebat.

1090 2513 1130 2542 52
1152 2516 1278 2551 tempus
1291 2511 1610 2551 emportunissimnm]
1655 2510 1747 2543 Libri

1044 2563 1158 2584 omnes
1171 2554 1227 2583 sic.
1263 2553 1357 2584 Unus
1371 2552 1551 2584 Lambinus
1565 2561 1625 2594 pro
1639 2552 1748 2593 glossa

1045 2595 1132 2626 delet
1158 2599 1278 2636 opport.
1327 2596 1410 2626 Sane
1449 2599 1555 2626 acute.
1597 2595 1687 2626 Nam
1714 2595 1748 2626 id

1044 2638 1181 2668 verbum
1210 2637 1346 2677 requirit
1374 2641 1460 2677 post,
1495 2643 1565 2677 quo‘
1584 2642 1748 2678 tempore,

1046 2685 1105 2710 aut
1123 2680 1244 2710 ordinis
1263 2679 1434 2716 liberandi,
1461 2684 1519 2710 aut
1541 2680 1587 2710 ad
1602 2679 1750 2711 ordinem

1051 2721 1274 2755 liberandum,-
1298 2730 1365 2752 non
1380 2727 1417 2751 ut
1432 2721 1491 2752 διο.
1525 2721 1631 2762 Atque
1647 2721 1748 2752 etiam

1049 2763 1183 2794 verbum
1206 2764 1363 2803 temporis
1389 2763 1442 2794 hic
1463 2764 1747 2804 opportunitatem

1047 2805 1211 2846 exprimit.
1256 2805 1407 2845 Denique
1432 2807 1568 2837 verbum
1593 2805 1655 2836 hoc
1679 2814 1749 2837 non

1048 2853 1097 2880 est
1111 2848 1146 2880 in
1160 2847 1224 2879 Ms.
1242 2847 1305 2879 Gu.
1320 2847 1435 2889 ltaque
1450 2852 1483 2879 et
1499 2848 1565 2890 ipse
1579 2847 1695 2879 delevi.
