1907 3231
328 149 406 191 572
922 148 1169 188 ORATIO

327 251 452 304 dite‚)
475 253 601 295 nobis
631 253 781 296 iisdem
810 254 989 296 fortasse
1020 252 1226 309 patroni5‚
1249 252 1508 295 calumniam
1540 270 1628 298 non
1656 258 1763 300 effu-

327 309 433 364 giet.
493 309 639 367 Atque
660 313 805 361 etiam,
829 321 876 352 ut
899 311 1022 351 nobis
1047 311 1330 364 renuntiatur,
1361 312 1634 356 whominem
1655 316 1765 357 mul-

328 375 469 407 torum
504 368 739 424 hospitum,
771 368 824 409 A.
852 368 1054 408 Binnium
1089 368 1318 422 quendam,
1349 383 1576 425 coponem,
1609 373 1661 413 de
1693 374 1765 414 via

329 423 498 475 Latina,
530 426 799 467 subornatis:
831 424 904 480 qui
942 424 1023 465 sibi
1053 439 1078 464 a
1112 423 1328 477 Cluentio,
1350 427 1566 483 servisque
1588 429 1695 484 ejus,
1718 430 1762 475 in

327 481 505 522 taberna
527 498 601 523 sua
622 497 771 523 manus
794 481 940 521 allatas
963 495 1052 522 esse
1074 481 1204 522 dicat..
1248 483 1348 529 Quo
1370 484 1422 524 de
1443 484 1631 536 homine,
1654 487 1764 528 nihil

325 539 457 579 etiam
490 554 603 580 nunc
631 540 771 579 dicere
800 539 925 578 nobis
959 547 1024 578 est
1053 553 1240 580 necesse.
1276 543 1333 573 ·7¹
1353 540 1397 580 Si
1432 542 1694 595 invitaverit,
1717 545 1760 586 id

325 597 438 651 quod
461 597 581 647 solet,
605 596 665 636 sic
688 596 906 636 hominem
930 596 1206 651 accipiemus,
1228 605 1277 636 ut
1296 596 1474 639 moleste
1496 599 1619 651 ferat,
1643 616 1687 642 se
1708 602 1762 643 de

239 661 313 696 164
327 654 395 693 via
427 654 669 693 decessisse.
733 652 933 704 Habetis,
961 653 1146 708 judices,
1179 668 1274 708 quae
1303 654 1345 694 in
1377 662 1512 696 totam
1543 657 1676 699 vitam
1709 659 1762 700 de

325 710 514 750 moribus
537 708 590 750 A.
615 709 820 762 Cluentii,
843 724 969 765 quem
991 710 1050 751 illi
1068 710 1328 751 invidiosum
1347 725 1461 752 reum
1484 713 1634 755 volunt
1652 730 1758 767 esse,

324 781 456 806 annos
479 775 578 807 octo
597 767 792 808 meditati
813 776 1081 809 accusatores
1098 766 1377 823 collegerunt.
1395 784 1521 824 quam
1539 770 1662 824 levia,
1685 787 1760 829 ge-

239 811 423 866 OOnere
444 824 558 879 ipso!
590 839 719 880 quam
736 824 856 876 falsa,
878 826 942 867 re!
976 839 1104 881 quam
1133 826 1293 876 brevia,
1320 829 1546 882 responsu!
1582 828 1759 885 Cogno-

323 880 430 921 scite
451 895 566 923 nunc
589 881 646 932 id,
669 882 785 937 quod
807 883 859 924 ad
883 894 1071 924 vestrum
1086 883 1392 938 jusjurandum
1422 885 1621 939 pertinet,
1643 889 1759 942 quod

320 937 449 978 vestri
465 938 622 993 judicii
640 947 720 989 est,
739 940 854 995 quod
876 940 1000 982 vobis
1022 940 1162 981 oneris
1182 940 1389 996 imposuit
1404 955 1455 981 ea
1471 941 1556 992 lex,
1575 957 1661 998 qua
1681 958 1754 985 co-

319 995 402 1035 acti
427 994 511 1037 huc
533 996 810 1047 convenistis,
833 997 885 1038 de
907 997 1159 1038 criminibus
1183 998 1359 1039 veneni:
1392 1007 1440 1038 ut
1462 1013 1610 1040 omnes
1632 1000 1758 1042 intel-

318 1051 470 1107 ligant,
492 1068 621 1108 quam
653 1053 801 1109 paucis
823 1054 964 1095 verbis
993 1054 1088 1095 haec
1118 1069 1246 1095 causa
1278 1055 1464 1111 perorari
1488 1058 1692 1112 potuerit,
1714 1067 1759 1100 et

318 1123 448 1163 quam
469 1111 606 1151 multa
623 1125 648 1150 a
668 1125 737 1152 me
763 1111 880 1152 dicta
899 1112 998 1163 sint,
1021 1127 1118 1167 quae
1148 1112 1201 1152 ad
1228 1111 1355 1167 hujus
1378 1112 1644 1156 voluntatem
1663 1130 1755 1157 ma-

319 1166 449 1217 xime,
472 1168 525 1208 ad
548 1175 737 1209 vestrum
753 1168 971 1223 judicium
990 1169 1166 1210 minime
1189 1171 1467 1225 pertinerent.

233 1228 306 1263 165
377 1223 613 1279 Objectum
645 1233 723 1276 est,
755 1225 806 1266 C.
832 1226 1008 1267 Vibium
1043 1226 1260 1282 Capacem
1290 1226 1452 1268 abhoc
1473 1226 1527 1267 A.
1552 1227 1754 1271 Cluentio

318 1295 483 1322 veneno
505 1297 596 1324 esse
618 1283 848 1324 sublatum.
909 1283 1167 1340 Opportune
1188 1284 1309 1324 adest
1331 1284 1461 1325 homo
1484 1299 1650 1327 summa
1671 1287 1756 1328 fide

208 1348 362 1392 p,53,et
393 1341 511 1380 omni
539 1341 697 1381 virtute
728 1340 948 1396 praeditus,
982 1341 1030 1382 L.
1057 1340 1300 1392 Plaetorius,
1324 1350 1508 1392 senator,
1539 1343 1612 1397 qui
1643 1342 1755 1384 illius

275 1406 304 1426 a.
320 1394 503 1452 Capacis
526 1397 681 1454 hospes
704 1397 787 1438 fuit
808 1406 850 1439 et
873 1398 1108 1440 familiaris.
1131 1399 1245 1454 apud
1269 1398 1384 1439 hunc
1406 1399 1475 1440 ille
1498 1398 1655 1441 Romae
1678 1400 1760 1441 ha-v

316 1453 486 1505 bitavit,
509 1456 623 1512 apud
646 1455 761 1495 hunc
783 1457 1027 1512 aegrotavit,
1059 1455 1187 1510 hujus
1210 1456 1327 1496 domi
1349 1465 1414 1497 est
1435 1465 1644 1498 mortuuS.
1695 1457 1756 1499 At

313 1509 435 1551 heres
464 1522 529 1553 est
561 1512 801 1554 Cluentius.
863 1512 1122 1553 Intestatum
1155 1513 1254 1554 dico
1283 1528 1374 1554 esse
1396 1523 1629 1565 mortuum,
1653 1529 1752 1570 pos-

314 1568 632 1625 sessionemque
673 1570 765 1625 ejus
805 1570 1031 1620 bonorum,
1062 1570 1258 1626 praetoris
1292 1570 1449 1621 edicto,
1485 1571 1601 1621 huic,
1638 1571 1750 1612 illius

314 1626 470 1667 sororis
514 1626 617 1678 filio,
660 1625 919 1668 adolescenti
953 1627 1280 1683 pudentissimo,
1318 1636 1362 1668 et
1393 1628 1437 1668 in
1481 1627 1630 1684 primis
1672 1628 1752 1669 ho·

311 1692 451 1734 nest0‚
474 1685 608 1739 equiti
633 1683 832 1725 Romano
866 1684 1025 1735 datam,
1057 1684 1267 1725 Numerio
1291 1683 1508 1736 Cluentio,
1531 1699 1658 1740 quem
1689 1686 1755 1727 vi-

312 1739 437 1781 detis.

227 1801 300 1841 166
369 1796 565 1839 Alterum
603 1798 801 1839 veneficii
836 1798 1013 1849 crimen,
1052 1797 1298 1854 Oppianico
1334 1797 1436 1839 huic
1472 1797 1748 1852 adolescenti,

310 1869 410 1895 cum
432 1855 524 1910 ejus
547 1856 590 1896 in
613 1855 790 1912 nuptiis,
813 1870 932 1896 more
964 1856 1245 1907 Larinatium,
1269 1855 1500 1896 multitudo
1523 1855 1749 1904 bominum

307 1913 550 1968 pranderet,
574 1928 785 1954 venenum
804 1912 925 1954 Aviti
944 1912 1124 1954 consilio
1144 1921 1339 1969 paratum
1356 1930 1364 1954 :
1397 1913 1440 1954 id
1462 1927 1559 1954 cum
1578 1913 1751 1956 daretur

307 1971 351 2009 in
373 1970 526 2022 mulso,
547 1970 798 2012 Balbutium
815 1971 1044 2026 quendam,
1063 1970 1155 2025 ejus
1172 1970 1440 2020 familiarem,
1456 1970 1749 2027 intercepisse,

308 2027 483 2079 bibisse,
507 2029 738 2084 statimque
760 2043 851 2069 esse
867 2037 1101 2069 mortuum.
1133 2030 1173 2062 72
1188 2027 1300 2069 Haec
1318 2042 1400 2084 ego
1420 2027 1452 2067 si
1473 2028 1534 2069 sic
1557 2042 1744 2084 agerem,

307 2093 528 2140 tamquam
549 2085 657 2126 mihi
679 2086 841 2127 crimen
863 2094 973 2126 esset
989 2085 1253 2136 diluendum,
1276 2084 1370 2126 haec
1390 2084 1582 2140 pluribus
1604 2086 1746 2126 verbis

220 2155 294 2194 167
308 2142 508 2193 dicerem,
531 2158 628 2198 quae
649 2158 765 2184 nunc
787 2144 934 2199 paucis
956 2143 1167 2199 percurrit
1187 2142 1324 2183 oratio
1347 2155 1456 2182 mea.
1509 2142 1627 2188 Quid
1649 2157 1744 2183 um-

307 2214 434 2255 quam
458 2199 613 2241 Avitus
638 2201 678 2240 in
697 2215 741 2240 se
759 2201 947 2250 admisit,
967 2210 1014 2241 ut
1033 2201 1115 2241 hoc
1139 2209 1305 2240 tantum
1327 2200 1381 2240 ab
1401 2213 1452 2240 eo
1469 2198 1636 2240 facinus
1656 2214 1745 2242 non

305 2257 534 2300 abhorrere
578 2258 799 2309 videatur?
831 2258 935 2314 quid
973 2267 1117 2298 autem
1150 2271 1412 2313 magnopere
1449 2255 1743 2312 Oppianicum

303 2316 539 2366 metuebat,
562 2331 661 2356 cum
681 2315 750 2356 ille
769 2317 947 2357 verbum
970 2315 1146 2355 omnino
1161 2315 1204 2355 in
1224 2316 1302 2355 hac
1320 2315 1415 2370 ipsa
1432 2328 1559 2355 causa
1577 2314 1743 2358 nullum

302 2371 443 2414 facere
467 2373 676 2428 potuerit3
709 2373 810 2415 huic
833 2381 975 2414 autem
998 2381 1282 2423 accusatores,
1304 2381 1441 2412 matre
1462 2371 1574 2422 viva,
1596 2371 1743 2414 deesse

300 2444 386 2471 non
412 2433 612 2486 possent?
643 2430 757 2486 quod
774 2430 866 2486 jam
887 2429 1151 2486 intelligetis.
1183 2428 1252 2469 An
1272 2438 1319 2469 ut
1337 2429 1389 2470 de
1408 2443 1536 2469 causa
1552 2428 1645 2483 ejus
1667 2443 1743 2485 pe-

300 2487 423 2528 riculi
445 2488 552 2528 nihil
577 2488 815 2539 decederet,
839 2488 891 2528 ad
920 2502 1093 2529 causam
1118 2501 1278 2528 novum
1302 2486 1462 2527 crimen
1488 2485 1739 2528 accederet?

299 2546 415 2600 quod
436 2555 579 2586 autem
603 2554 771 2601 tempus
793 2545 944 2586 veneni
969 2544 1099 2585 dandi
1134 2544 1205 2584 illo
1235 2544 1330 2585 die?
1362 2543 1406 2583 in
1439 2542 1511 2584 illa
1539 2542 1740 2599 frequen-

339 2662 380 2693 70
403 2660 564 2690 hominem
601 2661 782 2689 multorum
818 2658 992 2698 hospitum]
1039 2667 1093 2688 sus
1108 2658 1208 2688 fuerit
1223 2668 1256 2688 se
1276 2656 1457 2687 immiscere
1479 2666 1597 2693 causae,
1613 2667 1686 2696 quae
1698 2656 1739 2689 ad

297 2701 377 2732 Mss.
391 2703 420 2732 S.
436 2702 521 2732 Vict.
538 2706 571 2731 et
586 2702 637 2732 Fr.
653 2702 806 2740 hospitem
817 2713 826 2730 :
849 2701 936 2740 quod
949 2711 999 2731 re·
1040 2710 1116 2730 eum
1138 2700 1220 2730 nihil
1234 2700 1408 2741 pertineat.
1424 2698 1647 2729 calumniandi
1661 2709 1739 2730 cau-

299 2745 383 2776 etius
398 2745 437 2775 de
453 2753 600 2784 caupone
614 2743 752 2773 videtur.
1042 2752 1086 2772 sa.
1336 2749 1344 2753 ⁸

339 2791 377 2821 71
403 2787 442 2818 Si
469 2785 877 2824 2⁴⁷1niem·erz‘c-deeessisse]
893 2785 1000 2815 Locus
1084 2786 1125 2818 72
1149 2784 1231 2815 Hoec
1255 2793 1312 2822 ego
1338 2783 1412 2822 &c.]
1443 2783 1503 2814 Ed.
1535 2786 1625 2818 1471.
1650 2784 1737 2822 Hoc,

296 2831 432 2861 facetus.
476 2828 609 2868 Proprie
630 2828 799 2857 decessisse
815 2827 853 2858 de
868 2828 933 2863 via,
948 2837 992 2857 sc.
1036 2827 1120 2857 forte
1141 2826 1270 2862 melius,
1290 2826 1366 2865 quia
1380 2825 1418 2855 de
1434 2836 1500 2856 uno
1525 2826 1663 2856 crimine
1682 2836 1736 2856 ve·

295 2873 352 2903 ubi
374 2873 441 2911 ejus
456 2872 605 2906 taberna,
622 2870 654 2899 in
670 2870 742 2900 loca
762 2870 940 2899 remotiora
953 2870 993 2899 ad
1037 2869 1144 2899 neficii
1168 2868 1324 2907 loquitur.
1368 2867 1520 2898 Alterum
1548 2869 1627 2906 haec,
1649 2867 1734 2909 quod

295 2915 503 2947 invitandum
519 2912 692 2954 hospitem.
736 2912 874 2943 Sensus:
898 2912 924 2942 si
937 2921 994 2943 au·
1038 2921 1113 2942 mox
1129 2914 1192 2949 est,
1207 2910 1383 2942 delendum
1397 2910 1536 2941 videtur.
