1907 3231
271 126 320 160 4‘:
888 119 1135 158 ORATIO

275 224 426 275 minas,
449 223 520 280 qui
545 222 699 264 liberos
721 222 895 274 habent,
918 223 1153 279 praesertim
1175 222 1368 264 homines
1387 221 1497 264 illius
1519 221 1696 274 ordinis,

276 295 330 322 cx
361 281 606 337 municipiis
637 279 875 330 rusticanis,
907 294 1046 321 nonne
1087 279 1402 335 optatissimum
1434 280 1513 321 sibi
1546 288 1700 336 putant

277 353 382 389 esse,
410 338 518 379 filios
549 352 646 378 suos
678 338 734 378 rei
759 336 953 378 familiari
978 337 1164 377 maxime
1186 337 1353 386 servire,
1381 347 1423 378 et
1454 337 1494 378 in
1527 336 1700 394 praediis

216 399 265 432 44
280 395 467 437 colendis
489 409 630 450 operae
657 394 884 450 plurimum
908 394 1122 448 studiique.
1152 397 1426 435 consumere?
1458 393 1522 434 An
1555 407 1701 434 aman-

279 452 400 494 darat
422 452 535 492 bunc
555 452 629 501 sie,
652 460 699 491 ut
720 459 829 491 esset
852 451 893 491 in
917 465 1034 505 agro,
1054 465 1102 490 ac.
1126 450 1422 491 tantummodo
1444 451 1625 492 aleretur
1645 449 1700 491 ad

280 509 451 550 villam?
486 519 532 548 ut
562 507 798 549 commodis
829 507 1027 547 omnibus
1057 509 1244 547 careret?
1281 507 1421 553 Quid?
1453 508 1485 548 si
1517 515 1702 558 constat,

279 566 395 608 hunc
417 581 502 606 non
530 565 657 606 modo
688 563 876 605 colendis
909 563 1079 619 praediis
1106 562 1340 619 praefuisse,
1363 564 1433 605 sed
1456 565 1581 605 certis
1604 563 1702 604 fun-

236 634 265 663 ι).
281 624 359 673 dis,
382 633 501 679 patre
522 622 635 671 vivo,
656 620 736 661 frui
757 620 928 661 solitum
948 621 1061 661 esse?
1094 630 1290 661 tamenne
1312 620 1406 661 haec
1428 629 1592 661 attenta
1615 621 1705 661 vita.

279 691 322 722 et
344 681 571 728 rusticana,
591 677 794 734 relegatio
817 688 944 733 atque
963 676 1206 718 amandatio
1227 676 1535 733 appellabitur?
1556 677 1704 728 Vides,

281 737 423 786 Eruci,
445 745 653 791 quantum
676 735 803 776 distet
835 733 1148 791 argumentatio
1181 744 1253 774 tua
1274 734 1328 774 ab
1351 747 1394 774 re
1416 734 1508 790 ipsa
1528 743 1657 789 atque
1678 748 1705 774 a

284 794 475 834 veritate.
538 792 665 839 Quod
696 791 1003 833 consuetudine
1034 801 1172 847 patres
1204 789 1382 841 faciunt,
1406 790 1462 841 id,
1483 792 1604 847 quasi
1627 805 1705 832 no-

280 865 395 901 vum,
430 849 726 906 reprehendis:
765 849 879 903 quod
912 848 1199 889 benivolentia
1228 847 1291 898 fit,
1324 847 1366 888 id
1404 847 1504 889 odio
1542 847 1706 890 factum

281 908 539 950 criminaris:
572 907 684 962 quod
712 906 884 947 lionoris
907 920 1034 947 causa
1064 914 1182 961 pater
1206 904 1292 945 filio
1316 919 1391 945 suo
1414 905 1640 956 concessit,
1662 904 1707 946 id

220 973 268 1005 45
283 980 379 1007 eum
398 964 597 1020 supplicii
621 978 746 1005 causa
769 963 919 1003 fecisse
938 963 1059 1003 dicis.
1122 962 1273 1017 Neque
1293 962 1385 1003 liaec
1409 971 1452 1002 tu
1476 976 1562 1002 non
1580 961 1706 1003 intel-

285 1024 406 1078 ligis;
448 1022 518 1062 sed
555 1035 686 1075 usque
721 1035 786 1070 eo,
817 1022 858 1049 30
871 1019 983 1074 quod
1024 1034 1191 1074 arguas,
1229 1034 1313 1060 non
1354 1019 1499 1069 habes,
1533 1029 1580 1059 ut
1618 1033 1705 1060 non

284 1079 412 1120 modo
436 1078 513 1118 tibi
537 1087 684 1118 contra
714 1091 790 1117 nos
813 1076 1039 1117 dicendum
1069 1087 1205 1131 puteS,
1229 1090 1374 1116 verum
1403 1077 1532 1117 etiam
1559 1085 1710 1116 contra

286 1150 422 1176 rerum
441 1144 651 1184 naturam,
666 1143 898 1188 contraque
917 1133 1265 1174 consuetudinem
1289 1133 1526 1182 hominum,
1539 1142 1710 1174 contra-

207 1172 272 1226 16
285 1207 366 1248 que
389 1192 612 1248 opiniones
635 1191 841 1231 omnium.
902 1190 962 1230 At
991 1190 1119 1240 enim,
1142 1204 1239 1229 cum
1262 1190 1368 1230 duos
1388 1190 1496 1230 filios
1520 1189 1710 1240 haberet,

284 1249 462 1290 alterum
493 1264 517 1290 a
547 1263 590 1288 se
622 1263 705 1289 non
729 1247 988 1296 dimittebat,
1015 1246 1193 1287 alterum
1221 1247 1305 1287 ruri
1336 1261 1425 1288 esse
1453 1246 1710 1303 patiebatur.

286 1307 462 1357 Quaeso,
487 1305 630 1356 Eruci,
654 1315 700 1345 ut
723 1305 805 1345 hoc
829 1305 869 1345 in
892 1305 1046 1345 bonam
1071 1313 1232 1360 partem
1255 1304 1454 1360 accipiaS.
1486 1318 1570 1344 non
1593 1304 1711 1345 enim

222 1369 270 1402 46
284 1363 569 1420 exprobrandi
597 1378 736 1413 cziusa,
765 1362 837 1402 sed
866 1361 1166 1402 commonendi
1190 1360 1328 1417 gratia
1348 1361 1504 1402 dicam.
1564 1360 1609 1402 Si
1630 1360 1709 1402 tibi

284 1421 456 1462 fortuna
477 1435 563 1461 non
584 1420 716 1469 (ledit,
741 1428 785 1459 ut
809 1428 927 1475 patre
957 1428 1073 1460 certo
1107 1432 1339 1468 nascerere,
1361 1432 1414 1459 ex
1438 1432 1523 1473 quo
1555 1417 1712 1459 intelli-

283 1493 383 1535 gere
415 1492 572 1533 posse5‚
595 1478 668 1532 qui
691 1477 856 1517 animus
888 1476 1048 1531 patrius
1072 1476 1114 1516 in
1139 1476 1292 1516 liberos
1323 1484 1453 1516 esset:
1486 1483 1530 1516 at
1559 1485 1712 1515 natura

283 1546 398 1576 certe
419 1534 551 1585 dedit,
574 1544 621 1574 ut
648 1533 925 1574 humanitatis
949 1548 1031 1573 uon
1056 1547 1205 1588 parum
1228 1532 1420 1573 haberes.
1451 1546 1502 1572 eo
1533 1531 1713 1573 accessit

285 1592 473 1633 studium
511 1591 736 1641 doctrinm,
769 1600 815 1631 ut
848 1605 900 1631 ne
935 1605 959 1630 a
994 1589 1144 1630 litteris
1180 1590 1352 1644 quidem
1389 1589 1549 1630 alienus
1585 1603 1713 1629 esses,

290 1649 454 1704 Ecquid
481 1648 650 1689 tandem
677 1648 753 1689 tibi
782 1647 962 1698 videtur,
986 1657 1033 1687 ut
1057 1647 1109 1687 ad
1135 1646 1299 1688 fabulas
1328 1646 1560 1698 veniamus,
1583 1659 1714 1687 senex

286 1706 356 1747 ille
388 1706 646 1747 Caecilianus
677 1705 853 1745 minoris
878 1704 1014 1746 facere
1039 1703 1300 1760 Eutychum,
1324 1704 1457 1744 filium
1491 1702 1713 1754 rusticum,

287 1778 415 1819 quam
447 1763 564 1804 illum
595 1762 788 1812 alterum,
812 1761 1173 1803 Chaerestratum?
1204 1765 1337 1814 (uam,
1360 1771 1408 1801 ut
1437 1760 1604 1817 opinor,
1630 1759 1715 1801 hoc

287 1821 462 1861 nomine
487 1822 585 1868 est.)
607 1819 786 1860 alterum
810 1819 852 1860 in
876 1820 980 1859 urbe
1010 1833 1151 1859 secum
1183 1818 1358 1859 honoris
1385 1832 1514 1859 causa
1534 1817 1716 1859 habere?

226 1885 276 1922 47
289 1877 467 1918 alterum
487 1891 555 1918 rus
576 1876 774 1932 supplicii
797 1891 924 1918 causa
941 1875 1176 1932 relegasse?
1200 1875 1314 1921 Quid
1336 1875 1388 1915 ad
1408 1875 1509 1915 istas
1531 1873 1714 1930 ineptias

288 1936 405 1976 abis?
436 1934 616 1989 inquies.
679 1933 813 1980 Quasi
846 1947 944 1974 vero
967 1933 1071 1974 mihi
1097 1932 1272 1973 difficile
1299 1933 1368 1983 sit,
1391 1931 1585 1987 quamvis
1607 1930 1717 1972 mul-

287 2001 353 2033 tos
372 1991 625 2032 nominatim
649 1990 838 2046 proferre
858 1995 931 2043 (ne
962 1990 1131 2046 longius
1155 1991 1325 2038 abeam)
1348 1989 1414 2030 vel
1437 1988 1627 2039 tribules,
1649 1987 1717 2029 vel

286 2049 451 2090 vicinos
480 2063 612 2099 meos,
635 2048 708 2103 qui
740 2063 836 2089 suos
867 2048 1037 2097 liberm,
1059 2061 1166 2102 quos
1197 2046 1370 2103 plurimi
1401 2044 1580 2097 faciunt,
1603 2045 1718 2102 agri·

286 2106 401 2148 colas
423 2105 615 2146 assiduos
633 2119 724 2146 esse
745 2105 940 2161 cupiunt.
990 2105 1149 2145 Verum
1172 2103 1366 2145 homines
1389 2112 1514 2144 notos
1529 2115 1717 2154 sumere,

288 2163 484 2204 odiosum
507 2172 585 2214 est,
607 2177 706 2203 cum
728 2172 771 2203 et
793 2161 894 2203 illud
918 2163 1127 2204 incertum
1151 2162 1221 2212 sit,
1245 2161 1430 2202 velintne
1455 2160 1499 2201 hi
1533 2174 1623 2201 sese
1641 2174 1720 2202 no-

287 2221 466 2261 minari:
498 2229 541 2260 et
569 2234 696 2260 nemo
728 2219 849 2260 vobis
880 2219 1018 2275 magis
1049 2228 1175 2259 notus
1207 2218 1374 2259 futurus
1406 2218 1475 2268 sit,
1497 2231 1626 2272 quam
1655 2225 1722 2257 est

289 2277 360 2319 hic
388 2277 640 2332 Eutyclius3
671 2286 713 2318 et
743 2286 857 2317 certe
886 2277 938 2317 ad
971 2291 1059 2318 rem
1090 2275 1198 2316 nihil
1229 2275 1410 2326 intersit,
1433 2283 1576 2315 utrum
1606 2273 1722 2315 hune

181 2343 212 2374 P·
226 2331 276 2363 26.
289 2348 371 2391 ego
405 2335 622 2376 comicum
655 2333 984 2385 adolescentem,
1015 2347 1068 2374 an
1099 2333 1283 2388 aliquem
1315 2347 1370 2373 ex
1404 2345 1507 2387 agro
1537 2330 1722 2386 VeJente

246 2384 275 2404 ὃ·
289 2392 522 2433 nominem.
584 2390 757 2432 Etenim
787 2390 881 2432 haec
911 2390 1098 2432 conficta
1127 2390 1310 2431 arbitror
1331 2404 1355 2430 a
1381 2388 1522 2445 po'etis
1543 2402 1652 2438 esse,
1673 2395 1723 2428 ut

288 2449 455 2490 effictos
492 2458 659 2489 nostros
697 2462 837 2489 mores
876 2448 919 2488 in
958 2448 1106 2488 alienis
1145 2446 1353 2503 personiS,
1391 2457 1722 2501 expressamque

226 2501 522 2562 4Simagine1n
552 2514 711 2547 nostrae
734 2505 836 2546 vitae
866 2505 1130 2560 quotidianae
1162 2503 1414 2545 videremus.
1473 2501 1570 2559 Age
1591 2515 1722 2552 nunc,

289 2562 398 2604 refer
421 2563 627 2612 animum,
650 2563 721 2613 sis,
744 2562 795 2603 ad
828 2562 1067 2613 veritatem,
1089 2570 1133 2603 et
1158 2560 1394 2611 considera,
1418 2574 1503 2600 non
1527 2558 1655 2600 inodo
1677 2557 1722 2600 in

290 2620 486 2670 Umbria,
510 2628 637 2673 atque
659 2620 703 2659 in
725 2634 776 2660 ea
797 2619 1032 2670 vicinitate,
1052 2619 1125 2660 sed
1146 2619 1188 2659 in
1212 2617 1276 2658 his
1300 2617 1516 2658 veteribus
1537 2615 1720 2657 munici-

328 2773 368 2801 30
390 2771 469 2811 quid
480 2781 618 2810 arg-uas,
636 2781 700 2801 non
715 2771 824 2811 habes]
862 2771 984 2801 Verum
1028 2780 1095 2808 cas,
1110 2773 1143 2800 et
1158 2770 1234 2800 alibi
1250 2769 1383 2799 centies.
1429 2767 1490 2799 Sed
1505 2776 1589 2808 saepe
1603 2770 1639 2798 et
1652 2764 1728 2797 libri

286 2819 337 2843 est
348 2813 432 2853 quod
441 2824 580 2852 arguas,
591 2818 629 2844 ut
639 2819 674 2843 et
686 2813 763 2844 alibi
776 2814 985 2843 correximus.
1029 2813 1063 2843 in
1079 2813 1139 2843 hae
1153 2813 1258 2843 fornia
1275 2811 1450 2842 fluctuant.

287 2856 337 2887 Sic
354 2855 438 2885 infra
451 2866 478 2886 c.
503 2856 552 2886 36.
574 2857 687 2896 ecquid
707 2856 814 2893 habes,
835 2855 919 2895 quod
939 2856 986 2885 di-
