1907 3231
433 141 550 179 PRO
577 139 700 180 SEX‘
733 138 952 177 ROSCIO
982 138 1275 177 AMERINO.
1519 140 1572 176 63

142 242 297 296 stim03
326 243 400 300 qui
421 245 554 299 quaeri
577 244 680 285 velit
696 258 750 284 ex
774 243 840 295 iis,
859 257 965 299 quos
987 250 1170 293 constat,
1188 256 1287 283 cum
1302 240 1438 283 caedes
1457 240 1572 282 facta

142 301 212 351 sit,
234 300 418 351 affuisse,
439 316 536 342 eum
560 315 715 357 cupere
746 315 893 342 verum
921 299 1138 341 invenire:
1169 299 1242 354 qui
1264 307 1444 346 recuset,
1473 311 1572 338 eum

142 357 353 412 profecto,
373 358 541 399 tametsi
565 359 695 399 verbo
717 372 803 398 non
826 357 993 408 audeat,
1016 366 1160 397 tamen
1191 370 1234 396 rc.
1256 355 1348 411 ipsa
1368 355 1421 395 de
1443 355 1572 394 male-

141 413 242 455 ficio
261 429 337 454 suo
358 415 570 456 confiteri.
631 415 737 456 Dixi
770 415 909 466 initio,
933 413 1119 469 judiceS‚
1140 412 1253 453 nolle
1281 426 1349 452 me
1378 410 1499 467 plura
1519 411 1573 450 de

142 470 321 511 istorum
341 472 496 513 scelere
517 473 673 523 dicere,
695 487 824 527 quam
846 485 975 513 causa
996 470 1243 527 postularet,
1266 484 1315 510 ac
1344 468 1573 509 necessitas

140 527 235 582 ipsa
255 537 444 584 cogeret.
506 529 618 570 Nam
651 538 695 570 et
726 529 873 570 multae
907 542 971 569 res
1004 527 1144 568 afferri
1182 535 1377 584 possunt,
1396 534 1439 566 et
1470 538 1574 564 una-

141 598 324 639 quaeque
341 599 485 626 earum
507 586 653 627 multis
683 601 781 627 cum
804 586 1066 641 argumentis
1087 584 1173 625 dici
1196 593 1351 640 potest.
1412 582 1573 623 Verum

140 654 237 696 ego,
260 642 375 696 quod
398 643 557 684 invitus
587 658 636 684 ac
663 644 900 684 necessario
924 642 1051 692 facio,
1073 656 1211 697 neque
1232 642 1320 692 diu,
1341 653 1480 694 neque
1508 638 1574 678 di-

141 696 326 753 ligenter
347 699 486 741 facere
507 715 694 756 possum.
715 715 813 756 quae
836 699 1043 757 praeteriri
1066 699 1182 740 nullo
1199 698 1328 739 modo
1359 705 1573 754 poterant,

142 767 193 795 ea
211 755 374 808 leviter,
389 756 575 812 judices,
595 757 747 813 attigi:
778 772 875 812 quae
898 757 1039 812 posita
1060 756 1220 796 suntin
1242 754 1574 811 suspicionibus,

105 842 109 846 -
137 810 190 852 de
211 813 366 868 quibus
390 815 424 855 si
446 829 622 871 coepero
635 815 790 865 dicere,
812 814 1004 870 pluribus
1020 813 1158 854 verbis
1182 813 1236 853 sit
1267 811 1574 861 disserendum,

137 882 189 910 ea
201 871 351 911 vestris
373 871 558 928 ingeniis
576 871 923 927 conjecturaeque
944 870 1186 911 committo.

195 926 334 969 Venio
357 943 471 969 nunc
493 930 545 971 ad
568 929 669 970 illud
687 943 844 969 nomen
875 942 1049 969 aureum
1073 926 1362 982 Chrysogoni,
1385 925 1465 966 sub
1486 939 1572 980 quo
1585 920 1656 967 43

139 984 314 1026 nomine
333 993 424 1026 tota
445 987 625 1027 societas
657 985 883 1027 statuitur:
916 985 968 1026 de
986 999 1086 1040 quo,
1102 984 1287 1040 judices,
1309 997 1447 1039 neque
1465 997 1572 1038 quo·
1587 991 1660 1025 124

139 1041 270 1082 modo
292 1043 446 1093 dicam,
470 1058 608 1099 neque
628 1043 846 1098 quomodo
870 1053 1048 1092 taceam,
1072 1042 1255 1098 reperire
1277 1055 1466 1096 possum.
1527 1040 1573 1081 Si

139 1098 254 1138 enim
270 1107 416 1152 tace03
439 1101 505 1141 vel
523 1101 755 1141 maximam
778 1109 938 1155 partem
960 1100 1177 1154 relinquo:
1203 1099 1266 1139 sin
1286 1107 1428 1139 autem
1449 1097 1576 1148 dico;

142 1169 302 1208 vereor,
324 1171 378 1197 ne
408 1172 494 1199 non
526 1158 595 1198 ille
625 1157 737 1198 solus
760 1157 822 1210 (id
844 1157 959 1213 quod
987 1157 1039 1198 ad
1069 1171 1138 1197 me
1168 1155 1275 1196 nihil
1303 1155 1477 1205 attinet)
1503 1154 1577 1195 sed

145 1212 217 1253 alii
239 1228 411 1269 quoque
429 1216 568 1270 plures
587 1215 709 1256 laesos
730 1229 773 1255 se
794 1229 884 1255 esse
907 1222 1074 1270 putent.
1133 1212 1322 1254 Tametsi
1345 1214 1406 1253 ita
1438 1226 1481 1252 se
1511 1225 1577 1252 res

140 1268 286 1321 habet,
309 1281 357 1311 ut
378 1272 483 1312 mihi
520 1273 561 1312 in
591 1286 864 1313 communem
896 1285 1068 1312 causam
1100 1280 1313 1311 sectorum
1346 1269 1576 1310 dicendum

140 1326 247 1367 nihil
269 1342 530 1385 magnopere
547 1329 757 1370 videatur.
818 1328 930 1369 Haec
961 1328 1075 1368 enim
1097 1342 1226 1368 causa
1247 1341 1359 1367 nova
1381 1325 1576 1382 profecto

139 1393 183 1424 et
205 1385 429 1440 singularis
452 1396 529 1426 est.
591 1386 811 1426 Bonorum
837 1386 937 1426 Sex.
963 1384 1111 1426 Roscii
1145 1394 1313 1439 emptor
1341 1395 1405 1424 est
1436 1383 1576 1438 Chry·
1590 1380 1662 1414 125

145 1455 347 1497 sogonus.
410 1442 603 1485 Primum
639 1444 720 1484 hoc
750 1443 985 1493 videamus,
1015 1442 1107 1496 ejus
1142 1441 1328 1482 hominis
1352 1442 1465 1482 bona
1493 1455 1579 1495 qua

142 1499 306 1539 ratione
340 1501 577 1551 venierunt,
606 1510 680 1541 aut
708 1500 926 1556 quomodo
961 1500 1104 1540 venire
1139 1501 1394 1556 potuerunt?
1433 1498 1579 1552 Atque

142 1555 226 1596 hoc
247 1570 333 1597 non
357 1557 416 1598 ita
437 1572 643 1613 quaeram,
669 1557 856 1613 judices,
888 1566 936 1597 ut
965 1557 1008 1598 id
1038 1557 1178 1598 dicam
1212 1570 1302 1596 esse
1336 1556 1577 1611 indignum,

142 1612 328 1654 hominis
351 1614 591 1656 innocentis
624 1616 737 1656 bona
766 1615 945 1656 venisse.
1007 1614 1051 1655 Si
1082 1615 1195 1654 enim
1221 1613 1314 1655 haec
1336 1614 1577 1664 audientur,

141 1684 191 1711 ac
223 1670 355 1712 libere
376 1672 593 1726 dicentur3
625 1687 712 1713 non
743 1672 827 1713 fuit
859 1681 1003 1713 tantus
1038 1671 1166 1712 homo
1201 1671 1303 1712 Sex.
1328 1670 1511 1712 Roscius
1532 1671 1576 1711 in

143 1727 333 1779 civitate,
365 1738 413 1770 ut
445 1730 497 1771 de
529 1745 580 1771 eo
611 1730 884 1786 potissimum
914 1743 1239 1784 conqueramur.
1299 1728 1457 1769 Verum
1493 1727 1576 1769 hoc
1590 1734 1620 1765 b.

142 1798 225 1840 ego
253 1800 415 1840 quaem,
438 1787 510 1842 qui
541 1796 774 1843 potuerunt
806 1787 888 1828 ista
922 1787 1015 1842 ipsa
1047 1786 1154 1842 lege,
1177 1801 1273 1841 quae
1307 1786 1359 1826 de
1394 1785 1577 1841 proscri-

143 1842 292 1897 ptione
311 1853 389 1895 est,
413 1844 502 1885 sive
531 1843 701 1885 Valeria
729 1853 806 1895 est,
830 1845 918 1885 sive
945 1843 1170 1895 Cornelia3
1202 1858 1288 1884 non
1322 1843 1436 1884 enim
1460 1843 1576 1893 novi,

143 1913 222 1939 nec
245 1900 359 1952 scio3
392 1915 537 1942 verum
560 1902 642 1942 ista
671 1902 764 1958 ipsa
784 1902 892 1958 Iege,
912 1902 1026 1942 bona
1049 1901 1150 1942 Sex,
1172 1900 1320 1942 Roscii
1340 1901 1483 1941 venire
1501 1901 1575 1956 qui

142 1961 403 2012 potuerunt?
435 1959 653 2015 Scriptum
674 1960 789 2000 enim
821 1959 880 2000 ita
909 1959 1059 1999 dicunt
1080 1973 1185 2009 esse,
1209 1971 1270 2000 UT
1293 1971 1471 2001 EORUM.
1492 1971 1575 1999 1³0-
1590 1963 1662 1997 126

146 2026 212 2055 NA
248 2028 503 2068 VENEANT,
539 2031 624 2068 QUI
663 2030 955 2057 PROSCRIPTI
1003 2030 1155 2057 SUNT:
1195 2030 1281 2071 quo
1314 2029 1358 2056 m
1399 2029 1577 2056 numero

145 2070 247 2112 SeX.
271 2071 454 2114 Roscius
485 2089 570 2114 non
602 2082 689 2115 est:
731 2088 828 2115 AUT
865 2087 1055 2124 EORUM,
1077 2087 1161 2126 9151
1186 2087 1238 2114 1N
1272 2085 1579 2114 ADVERSARI-

147 2141 285 2170 ORUM
314 2143 574 2172 PRAEsmus
602 2145 766 2173 occlsl
794 2144 935 2173 SUNT.
999 2130 1115 2172 Dum
1146 2130 1345 2186 praesidia
1374 2130 1459 2171 ulla
1487 2129 1579 2170 fue-

144 2194 257 2238 runt,
280 2186 323 2227 in
344 2187 472 2229 Sullae
494 2189 704 2244 praesidiis
726 2189 821 2229 fuit.
885 2189 1171 2243 Posteaquam
1202 2189 1256 2228 ab
1287 2188 1414 2228 armis
1443 2201 1581 2228 reces-

146 2253 305 2295 serunt,
327 2244 369 2285 in
403 2260 568 2287 summo
601 2246 692 2288 otio
725 2247 888 2287 rediens
911 2262 936 2287 a
967 2261 1095 2287 coena
1118 2245 1272 2286 Romae
1305 2245 1470 2285 occisus
1499 2253 1582 2288 est„

146 2299 192 2340 Si
215 2300 332 2357 lege3
365 2302 478 2343 bona
509 2318 680 2359 quoque
710 2303 804 2359 lege
836 2304 999 2345 venisse
1033 2303 1192 2344 fateor:
1227 2303 1291 2342 sin
1310 2311 1453 2343 autem
1476 2316 1579 2343 con-

147 2366 245 2409 stat,
278 2369 428 2400 contra
457 2375 619 2412 omnes,
646 2375 731 2402 non
763 2361 891 2401 modo
924 2369 1087 2401 veteres
1116 2360 1245 2415 legeS,
1268 2374 1414 2400 verum
1447 2359 1579 2400 etiam

142 2428 291 2466 novas,
313 2417 503 2458 occisum
532 2432 646 2471 esse;
679 2419 793 2459 bona
824 2433 909 2473 quo
932 2418 1045 2473 jure,
1078 2428 1152 2458 aut
1174 2421 1308 2472 8lquo
1331 2416 1474 2468 modo,
1504 2426 1579 2457 aut

146 2486 231 2526 qua
262 2473 356 2529 lege
386 2476 610 2527 venierint,
643 2491 805 2531 quaero.
866 2475 916 2516 In
950 2490 1077 2530 quem
1110 2474 1193 2514 hoc
1227 2475 1382 2525 dicam,
1405 2457 1661 2529 quaeris‚44

150 2527 303 2572 Eruci?
334 2544 420 2572 non
443 2532 486 2572 in
508 2547 620 2583 eum,
643 2547 769 2588 quem
792 2533 852 2573 vis
872 2542 915 2573 et
936 2542 1075 2588 putas.
1106 2546 1205 2572 nam
1238 2530 1397 2572 Sullam
1420 2542 1463 2572 et
1484 2545 1576 2572 ora·
1591 2527 1666 2566 127

147 2586 209 2626 tio
241 2601 337 2628 mea
365 2590 420 2629 ab
453 2589 592 2640 initio,
633 2602 677 2630 et
705 2590 838 2646 ipsius
872 2590 1032 2630 eximia
1074 2589 1207 2629 virtus
1237 2589 1355 2629 omni
1387 2599 1580 2644 tempore

146 2645 362 2700 purgavit.
423 2644 518 2703 Ego
552 2647 646 2688 haec
679 2647 824 2688 omnia
854 2646 1187 2702 Chrysogonum
1218 2645 1369 2687 fecisse
1397 2646 1510 2697 dico,
1533 2655 1582 2686 ut

189 2798 224 2827 81
251 2806 311 2836 quo
324 2798 426 2837 modo]
445 2796 658 2829 scribendum
673 2802 766 2839 puto,
782 2808 842 2839 quo
884 2798 980 2829 Modo
1001 2802 1112 2828 autem
1136 2802 1170 2829 et
1187 2807 1276 2828 more
1293 2805 1378 2838 saepe
1394 2798 1527 2828 confusa
1545 2798 1580 2829 in

148 2848 254 2868 more.-
272 2840 341 2877 jus,
357 2849 439 2876 mos,
459 2840 522 2877 lex,
538 2840 620 2871 bene
635 2842 842 2881 conjungun-
886 2841 974 2871 libris
989 2850 1050 2870 scr.
1073 2846 1106 2870 et
1124 2841 1196 2871 edd.
1212 2851 1242 2869 v.
1265 2839 1434 2870 Drakenb.
1450 2840 1484 2870 in
1506 2840 1577 2871 Liv.

146 2887 213 2912 tur.
258 2881 345 2920 Quid
360 2883 473 2914 modus
489 2883 575 2915 inter
588 2884 642 2924 jus
663 2888 696 2915 et
712 2884 839 2925 legem?
885 2883 1060 2920 XXXVII,
1076 2885 1106 2912 4.
1150 2883 1189 2914 In
1205 2882 1283 2913 Mss.
1300 2883 1365 2913 sere
1379 2887 1427 2913 est
1443 2891 1501 2913 mo.
