1907 3231
315 115 392 151 426
841 116 912 157 IN
947 116 1225 155 VERREM

315 214 557 274 complures
586 218 631 260 in
663 218 787 261 litore
817 221 1113 275 conviviisque
1141 219 1348 274 jacuisti?
1379 227 1421 261 te
1453 234 1530 276 per
1556 233 1629 260 eos
1656 218 1746 260 dies

315 288 444 316 nemo
466 275 582 318 domi
607 284 691 318 tuae
713 279 956 327 convenire,
980 291 1105 318 nemo
1135 277 1179 317 in
1213 276 1307 318 foro
1333 277 1477 319 videre
1499 277 1667 333 potuit?
1698 285 1746 317 tu

319 333 534 374 sociorum
556 342 684 389 atque
707 336 941 376 amicorum
959 335 1012 375 ad
1031 348 1081 374 ea
1095 334 1295 375 convivia
1311 334 1652 376 matresfamilias
1672 333 1747 374 ad·-

317 388 524 432 hibuisti?
566 400 611 432 tu
647 392 758 432 inter
791 390 1002 445 ejusmodi
1041 390 1237 432 mulieres
1279 400 1583 448 praetextatum
1625 400 1764 432 tuum.

319 446 470 499 filium,
500 457 701 504 nepotem
734 462 891 498 meum,
926 447 1206 498 collocavisti,
1236 458 1285 488 ut
1317 450 1434 490 aetati
1460 449 1653 490 maxime·
1684 447 1748 488 lu-

319 503 451 546 bricae
473 515 601 560 atque
624 505 796 545 incertae
819 505 1018 560 exempla
1039 505 1244 561 nequitiae
1266 507 1453 561 parentis
1471 507 1561 548 vita
1582 505 1748 562 praebe-

319 565 410 604 ret?
442 572 487 602 tu
510 571 670 617 praetor
692 562 734 601 in
753 562 976 617 provincia
996 577 1095 603 cum
1125 562 1273 603 tunica
1300 562 1512 619 pallioque
1533 576 1747 620 purpureo

186 623 221 657 P·
236 615 308 647 264.
320 619 434 659 visus
456 622 529 660 es?
556 629 601 658 tu
625 628 800 674 propter
828 633 1015 660 amorem
1037 619 1346 674 libidinemque
1367 629 1499 672 tuam,
1521 621 1748 676 imperium

278 667 308 688 ³·
321 675 493 716 navium
527 674 670 731 legato
691 676 839 731 populi
864 675 1051 717 Romani
1083 677 1296 727 ademisti,
1325 677 1595 732 Syracusano
1618 676 1748 718 tradi-

321 733 445 775 disti?
477 732 538 773 tui
560 732 717 774 milites
749 734 788 773 in
810 734 1033 789 provincia
1054 733 1201 776 Sicilia
1232 734 1428 790 frugibus
1449 734 1749 790 frumentoque

320 790 515 831 caruere?
547 802 621 830 tua
641 789 811 831 luxuria
829 798 956 846 atque
978 791 1157 832 avaritia
1178 791 1322 832 classis
1345 791 1492 847 populi
1517 792 1702 836 Romani
1724 806 1750 837 a

234 859 308 896 138
320 846 596 902 praedonibus
617 857 744 904 capta
764 858 808 889 et
830 849 1002 890 incensa
1023 851 1115 890 est?
1145 857 1244 905 post
1276 849 1507 904 Syracusas
1539 850 1751 899 conditas,

318 918 443 960 quem
468 904 511 945 in
534 914 705 960 portum
727 920 961 961 numquam
984 906 1119 947 hostis
1141 915 1390 957 accesserat,
1413 906 1456 947 in
1488 921 1554 958 eo,
1577 915 1620 947 te
1640 920 1749 962 prae-

317 970 424 1013 tore,
446 963 633 1018 primum
656 963 807 1019 piratae
829 964 1169 1019 navigaverunt?
1200 978 1338 1019 neque
1354 963 1448 1005 haec
1465 972 1531 1004 tot
1546 972 1751 1018 tantaque

317 1019 528 1060 dedecora
559 1019 900 1061 dissimulatione
932 1030 1020 1069 tua,
1041 1035 1180 1076 neque
1213 1022 1431 1062 oblivione
1452 1021 1678 1062 hominum
1700 1035 1750 1061 ac

317 1077 613 1117 taciturnitate
645 1087 791 1133 tegere
813 1077 1014 1118 voluisti?
1047 1079 1119 1118 sed
1151 1078 1282 1118 etiam
1314 1079 1489 1119 navium
1522 1078 1748 1134 praefectos

317 1134 409 1174 sine
441 1133 526 1175 ulla
558 1149 687 1175 causa
719 1135 771 1175 de
802 1135 1033 1191 complexu
1067 1145 1289 1190 parentum
1320 1150 1507 1187 suorum,
1530 1136 1750 1192 hospitum

318 1199 506 1241 tuorum,
536 1191 589 1232 ad
621 1201 804 1233 mortem
837 1193 1161 1247 cruciatumque
1194 1193 1400 1249 rapuisti?
1431 1207 1568 1248 neque
1601 1194 1645 1234 in
1675 1208 1749 1249 pa-

317 1258 488 1289 rentum
512 1248 631 1290 luctu
653 1258 782 1304 atque
812 1249 1025 1306 lacrymis,
1048 1259 1089 1290 te
1117 1250 1200 1290 mei
1228 1251 1413 1291 nominis
1442 1265 1751 1294 commemora-

318 1306 380 1346 tio
403 1306 649 1362 mitigavit?
681 1307 759 1348 tibi
783 1307 1007 1348 hominum
1039 1308 1335 1349 innocentium
1357 1307 1530 1364 sanguis
1551 1322 1639 1349 non
1659 1322 1752 1348 mo-

235 1356 306 1408 53
319 1362 375 1404 do
399 1363 624 1419 voluptati,
653 1365 727 1405 sed
749 1365 879 1406 etiam
900 1366 1084 1420 quaestui
1108 1365 1219 1407 fuit?
1252 1365 1364 1406 Haec
1397 1365 1430 1405 si
1454 1365 1534 1407 tibi
1558 1374 1654 1406 tuus
1677 1379 1749 1421 pa-

318 1435 414 1462 rens
445 1421 620 1475 diceret,
652 1436 797 1478 posses
827 1423 881 1463 ab
914 1437 963 1463 co
996 1423 1163 1464 veniam
1197 1425 1368 1478 petere?
1399 1437 1559 1480 posseS,
1593 1432 1640 1464 ut
1669 1421 1750 1464 tibi

318 1478 575 1535 ignosceret,
601 1479 843 1535 postulare?

231 1543 307 1579 139
377 1535 489 1577 Satis
531 1545 596 1577 est
633 1536 796 1578 factum
836 1537 1004 1588 Siculis,
1037 1538 1138 1578 satis
1172 1538 1316 1579 officio
1350 1553 1399 1580 ac
1431 1537 1752 1588 necessitudini,

308 1591 494 1647 judices,
517 1595 620 1635 satis
642 1596 681 1625 55
693 1595 903 1650 promisso
925 1605 1073 1636 nostro
1092 1610 1141 1636 ac
1161 1605 1350 1651 recepto.
1413 1595 1597 1651 Reliqua
1616 1603 1681 1636 est
1702 1609 1753 1635 ea

315 1651 658 1707 caiisa,judiceS,
681 1666 777 1707 quae
801 1667 887 1692 non
903 1652 997 1707 jam
1019 1662 1206 1708 recepta,
1229 1653 1300 1694 sed
1322 1654 1494 1695 innata:
1525 1666 1663 1707 neque
1678 1652 1752 1693 de-

312 1706 400 1749 lata
422 1708 474 1750 ad
497 1722 580 1758 me,
603 1708 675 1749 sed
697 1710 737 1740 56
750 1710 792 1751 in
816 1710 961 1750 animo
985 1724 1196 1765 sensuque
1223 1725 1321 1751 meo
1344 1710 1513 1766 penitus
1535 1710 1668 1751 affixa
1687 1718 1751 1750 at-

315 1779 399 1819 que
421 1764 550 1806 insita
571 1774 660 1807 est:
692 1781 788 1822 quae
808 1781 893 1808 non
912 1768 965 1808 ad
988 1768 1203 1808 sociorum
1222 1767 1416 1819 salutem,
1433 1768 1504 1808 sed
1522 1767 1572 1808 ad
1591 1767 1752 1808 civium

315 1820 627 1875 Romanorum,
658 1822 742 1865 hoc
766 1834 845 1876 est,
876 1825 929 1865 ad
958 1825 1297 1880 uniuscujusque
1327 1824 1522 1866 nostrum
1545 1825 1678 1865 vitam
1709 1831 1753 1864 et

312 1880 566 1936 sanguinem
589 1882 789 1937 pertinet.
853 1881 903 1922 In
927 1897 1012 1938 qua
1039 1882 1173 1923 nolite
1195 1898 1220 1924 a
1240 1897 1322 1934 me,
1353 1882 1474 1938 quasi
1496 1882 1676 1923 dubium
1697 1880 1753 1921 sit

313 1936 491 1993 aliquid,
533 1949 801 1995 argumenta,
826 1938 1012 1995 judices,
1054 1950 1319 1996 exspectare.
1358 1939 1518 1990 omnia,
1548 1954 1645 1995 quae
1685 1938 1753 1979 di-

312 2009 407 2035 cam
429 1994 482 2036 de
506 1996 718 2052 supplicio
748 1997 909 2037 civium
934 1996 1245 2048 Romanorum,
1269 1998 1330 2038 sic
1353 2006 1479 2038 erunt
1501 1996 1615 2037 clara
1635 2006 1679 2037 et
1700 1995 1751 2036 il-

311 2051 476 2105 lustria,
508 2062 556 2094 ut
584 2053 638 2094 ad
660 2068 710 2095 ea
732 2054 955 2110 probanda
977 2064 1113 2096 totam
1145 2054 1335 2096 Siciliam
1369 2064 1521 2096 testem
1549 2053 1751 2095 adhibere

312 2109 491 2166 possim.
552 2110 688 2154 Furor
721 2111 837 2152 enim
875 2112 1064 2167 quidam,
1097 2112 1264 2153 sceleris
1297 2121 1341 2153 et
1369 2112 1560 2153 audaciae
1593 2125 1752 2160 comes,

313 2167 436 2207 istius
454 2167 708 2209 effrenatum
728 2169 920 2210 animum
937 2169 1315 2225 importunamque
1331 2179 1524 2211 naturam
1544 2178 1752 2224 tantaop-

313 2225 470 2279 pressit
490 2226 692 2276 amentia,
716 2234 763 2267 ut
790 2241 1025 2281 numquam
1047 2227 1266 2269 dubitaret
1300 2227 1341 2267 in
1373 2235 1589 2268 conventu
1612 2225 1752 2282 palam

315 2281 542 2339 supplicia,
564 2298 662 2338 quae
685 2284 728 2324 in
751 2284 974 2325 convictos
996 2284 1195 2326 maleficii
1219 2299 1363 2325 servos
1383 2285 1619 2326 constituta
1641 2291 1752 2334 sunt,

228 2351 365 2389 140ea
385 2339 430 2381 in
452 2340 567 2381 cives
591 2340 811 2382 Romanos
844 2355 1111 2398 expromere.
1172 2342 1318 2398 Virgis
1346 2356 1474 2397 quam
1503 2340 1660 2382 multos
1682 2354 1753 2381 ce-

315 2396 484 2449 ciderit,
518 2397 620 2454 quid
647 2412 729 2454 ego
760 2403 1119 2442 commemorem?
1150 2398 1337 2441 Tantum
1366 2399 1612 2441 brevissime
1638 2397 1754 2447 dico,

309 2453 502 2508 judices:
536 2454 700 2496 nullum
729 2454 813 2496 fuit
846 2456 1039 2508 omnino,
1071 2457 1153 2499 isto
1188 2465 1386 2513 praetore,
1416 2457 1461 2497 in
1492 2456 1577 2497 hoc
1599 2468 1753 2512 genere

267 2522 303 2554 b.
316 2510 560 2555 discrimen.
594 2511 747 2569 Itaque
761 2513 856 2569 jam
879 2515 1189 2556 consuetudine
1209 2515 1260 2556 ad
1282 2528 1464 2570 corpora
1480 2513 1641 2555 civium
1661 2511 1752 2553 Ro-

354 2669 393 2698 55
410 2668 569 2708 promisso
583 2674 691 2701 nostro
713 2680 753 2701 ac
776 2669 914 2711 recepto]
940 2671 1012 2701 Du·
1056 2682 1188 2708 munus,
1204 2671 1243 2702 de
1256 2671 1382 2709 labore,
1398 2670 1479 2701 mihi
1493 2669 1615 2711 pariter
1634 2667 1754 2699 durum

310 2709 377 2739 rius
390 2719 467 2741 sane
481 2716 531 2741 est
545 2717 678 2752 recepto.
701 2712 882 2744 Lambinus
897 2714 931 2744 in
946 2714 1011 2744 Ms.
1055 2714 1198 2752 videtur,
1212 2713 1267 2744 sed
1281 2714 1361 2744 etin
1377 2713 1494 2745 Partit.
1510 2722 1537 2743 c.
1553 2713 1604 2744 38.
1617 2715 1667 2742 est
1679 2720 1752 2742 mu·

309 2752 430 2792 reperit
445 2762 485 2783 ac
497 2755 626 2796 muneri
638 2760 775 2795 recepto,
789 2755 876 2795 quod
889 2760 923 2786 et
938 2766 1012 2796 pro·
1056 2766 1119 2786 nus
1127 2757 1292 2797 promissi.

307 2793 419 2824 habat.
463 2794 642 2834 Victorius,
670 2797 854 2836 Manutius,
882 2798 1011 2829 edidere
1099 2799 1139 2830 56
1160 2800 1195 2828 in
1224 2800 1339 2829 anima
1363 2806 1517 2837 sensuque
1539 2795 1623 2835 meo]
1657 2793 1754 2826 Arbi-

304 2837 464 2876 promisso
488 2840 617 2869 muneri
638 2849 677 2869 ac
696 2845 832 2880 recepto,
855 2840 942 2879 quod
963 2849 1011 2870 se·
1053 2841 1167 2871 trahar
1183 2841 1375 2871 Ciceronem
1388 2839 1549 2880 scripsisse
1563 2839 1684 2870 animo.
1700 2836 1755 2867 Sic

308 2883 405 2909 cutus
421 2883 470 2910 est
485 2880 643 2912 Graevius.
687 2881 799 2914 Etiam
808 2883 1012 2923 promissum
1054 2882 1155 2914 habet
1170 2883 1234 2914 Ms.
1249 2882 1358 2914 Guelf.
1394 2880 1526 2922 Recepi.
