1907 3231
336 138 416 179 τεο
728 133 736 141 ·
930 129 1188 169 oRATto
1238 129 1242 133 ·

337 237 603 279 luntatemve
632 234 835 287 violavit3
873 234 907 276 si
941 235 1118 285 nemini,
1149 241 1198 274 ut
1227 231 1441 276 levissime
1472 234 1628 289 dicam,
1658 237 1776 291 odio,

339 310 419 336 nec
441 295 574 345 domi,
594 307 674 335 nec
697 292 880 344 militiae,
902 292 999 333 fuit.
1061 290 1127 332 Sit
1145 291 1259 347 apud
1279 305 1354 332 vos
1375 292 1598 336 modestiae
1628 294 1775 348 locus;

341 353 397 393 sit
437 351 633 392 demissis
670 350 918 391 hominibus
955 347 1218 404 perfugium,
1257 349 1313 389 sit
1353 348 1560 390 auxilium
1603 353 1774 407 pudori.

343 408 690 456 Misericordiam
723 407 923 463 spoliatio
945 406 1193 446 consulatus
1218 419 1420 460 magnam
1452 406 1609 448 habere
1631 409 1784 460 debet,¹

335 465 522 521 judices.
546 481 630 506 una
651 465 765 504 enim
796 463 1037 517 eripiuntur
1059 476 1158 503 cum
1188 462 1412 503 consulatu
1435 465 1595 506 omnia.
1656 465 1775 508 Invi-

342 523 458 566 diam
480 537 577 563 vero
591 522 656 562 his
671 520 937 575 temporibus
954 519 1111 559 habere
1124 519 1370 560 consulatus
1387 520 1476 574 ipse
1495 521 1655 564 nullam
1674 532 1774 579 pot·

343 589 423 620 est.
445 580 650 635 objicitur
682 578 796 617 enim
819 576 1101 618 concionibus
1133 576 1448 627 seditiosorum,
1479 578 1645 620 insidiis
1670 595 1776 621 con-

338 636 599 692 juratorum,
617 634 710 674 telis
725 633 947 675 Catilinae:
972 633 1024 674 ad
1039 647 1165 673 omne
1184 633 1368 686 denique
1382 633 1633 688 periculum,
1647 647 1777 693 atque

285 701 334 735 88
347 694 399 734 ad
420 707 591 734 omnem
614 691 819 731 invidiam
843 691 956 731 solus
979 690 1227 746 opponitur.
1289 689 1434 735 Quare
1457 691 1560 744 quid
1582 692 1777 735 invideri..

346 752 446 791 dum
480 750 694 799 Murenae,
724 757 798 788 aut
826 749 1026 802 cuiquam
1061 747 1254 788 nostrfim
1299 747 1362 786 sit'
1384 747 1428 786 in
1459 747 1542 789 hoc
1572 751 1778 804 praeclaro

347 807 585 857 consulatu,
605 820 690 846 non
715 805 855 855 video,
871 804 1056 860 judices.
1118 805 1229 851 Quae
1263 818 1361 844 vero
1393 803 1634 846 miseranda
1664 819 1779 859 sunt,

346 878 397 904 ea
416 874 458 904 et
481 863 588 904 mihi
610 872 708 903 ante
729 862 875 903 oculos
900 870 1133 911 versantur,
1152 870 1195 901 et
1218 876 1293 901 vos
1316 861 1459 903 videre
1474 872 1517 902 et
1539 864 1780 919 perspicere

263 911 542 977 4l'potesti5.
603 921 646 960 Si
671 920 805 974 (quod
823 919 996 976 Jupiter
1018 933 1144 959 omen
1162 920 1346 969 avertat)
1370 917 1485 959 hunc
1509 920 1660 961 vestris
1683 935 1778 962 sen-

347 978 493 1019 tentiis
515 977 779 1018 afflixeritis:
812 991 898 1031 qno
921 991 964 1017 se
982 976 1110 1016 miser
1132 979 1296 1017 vertet?
1327 975 1587 1019 domumne?
1619 987 1666 1018 ut
1683 992 1778 1020 eam

347 1036 581 1091 imaginem
624 1033 846 1076 clarissimi
881 1033 976 1083 viri,
1015 1033 1202 1088 parentis
1235 1033 1315 1083 sui,
1337 1048 1466 1087 quam
1500 1035 1647 1089 paucis
1677 1044 1779 1076 ante

347 1093 497 1133 dicbus
531 1092 764 1133 laureatam
798 1091 841 1131 in
885 1105 961 1131 sna
997 1090 1285 1146 gratulatione
1317 1091 1562 1146 conspexit,
1600 1093 1779 1134 eandem

345 1149 629 1190 deformatam
652 1147 892 1204 ignominia
912 1147 1217 1203 lugentemque
1240 1147 1409 1189 videat?
1439 1162 1493 1188 an
1515 1148 1566 1189 ad
1585 1159 1803 1202 matrem„-

347 1222 444 1262 quae
481 1207 635 1247 misera
666 1205 796 1246 modo
829 1206 1047 1245 consulem
1089 1205 1281 1246 osculata
1312 1204 1447 1245 filium
1486 1219 1626 1257 suum,
1665 1220 1783 1248 nunc

350 1263 565 1304 cruciatur
586 1272 629 1303 et
651 1262 833 1303 sollicita
853 1271 931 1312 est,
954 1276 1007 1302 ne
1037 1261 1222 1302 eundem
1255 1261 1398 1318 paullo
1431 1272 1530 1317 post
1551 1263 1784 1319 spoliatum

290 1322 339 1358 89
352 1320 470 1362 omni
491 1321 704 1376 dignitate
734 1319 998 1375 conspiciat?
1031 1319 1114 1360 Sed
1145 1319 1248 1374 quid
1280 1334 1362 1374 ego
1393 1329 1588 1371 matrem,
1611 1331 1685 1362 aut
1705 1321 1788 1362 do-

351 1393 469 1418 mum
491 1377 675 1434 appello,
696 1392 824 1432 quem
847 1391 960 1417 nova
990 1391 1123 1432 poena
1149 1376 1255 1432 legis
1289 1386 1332 1417 et
1362 1376 1506 1427 domo,
1529 1386 1573 1417 et
1591 1387 1784 1433 parente,

350 1444 394 1475 et
424 1436 616 1475 omnium
639 1449 811 1475 suorum
834 1433 1143 1475 consuetudine
1165 1442 1485 1489 conspectuque
1499 1434 1662 1490 privat?
1694 1435 1789 1477 Ibit

349 1492 484 1548 igitur
518 1493 560 1533 in
597 1491 798 1533 exsilium
833 1491 984 1532 miser?
1015 1494 1128 1546 quo?
1172 1491 1224 1532 ad
1265 1490 1513 1532 Orientisne
1545 1501 1702 1548 partes,
1738 1493 1786 1534 in

348 1550 504 1604 quibus
529 1564 662 1590 annos
689 1549 845 1589 multos
868 1547 1033 1603 legatus
1056 1547 1154 1598 fuit,
1176 1557 1220 1587 et
1249 1549 1464 1589 exercitus
1489 1548 1631 1601 duxit,
1652 1560 1696 1591 et
1716 1564 1783 1591 res

347 1607 559 1647 maximas
582 1606 741 1662 gessit?
773 1604 833 1645 At
855 1604 985 1644 habet
1003 1619 1209 1659 magnum
1231 1604 1437 1655 dolorem,
1453 1606 1564 1647 unde
1585 1621 1684 1647 cum
1703 1607 1784 1648 ho-

301 1668 333 1700 b.
349 1678 450 1704 nore
481 1663 725 1712 decesseris,
759 1662 908 1702 eodem
942 1675 1041 1701 cum
1071 1661 1311 1714 ignominia
1333 1663 1501 1703 reverti.
1561 1662 1631 1703 An
1663 1678 1707 1704 se
1737 1665 1784 1705 in

347 1720 605 1761 contrariam
638 1728 803 1775 partem
836 1728 1039 1758 terrarum
1072 1718 1215 1767 abdet,
1247 1726 1294 1757 ut
1325 1717 1467 1758 Gallia
1487 1717 1786 1775 Transalpina,

347 1792 475 1832 quem
500 1791 635 1832 nuper
658 1791 825 1816 summo
847 1790 946 1816 cuin
970 1775 1150 1830 imperio
1182 1774 1464 1816 libentissime
1490 1775 1660 1827 viderit,
1681 1790 1786 1817 eun-

347 1836 444 1875 den]
479 1834 712 1889 lugentem,
746 1841 1022 1882 moerentem,-
1048 1831 1240 1872 exsulem
1278 1832 1442 1873 videat?
1502 1832 1554 1873 In
1587 1847 1638 1873 ea
1658 1848 1786 1889 porro

348 1890 586 1947 provincia,
619 1905 704 1946 quo
736 1890 880 1930 animo
914 1888 966 1930 C.
990 1888 1235 1940 Murenam,
1267 1888 1440 1929 fratrem
1473 1904 1612 1941 suum,
1644 1890 1788 1946 adspi-

350 1943 459 1989 ciet?
482 1948 555 2002 qui
580 1949 708 2003 hujus
727 1946 875 1988 dolor?
906 1946 980 2000 qui
1004 1946 1114 1987 illius
1138 1961 1300 1987 moeror
1320 1947 1424 1988 erit?
1446 1962 1544 2002 quae
1561 1947 1786 2002 utriusque

350 2005 630 2046 lamentatio?
662 2014 822 2059 quanta
854 2011 997 2044 autem
1032 2003 1299 2058 perturbatio
1332 2003 1517 2045 fortunae
1550 2012 1680 2059 atque
1701 2019 1788 2045 ser-

353 2063 508 2113 monis,
531 2063 661 2117 quod,
683 2061 838 2116 quibus
862 2061 905 2100 in
927 2060 1032 2101 locis
1056 2061 1203 2115 paucis
1225 2070 1324 2101 ante
1346 2060 1496 2102 diebus
1520 2060 1681 2103 factum
1696 2075 1788 2103 esse

353 2120 574 2160 consulem
599 2118 844 2169 Murenam,
868 2117 1008 2158 nuntii
1031 2116 1271 2173 litteraeque
1290 2117 1588 2170 celebrassent,
1610 2127 1654 2159 et
1676 2119 1790 2160 unde

354 2176 548 2232 hospites
585 2185 713 2230 atque
743 2175 871 2216 amici
910 2174 1169 2231 gratulatum
1210 2175 1394 2215 Romam
1427 2176 1790 2227 42concurrerint,

295 2251 346 2285 90
358 2244 533 2290 repente
555 2247 605 2274 eo
627 2233 803 2274 accedat
836 2233 926 2288 ipse
958 2232 1131 2272 nuntius
1164 2247 1251 2273 suae
1273 2232 1558 2274 calamitatis?
1619 2232 1732 2279 Quae
1755 2233 1791 2273 si

358 2292 526 2341 acerba,
549 2290 583 2330 si
607 2290 774 2340 misera,
797 2289 830 2330 si
864 2289 1059 2330 luctuosa
1080 2299 1192 2340 sunt,
1215 2289 1250 2329 si
1272 2289 1531 2330 alienissima
1551 2304 1576 2329 a
1595 2304 1793 2330 mansue-

360 2348 508 2389 tudine
542 2356 585 2388 et
618 2346 911 2387 misericordia
945 2354 1100 2397 vestra,
1126 2346 1322 2401 judices:
1355 2355 1610 2387 conservate
1643 2346 1821 2402 populi,

361 2404 547 2446 Romani
593 2404 873 2445 beneficium:
914 2403 1078 2444 reddite
1119 2403 1368 2459 reipublicae
1411 2403 1651 2446 consulem:
1693 2404 1794 2444 date

358 2461 443 2503 hoc
485 2461 617 2518 ipsius
650 2461 818 2517 pudori,
850 2460 948 2500 date
979 2460 1089 2515 patri
1122 2470 1307 2512 mortuo,
1339 2461 1438 2500 date
1468 2460 1614 2516 generi
1643 2468 1687 2500 et
1730 2460 1794 2501 fa-

360 2519 506 2570 miliae,
528 2519 626 2559 date
656 2517 785 2558 etiam
820 2517 1029 2568 Lanuvio,
1051 2517 1288 2573 municipio
1321 2517 1647 2559 honestissimo:
1677 2516 1793 2573 quod

358 2663 496 2693 veniunt
513 2663 677 2694 Ciceronis
694 2672 854 2704 personae,
869 2665 965 2703 qnam
982 2662 1058 2693 Mu·
1100 2664 1236 2704 punctio
1253 2673 1320 2695 non
1332 2667 1381 2694 est
1390 2670 1480 2694 certa
1493 2667 1527 2693 et
1540 2668 1707 2695 constans.
1740 2687 1764 2703 ,ᾗ

360 2714 458 2735 renae.
503 2705 675 2745 Optimum
689 2711 722 2736 et
737 2705 939 2736 lenissimum
955 2715 1058 2745 reme-
1142 2708 1183 2736 42
1205 2706 1444 2746 concurrerint]
1470 2707 1535 2736 Ms.
1560 2706 1623 2736 Gu.
1645 2715 1665 2736 a
1679 2716 1724 2737 m.
1746 2717 1797 2747 pr.

360 2747 450 2777 dium
468 2747 523 2784 sit,
538 2753 699 2787 punctum
714 2748 819 2778 facere
837 2752 910 2787 post
924 2757 983 2778 nec
998 2749 1058 2777 mi·
1101 2749 1318 2778 cumcrrerint.
1342 2748 1420 2779 Mox
1429 2752 1560 2788 repente
1568 2748 1689 2778 excidet
1697 2747 1796 2785 idem,

361 2787 529 2828 litioesuz't.
566 2789 619 2819 lta
633 2790 756 2829 reliqua
769 2796 867 2820 erunt
882 2790 1060 2821 Ciceronis.
1105 2795 1141 2820 ut
1158 2791 1225 2821 alii.
1250 2801 1283 2820 eo
1297 2790 1512 2821 necessarium
1527 2795 1578 2822 est
1591 2793 1725 2833 propter
1745 2800 1798 2822 su-

363 2832 468 2870 Atque
484 2832 532 2861 ita
546 2831 619 2861 feci.
664 2833 715 2862 Sic
731 2837 782 2862 est
806 2833 839 2862 in
861 2831 932 2863 edd.
949 2831 987 2862 R.
1004 2832 1060 2862 Er.
1104 2833 1211 2874 petius
1228 2834 1322 2864 unde.

363 2873 453 2903 Med.
481 2882 679 2912 quamquam
707 2875 740 2904 in
765 2875 835 2905 istis
863 2874 933 2905 cdd.
960 2874 1060 2906 inter.
