1907 3231
334 129 379 165 13
915 123 1164 166 ORATIO

331 229 521 279 omnino,
554 245 629 271 cur
661 230 907 287 postularet,
941 247 1026 273 non
1062 231 1215 272 fuisse:
1258 229 1373 285 quod
1409 244 1545 287 neque
1575 227 1759 287 pecunia

329 285 589 328 debebatur:
621 297 678 338 et,
713 288 745 327 si
783 288 970 329 maxime
1008 288 1248 337 deberetur,
1280 289 1609 329 ⁵⁵commissum
1647 285 1754 327 nihil

328 357 433 393 esse,
455 358 584 398 quare
605 344 657 385 ad
683 343 805 384 istam
830 345 1037 386 rationem
1061 344 1366 400 perveniretur.
1417 343 1604 386 Attende
1623 357 1754 394 nunc,

327 413 381 440 ex
401 400 542 441 edicto
563 401 773 456 praetoris,
798 401 910 442 bona
932 397 982 442 P.
1007 401 1177 448 Quintil
1210 403 1250 433 56
1264 400 1469 456 possideri
1489 401 1603 442 nullo
1623 398 1754 442 modo

327 457 530 497 notuisse.
592 457 746 498 Recita
783 458 996 500 edictum:
1042 471 1127 509 ρυι
1175 469 1546 499 ΡηΑυῡΑτιοΝιε
1594 469 1752 499 CAUSA

325 515 364 547 57
384 526 663 555 ιΑτιτΑιῑιΤ.
725 513 824 555 Non
855 524 918 555 est
951 515 983 554 is
1016 514 1244 561 Quintius:
1283 513 1365 555 nisi
1396 514 1430 555 si
1463 515 1647 567 latitant,
1678 513 1752 569 qui

326 570 378 610 ad
402 571 622 626 negotium
645 585 782 621 suum,
806 571 953 612 relicto
975 579 1264 627 procuratore,
1287 570 1631 627 proficiscuntur.
1666 583 1747 611 cur

329 640 485 668 HERES
523 640 624 668 NON
668 640 929 669 axs‘ramr.
989 628 1056 669 Ne
1094 628 1128 668 is
1166 627 1355 682 quidem.
1416 641 1500 679 9111
1548 639 1750 669 Exsumt

332 698 491 726 CAUSA
545 698 706 725 somni
742 687 779 715 58
806 697 1067 726 vERTEsslT.
1139 684 1240 731 Quo
1292 694 1482 748 tempore
1531 682 1753 725 existimas

325 741 577 795 oportuisse,
612 741 753 791 Naevi,
785 741 1004 783 absentem
1041 741 1272 788 Quintium
1313 740 1500 791 defendi,
1531 750 1605 782 aut
1644 754 1752 795 quo-

323 797 480 839 modo?
524 807 629 848 tum,
661 812 758 839 cum
798 799 1058 854 postulabas,
1090 808 1137 839 ut
1168 799 1282 839 bona
1320 797 1583 853 possideres?
1625 810 1752 838 nemo

323 853 461 894 affuit.
494 869 630 910 neque
648 855 762 895 enim
784 856 1008 912 quisquam
1028 856 1222 896 divinare
1245 863 1428 911 poterat,
1450 863 1491 895 te
1513 852 1752 910 postulatu-

324 924 442 951 rum:
476 926 610 967 neque
632 926 887 967 quemquam
913 912 1125 954 attinebat
1149 912 1190 953 id
1214 926 1420 961 recusare,
1439 910 1554 965 quod
1577 920 1751 967 praetor,

257 973 303 1013 σι
325 981 407 1007 non
433 967 537 1018 lieri,
570 970 609 1001 ⁵9
624 969 694 1009 sed
718 983 770 1009 ex
795 970 937 1010 edicto
960 984 1037 1010 suo
1060 969 1149 1010 fieri
1166 969 1366 1023 jubebat.
1414 967 1505 1014 Qui
1528 967 1646 1009 locus
1667 966 1750 1022 igi-

324 1033 390 1064 tur
432 1025 617 1065 absentis
665 1025 920 1066 defendendi
974 1025 1239 1082 procuratori
1282 1025 1444 1081 primus
1487 1024 1611 1065 datus
1659 1025 1750 1065 est?

321 1081 362 1109 ⁶0
377 1080 486 1121 Cum
510 1081 804 1136 proscribebas
826 1085 838 1123 ?
873 1079 987 1138 Ergo
1011 1082 1156 1124 affuit:
1189 1097 1276 1123 non
1299 1096 1445 1137 passus
1466 1091 1552 1123 est:
1585 1078 1752 1122 libellos

320 1136 474 1190 dejecit
504 1141 604 1179 Sex.
631 1137 866 1194 Alphenus.
892 1139 964 1194 qui
992 1139 1152 1194 primus
1185 1147 1275 1179 erat
1305 1137 1436 1179 officii
1468 1134 1750 1195 gradus,'ser-

323 1205 442 1234 vatus
466 1204 529 1235 est
551 1210 574 1234 a
598 1204 873 1251 procuratore
896 1210 1062 1236 summa
1083 1211 1180 1236 cum
1203 1195 1441 1251 diligentia.
1501 1194 1750 1245 Videamus,

319 1265 414 1304 quae
442 1251 596 1292 deinde
626 1252 712 1292 sint
742 1263 986 1294 consecuta.
1049 1252 1283 1293 Hominem
1314 1250 1362 1292 P.
1396 1251 1567 1297 Quintii
1597 1250 1748 1306 depre—

321 1307 467 1348 hendis
488 1308 529 1348 in
551 1308 748 1359 publico:
782 1310 948 1350 conaris
967 1309 1193 1351 abducere.
1213 1323 1299 1349 non
1319 1308 1481 1364 patitur
1499 1306 1745 1364 Alphenus:

320 1364 358 1403 vi
393 1365 469 1405 tibi
501 1365 675 1406 adimit:
709 1376 843 1416 curat,
876 1376 922 1407 ut
953 1367 1126 1407 domum
1161 1365 1386 1406 reducatur
1416 1364 1468 1406 ad
1502 1363 1749 1411 Quintium.

318 1419 405 1461 Hic
424 1435 594 1476 quoque
617 1437 780 1462 summe
802 1433 972 1464 constat
994 1423 1281 1479 procuratoris
1299 1421 1517 1478 diligentis
1539 1420 1747 1462 officium.

318 1476 486 1519 Debere
506 1479 584 1520 tibi
606 1479 713 1520 dicis
739 1480 994 1526 Quintium:
1027 1488 1277 1536 procurator
1295 1487 1439 1534 negat.
1479 1477 1637 1520 Vadari
1661 1477 1747 1518 vis:

269 1539 301 1590 J‘-
317 1535 545 1589 promittit.
606 1535 657 1576 In
690 1535 764 1590 jus
806 1551 959 1578 vocas:
1003 1537 1207 1592 sequitur.
1266 1535 1489 1578 Judicium
1530 1533 1746 1591 postulas:

248 1584 301 1622 02
316 1605 400 1632 non
425 1601 605 1633 recusat.
663 1592 780 1639 Quid
803 1593 917 1634 aliud
941 1593 996 1634 sit
1017 1594 1236 1634 absentem
1261 1592 1450 1643 defendi,
1470 1606 1553 1648 ego
1575 1605 1662 1633 non
1683 1590 1749 1632 in-

315 1648 473 1704 telligo.
533 1649 593 1690 At
623 1650 717 1704 quis
747 1660 838 1691 erat
868 1653 1144 1706 procurator?
1176 1649 1317 1691 Credo
1347 1649 1532 1704 aliquem
1559 1648 1748 1704 ejectum

314 1703 547 1756 hominem,
569 1716 783 1762 egentem,
808 1707 1061 1763 litigiosum,
1086 1707 1344 1763 improbum,
1366 1706 1440 1762 qui
1463 1714 1609 1762 posset
1631 1719 1749 1746 scur-

313 1775 370 1802 rae
393 1762 539 1803 divitis
564 1763 863 1818 quotidianum
891 1764 1136 1805 convicium
1162 1764 1384 1804 sustinere.
1445 1762 1566 1804 Nihil
1588 1761 1745 1803 minus.

315 1816 455 1874 Eques
483 1819 702 1861 Romanus
727 1820 931 1877 locuples,
955 1822 1017 1862 sui
1039 1821 1202 1878 negotii
1229 1821 1336 1862 bene
1358 1833 1530 1876 gerens:
1561 1818 1747 1874 denique

351 1977 390 2005 55
412 1977 616 2007 commissum
644 1978 729 2007 nihil
749 1978 826 2018 esse]
861 1979 1008 2010 Groevius
1049 1987 1117 2009 esse
1129 1978 1248 2010 lacuna
1268 1983 1343 2019 post
1358 1978 1502 2009 verterit.
1517 1986 1595 2008 nam
1609 1985 1676 2008 non
1692 1986 1747 2007 co-

309 2016 409 2048 edidit
434 2024 522 2049 estet.
566 2020 650 2050 Sane
674 2020 854 2051 infinitivus
880 2021 1006 2052 alienus
1049 2020 1177 2052 haerent
1201 2021 1372 2060 sequentia
1396 2020 1503 2057 dictis,
1530 2029 1590 2050 nec
1618 2022 1681 2056 est,
1706 2018 1749 2050 ad

310 2065 370 2089 est.
416 2060 502 2091 Nam
524 2068 573 2092 est
591 2062 674 2092 ratio
689 2062 819 2103 duplex,
834 2073 890 2103 per
907 2073 1003 2103 quain
1047 2063 1132 2102 quod
1154 2073 1289 2102 sequens
1304 2062 1447 2093 defensio
1459 2062 1632 2102 pertineat.

309 2100 432 2138 docuit,
453 2112 518 2133 non
534 2103 643 2139 fuisse,
658 2114 756 2142 quare
771 2105 1002 2144 possessionem
1089 2108 1129 2139 59
1150 2106 1206 2136 sed
1226 2115 1265 2135 ea:
1283 2105 1384 2135 edicto
1402 2103 1500 2144 suos.
1511 2102 1560 2145 j.]
1585 2103 1746 2141 Primum,

309 2141 471 2174 bonorum
487 2145 678 2185 postularet.
723 2147 831 2177 Prima
842 2152 906 2184 est,
923 2147 1005 2178 nihil
1048 2157 1088 2177 ex
1109 2147 1200 2178 abest
1213 2146 1284 2177 edd.
1302 2147 1356 2177 W.
1370 2146 1465 2177 Rom.
1478 2145 1534 2177 Br.
1548 2147 1638 2176 1480.
1650 2144 1747 2176 «lunt.

308 2183 501 2216 debebatur:
526 2187 641 2225 altera,
668 2188 692 2217 si
711 2188 900 2226 debebatur,
923 2189 1005 2220 nihil
1049 2193 1083 2219 et
1097 2189 1161 2219 Ms.
1178 2189 1239 2219 Dr.
1282 2189 1335 2219 Sic
1356 2188 1486 2220 volebat
1500 2187 1654 2228 cujacius
1667 2187 1747 2219 Obs.

308 2232 377 2257 erat
406 2229 628 2265 commissum,
659 2240 758 2269 quare
786 2231 882 2261 istam
907 2232 1006 2262 ratio·
1050 2231 1094 2267 X,
1117 2234 1168 2262 31.
1192 2236 1226 2262 et
1244 2231 1290 2261 sic
1304 2230 1406 2262 edidit
1422 2229 1578 2261 Graevius.
1594 2228 1676 2260 nihil
1696 2230 1746 2260 in-

309 2277 382 2315 irem
398 2277 569 2311 usurparet
585 2271 726 2303 Naevius.
771 2273 832 2303 Sed
851 2283 917 2303 non
932 2283 1003 2303 cor·
1044 2277 1146 2304 terest
1170 2273 1210 2304 ad
1236 2282 1378 2304 sensum.
1423 2271 1482 2303 Ex
1507 2276 1557 2302 est
1582 2271 1623 2302 ab
1650 2270 1745 2302 Aldo.

308 2319 411 2349 rugam
427 2317 516 2350 esset,
532 2323 645 2344 vei-um
659 2319 742 2344 erat.
787 2315 833 2345 Ut
849 2320 926 2345 ante
941 2321 1003 2352 est,
1046 2314 1130 2345 Mihi
1155 2320 1189 2346 et
1213 2325 1270 2345 suo
1302 2315 1479 2346 insititiam
1508 2313 1648 2344 videtur.
1683 2313 1747 2344 Sed

307 2353 392 2382 nihil
401 2354 593 2389 debebatur,·
610 2356 654 2386 sic
668 2355 730 2386 hoc
743 2357 826 2393 loco,
840 2358 924 2387 nihil
934 2362 1007 2387 erat
1049 2356 1229 2388 Lambinus
1249 2357 1363 2394 edidit,
1378 2361 1417 2387 ut
1435 2355 1540 2386 voluit
1559 2355 1747 2386 Hotoman-

308 2396 521 2426 commissum.
566 2397 704 2428 Librarii
720 2399 804 2429 male
821 2398 1007 2430 retulerunt
1050 2408 1129 2429 nus:
1152 2399 1209 2430 sed
1220 2409 1284 2430 non
1297 2409 1337 2429 ez·
1349 2399 1450 2429 edicto
1462 2407 1531 2435 suo,
1550 2398 1571 2428 i.
1586 2408 1614 2428 e.
1630 2402 1747 2428 contra

308 2434 370 2466 hoc
387 2440 544 2476 posterius
558 2441 598 2470 ad
611 2440 714 2470 docui.
1050 2441 1208 2478 edictum,
1231 2445 1270 2471 ut
1290 2450 1375 2481 saepe
1394 2441 1510 2471 Verres
1527 2439 1625 2470 fecit:
1647 2446 1747 2479 atque

351 2480 393 2509 56
410 2482 578 2520 possideri]
605 2483 657 2512 Sic
678 2489 763 2512 recte
783 2481 857 2512 libri
874 2482 1005 2522 quidam
1051 2482 1083 2512 id
1109 2489 1240 2514 secutus
1268 2487 1318 2514 est
1342 2482 1443 2514 Aldus
1465 2482 1540 2522 jun.
1575 2480 1626 2512 ed.
1656 2484 1745 2513 1480.

309 2530 371 2551 scr.
395 2520 428 2550 in
452 2522 500 2552 bis
525 2523 547 2553 1³
551 2533 636 2553 rane.
656 2534 714 2563 pro
729 2525 901 2563 possidere,
921 2524 1007 2563 quod
1048 2524 1239 2562 Locum,ut
1251 2534 1342 2555 nunc
1351 2529 1413 2562 est,
1426 2533 1493 2554 non
1506 2522 1667 2563 intelligo.
1691 2523 1747 2554 In-

311 2572 385 2592 cum
405 2563 532 2594 Graux-io
547 2567 649 2596 secuti
668 2576 790 2596 sumus.
835 2567 888 2596 Sic
907 2571 941 2597 et
957 2566 1004 2597 ed.
1049 2566 1230 2607 telligerem
1251 2567 1278 2597 si
1297 2571 1394 2604 esset,
1415 2565 1500 2606 quod
1512 2570 1638 2607 pretor
1646 2565 1745 2606 fieri,

309 2603 404 2635 Junt.
1047 2609 1104 2639 sed
1115 2615 1156 2640 ex
1169 2609 1270 2640 edicto
1271 2608 1354 2651 ,βοὴ
1359 2606 1508 2649 jubebat.

334 2650 391 2692 '57
415 2648 572 2687 Itaitarie]
600 2649 637 2679 ln
659 2649 765 2679 edicto
791 2650 1001 2689 sequebatur:
1089 2651 1130 2681 60
1158 2650 1239 2682 Oum
1273 2651 1495 2691 proscribebant
1505 2648 1535 2689 ?]
1580 2648 1633 2680 An
1668 2658 1744 2680 cum

308 2698 379 2728 ejus
394 2690 473 2718 bonu
483 2691 639 2729 possideri
654 2691 941 2733 vendiquejubeba.
1041 2693 1305 2732 proscripseras?
1329 2692 1402 2723 Hoc
1428 2695 1515 2722 certe
1537 2695 1669 2731 tempus
1695 2700 1745 2722 res

350 2734 389 2761 58
413 2731 572 2771 verterim]
598 2732 776 2763 Lambinus
802 2733 854 2764 hic
880 2733 1003 2774 aliquid
1046 2741 1080 2764 et
1093 2734 1240 2766 latinitas
1252 2734 1409 2775 postulat.
1424 2732 1592 2764 noninter
1606 2733 1744 2773 proscri-

303 2772 432 2807 inurit,
464 2780 629 2813 repertum
656 2775 696 2805 ab
726 2775 940 2806 Hotomanno
967 2776 1001 2806 in
1045 2775 1203 2813 bendum,
1229 2776 1284 2807 sed
1316 2776 1404 2807 sacta
1437 2774 1680 2816 proscriptione
1709 2779 1745 2809 et

309 2814 370 2844 ms:
420 2817 580 2845 (irum-ms
621 2815 701 2845 nihil
740 2817 847 2847 deesse
885 2823 999 2858 putat:
1045 2819 1191 2859 cog-nita,
1203 2817 1348 2850 defensio
1361 2817 1472 2858 coepit.

307 2867 359 2895 qur
371 2866 401 2886 m
415 2857 476 2887 xicl.
492 2858 516 2887 si
535 2858 650 2898 placet.
685 2858 767 2888 Mihi
784 2869 860 2889 sane
874 2859 1002 2891 videtur
1034 2858 1037 2861 ¹
