1907 3231
452 135 576 175 ACT.
605 135 657 175 ΙΙ.
691 134 876 174 LIBER
903 135 1180 176 QUINTUS.
1473 144 1550 179 415

108 239 362 296 turipinum,
396 239 677 292 navarchum,
712 256 800 283 non
835 255 961 297 posse
991 241 1291 292 animadverti,
1322 251 1552 299 propterea

106 297 219 351 quod
247 312 391 339 secum
414 296 566 338 fuisset
586 313 671 339 una
693 299 736 340 in
774 299 1060 355 Centuripina
1092 300 1367 354 quadriremi.
1430 302 1555 348 Quid.

105 358 239 411 ergo?
271 356 349 396 iste
368 355 498 395 homo
521 369 575 396 ex
598 356 812 411 ejusmodi
843 357 1032 408 civitate,
1055 357 1301 398 adolescens
1333 358 1550 399 nobilissi-

103 426 216 463 mus,
238 413 359 453 testis
391 411 682 467 relinquetur?
742 414 794 456 In
830 415 1072 470 praesentia,
1105 415 1246 470 inquit
1278 414 1548 466 Cleomenes,

105 470 311 524 quoniam
330 470 390 510 ita
411 484 584 511 necesse
602 481 687 513 est:
720 473 792 513 sed
816 482 914 529 post
934 472 1096 528 aliquid
1118 472 1374 523 videbimus,
1397 487 1450 512 ne
1466 473 1546 514 iste

104 527 231 568 nobis
254 528 425 568 obstare
448 529 598 583 possit.
660 528 772 570 Haec
795 539 1075 586 posteaquam
1102 540 1200 571 acta
1220 540 1263 571 et
1292 530 1625 581 constituta,41

106 593 220 636 sunt,
244 585 440 641 procedit
470 586 550 627 iste
573 597 749 642 repente
772 602 795 628 e
819 589 1037 643 praetorio,
1061 588 1353 629 inflammatus
1375 587 1545 639 scelere,
1560 603 1633 636 106

101 640 260 694 furore,
279 642 547 684 crudelitate.
569 644 613 685 in
637 644 776 685 forum
799 645 941 687 venit:
975 646 1212 687 navarchos
1233 645 1378 687 vocari
1401 645 1546 701 jubet.

106 698 194 746 Qui
216 700 324 741 nihil
357 711 613 753 metuerent,
639 702 745 743 nihil
778 703 1111 758 suspicarentur,
1134 703 1280 745 statim
1301 713 1547 744 accurrunt.

102 755 191 798 Iste
213 757 463 799 hominibus
496 760 662 800 miseris
694 760 1086 816 innocentibusque
1119 760 1240 817 injici
1263 771 1436 803 catenas
1467 761 1548 801 im-

101 825 238 870 perat.
298 817 338 847 22
357 815 593 872 Implorare
626 816 685 856 illi
723 817 850 857 fidem
886 818 1097 872 praetoris,
1120 829 1178 869 et,
1208 833 1339 873 quare
1365 819 1408 859 id
1431 819 1547 860 face-

99 881 179 924 ret,
200 888 367 930 rogare.
427 873 550 915 Tunc
572 875 652 914 iste
673 874 756 915 hoc
787 889 928 915 causae
948 874 1069 925 dicit,
1091 876 1207 931 quod
1229 876 1407 917 classem
1436 891 1547 933 prae-

99 929 287 972 donibus
337 931 641 988 prodidissent.
719 931 789 972 Fit
828 932 990 973 clamor
1030 942 1074 973 et
1115 934 1343 974 admiratio
1380 935 1545 989 populi,

101 997 266 1030 tantam
280 1004 371 1030 esse
393 990 436 1029 in
451 989 626 1031 homine
649 988 963 1044 impudentiam
979 1000 1108 1045 atque
1124 991 1362 1041 audaciam,
1382 1000 1430 1032 ut
1451 991 1544 1032 aliis

100 1055 273 1088 causam
304 1046 561 1088 calamitatis
598 1047 868 1099 attribueret,
901 1062 998 1102 quae
1026 1049 1165 1089 omnis
1198 1058 1375 1105 propter
1406 1049 1547 1090 avari-

99 1103 203 1145 tiam
228 1104 361 1160 ipsius
381 1104 632 1146 accidisset:
666 1113 754 1155 aut,
777 1120 876 1146 cum
900 1105 990 1160 ipse
1022 1107 1275 1162 praedonum
1300 1107 1440 1148 socius
1463 1121 1543 1162 pu-

99 1170 275 1213 taretur,
298 1161 392 1203 aliis
415 1162 673 1219 proditionis
696 1162 859 1203 crimen
885 1163 1088 1205 inferret:
1122 1164 1290 1215 deinde,
1311 1165 1394 1205 hoc
1415 1164 1541 1220 quin-
1553 1189 1583 1222 b·

101 1219 317 1261 todecimo
359 1221 430 1261 die
466 1219 630 1261 crimen
663 1234 753 1260 esse
786 1230 950 1271 natum,
985 1231 1214 1277 postquam
1250 1221 1396 1263 classis
1428 1230 1540 1263 esset

94 1276 265 1319 amissa.
327 1277 441 1319 Cum
470 1277 566 1318 haec
590 1277 754 1329 fierent,
778 1280 1065 1333 quaerebatur,
1091 1280 1164 1320 ubi
1197 1289 1309 1321 esset
1340 1279 1539 1321 Cleome-
1553 1291 1628 1330 107

96 1337 201 1376 nes?
231 1338 271 1367 23
285 1351 371 1377 non
403 1350 489 1391 quo
521 1335 640 1376 illum
663 1335 819 1390 ipsum,
842 1338 882 1366 24
899 1336 1142 1391 cujusmodi
1165 1346 1290 1388 esset,
1312 1338 1540 1393 quisquam

97 1391 327 1448 supplicio,
343 1404 519 1450 propter
538 1393 639 1434 illud
654 1393 995 1444 incommodum,
1011 1394 1192 1451 dignum
1216 1404 1405 1451 putaret:
1439 1410 1541 1436 nam

94 1450 200 1505 quid
235 1450 488 1492 Cleomenes
519 1450 659 1491 facere
696 1451 867 1506 potuit?
897 1455 1004 1503 (non
1034 1452 1150 1492 enim
1183 1467 1358 1508 possum
1392 1468 1543 1508 quem-

96 1521 226 1562 quam
271 1507 518 1549 insimulare
560 1507 703 1558 falso.)
736 1508 855 1563 quid,
887 1508 1077 1564 inquam,
1108 1525 1373 1566 magnopere
1415 1511 1544 1552 Cleo-

94 1579 241 1606 menes
281 1565 423 1608 facere
461 1566 618 1619 potuit,
661 1564 784 1607 istius
835 1567 1016 1608 avaritia
1060 1568 1242 1608 navibus
1281 1568 1541 1610 exinanitis?

95 1622 241 1678 Atque
262 1638 360 1665 eum
382 1624 532 1666 vident
553 1624 697 1664 sedere
719 1624 772 1665 ad
793 1623 904 1665 latus
927 1626 1140 1680 praetoriS‚
1162 1635 1206 1666 et
1227 1625 1281 1666 ad
1311 1640 1458 1667 aurem
1478 1625 1542 1667 fa-

93 1681 333 1733 miliariter,
356 1691 404 1723 ut
435 1681 585 1723 solitus
607 1691 712 1732 erat,
735 1682 1012 1725 insusurrare.
1071 1682 1184 1724 Tum
1214 1698 1315 1725 vero
1338 1684 1540 1725 omnibus

95 1737 447 1795 indignissimum
482 1739 620 1780 visum
650 1749 729 1790 est,
759 1739 957 1781 homines
998 1740 1341 1792 honestissimos,
1379 1742 1540 1783 electos

94 1810 149 1837 ex
177 1797 264 1838 suis
291 1798 557 1848 civitatibus,
589 1797 632 1838 in
665 1796 824 1838 ferrum
855 1808 983 1853 atque
1016 1799 1059 1840 in
1091 1798 1262 1841 vincula
1291 1799 1539 1855 conjectos:

95 1852 389 1907 Cleomenem,
412 1864 589 1912 propter
610 1855 877 1911 flagitiorum
900 1871 950 1897 ac
973 1856 1253 1912 turpitudinis
1270 1857 1537 1908 societatem,

94 1910 476 1954 familiarissimum
498 1927 590 1953 esse
612 1914 824 1969 praetoris,
883 1913 1134 1970 Apponitur
1156 1915 1222 1955 his
1246 1925 1389 1955 tamen
1411 1929 1537 1956 accu-
1554 1936 1627 1972 108

94 1979 210 2011 sator
245 1971 425 2012 Naevius
455 1970 619 2026 Turpio
661 1971 851 2026 quidam,
879 1973 918 2002 25
933 1972 1042 2027 [qui,
1082 1972 1134 2013 C.
1168 1972 1400 2013 Sacerdote
1428 1988 1539 2029 prae-

93 2036 199 2079 tore,
231 2029 487 2085 injuriarum
525 2028 751 2069 damnatus
783 2029 881 2082 est,]
916 2030 1052 2071 'homo
1088 2030 1196 2071 bene
1230 2030 1454 2086 appositus
1484 2030 1539 2072 ad

94 2083 218 2127 istius
240 2087 490 2128 audaciam:
523 2100 652 2141 quem
683 2085 764 2127 iste
794 2087 837 2128 in
868 2088 1075 2138 decumis,
1102 2088 1149 2128 in
1185 2088 1311 2129 rebus
1341 2087 1538 2144 capitali—

94 2143 188 2194 bus,
215 2145 260 2185 in
299 2145 418 2186 omni
469 2143 698 2194 calumnia,
731 2159 1040 2200 praecursorem
1093 2145 1250 2186 habere
1288 2145 1454 2187 solebat
1493 2154 1540 2186 et

91 2201 376 2243 emissarium.
428 2202 621 2243 Veniunt
645 2202 877 2257 Syracusas
897 2213 1094 2258 parentes
1117 2203 1435 2259 propinquique
1456 2204 1536 2244 mi-
1549 2205 1618 2252 42

92 2273 282 2300 serorum
306 2260 660 2310 adolescentium,
686 2260 766 2301 hoc
790 2261 1015 2316 repentino
1037 2261 1294 2302 calamitatis
1317 2276 1404 2302 suae
1419 2276 1540 2302 com-

90 2317 199 2358 moti
219 2319 394 2360 nuntio:
429 2318 597 2359 vinctos
629 2317 875 2373 adspiciunt
905 2319 1068 2359 catenis
1104 2319 1261 2359 liberos
1295 2334 1408 2370 suOS‚
1442 2334 1543 2361 cum

91 2375 214 2417 istius
247 2377 441 2418 avaritiae
479 2390 658 2432 poenam
694 2375 804 2417 collo
827 2386 870 2416 et
892 2377 1133 2418 cervicibus
1153 2376 1239 2418 suis
1268 2376 1541 2418 sustinerent.

133 2520 175 2551 ‘22
198 2519 298 2560 Impl.
316 2520 420 2560 fidem
440 2519 607 2560 proetoris]
634 2519 686 2549 Sic
709 2517 795 2549 edidi
839 2522 982 2555 vero‚ut
997 2518 1068 2549 aliis
1083 2518 1175 2550 locis.

92 2561 186 2592 eMs.
210 2563 325 2602 Cujac.
347 2569 382 2593 et
408 2563 472 2592 Gu.
519 2563 559 2593 In
575 2562 646 2593 edd.
673 2572 722 2602 pr.
745 2566 796 2591 est
881 2563 922 2592 24
945 2560 1128 2602 cujusmodi
1151 2561 1244 2601 esset]
1269 2561 1291 2592 i.
1313 2573 1342 2592 e.
1365 2561 1539 2604 cujuscun-

93 2604 128 2634 1².
145 2603 186 2635 R.
201 2605 288 2644 quod
302 2611 335 2635 et
349 2605 426 2635 alibi
441 2611 492 2636 est
507 2616 568 2646 pro
580 2606 644 2636 PR.
660 2614 709 2635 res
726 2605 796 2644 ipsa
838 2613 899 2643 que
915 2605 1013 2640 modi,
1029 2605 1090 2634 nisi
1105 2610 1140 2635 et
1156 2604 1286 2644 scripsit
1300 2604 1415 2635 Cicero
1429 2605 1539 2646 cujus-

92 2646 189 2677 docet
202 2647 252 2678 ita
270 2648 367 2678 scribi
390 2648 524 2686 debere3
549 2648 636 2688 quod
653 2653 686 2678 et
703 2648 794 2677 Grae-
838 2645 1034 2687 cujusmodi,
1058 2653 1097 2677 ut
1113 2647 1148 2677 P.
1172 2647 1326 2677 Manutio
1348 2647 1537 2684 videbatur:

91 2690 162 2719 vius
176 2690 339 2728 agnoscit:
355 2697 467 2730 estque
480 2691 603 2731 pariter
612 2690 752 2721 sic-infra
765 2700 793 2719 c.
837 2690 873 2719 in
897 2699 961 2728 quo
983 2696 1092 2720 vetere
1107 2689 1205 2720 modo
1229 2699 1325 2731 cujus
1342 2690 1443 2727 semel
1464 2697 1539 2721 tan·
1561 2725 1566 2727 Δ

91 2740 158 2771 seq.
168 2732 278 2774 fidem
301 2737 409 2770 tuam,
431 2743 503 2773 quoe
523 2743 687 2774 nusquam
707 2738 794 2769 erat,
837 2737 910 2761 tum
925 2732 1085 2772 seriptum
1107 2735 1210 2763 esset:
1237 2733 1294 2764 sed
1309 2737 1344 2763 et
1358 2730 1542 2774 mjmmodi

91 2775 286 2815 implorant.
838 2774 884 2804 sic
907 2773 1036 2804 dicitur.
1373 2794 1383 2817 '.

134 2819 175 2848 93
198 2826 263 2847 non
277 2828 338 2857 quo
354 2817 429 2857 &c.]
457 2818 518 2849 Est
532 2818 587 2849 bic
601 2818 708 2849 oratio
725 2818 797 2847 ἀναι-
882 2819 922 2847 95
945 2818 1012 2856 qni,
1035 2816 1068 2847 C.
1086 2817 1366 2857 Sacerdote-est]
1393 2817 1468 2847 Hoc
1477 2827 1543 2857 ¹pro

92 2859 239 2893 κὸλκθοςε
271 2861 337 2891 sive
363 2860 478 2891 Cicero
500 2861 567 2901 ipse
594 2862 698 2892 talem
727 2870 796 2890 esse
840 2859 964 2899 spuri0‚
989 2860 1082 2890 uncis
1104 2860 1233 2891 inclusi.
1280 2860 1341 2890 Est
1355 2860 1545 2902 enimsine

89 2903 207 2941 voluit,
235 2903 302 2934 sive
327 2901 457 2935 excidit.
483 2904 590 2945 Atque
619 2909 669 2935 est
691 2903 797 2935 enim-
840 2901 941 2934 dubio
956 2913 973 2933 e
990 2909 1070 2934 nota
1085 2908 1198 2934 ortum
1213 2914 1229 2934 e
1246 2902 1293 2940 11,
1310 2905 1341 2933 8.
