1907 3231
633 137 835 176 ACTIO
874 135 1105 175 PRIMA.
1503 141 1576 178 109

149 242 378 286 violatam?
406 240 529 296 cujus
558 240 719 297 legatio
741 240 923 282 exitium
955 239 1038 281 fuit
1061 230 1342 280 Asiae'totius
1373 247 1416 279 et
1448 239 1576 283 Pam·

144 300 314 357 philiae:
346 299 501 354 quibus
523 298 566 339 in
588 298 821 354 provinciis
848 298 1002 339 multas
1024 297 1189 347 domos,
1211 296 1412 352 plurimas
1434 299 1574 350 urbes,

145 357 291 399 omnia
320 355 419 397 fana
447 355 722 411 depeculatus
743 364 821 406 est,
842 370 940 396 cum
965 355 1008 396 in
1032 354 1113 395 Cn.
1138 353 1406 395 Dolabellam
1438 355 1572 395 scelus

146 428 269 455 suum
299 412 402 454 illud
435 413 664 469 pristinum
684 412 907 453 renovavit
927 421 971 453 et
992 410 1245 452 instauravit
1265 411 1543 465 quaestorium
1560 429 1569 453 x

143 486 242 512 cum
272 484 384 522 eum,
410 470 480 511 cui
511 469 676 525 legatus
706 478 750 510 et
779 484 856 525 pro
887 478 1099 525 quaestore
1129 467 1293 517 fuisset,
1314 476 1357 507 et
1387 467 1431 507 in
1462 468 1573 507 invi-

143 528 259 569 diam
281 527 366 568 suis
386 526 607 568 maleficiis
629 527 824 577 adduxit,
847 535 890 567 et
912 527 954 567 in
977 526 1078 582 ipsis
1105 524 1303 581 periculis
1324 538 1411 564 non
1433 524 1569 565 solum

143 584 344 635 deseruit,
366 584 439 625 sed
459 584 589 624 etiam
611 584 881 640 oppugnavit
901 599 950 624 ac
972 582 1175 639 prodidit.
1227 581 1362 637 Cujus
1384 591 1571 637 praetura
1585 584 1632 619 12

143 642 319 692 urbana,
343 644 381 673 12
396 641 554 682 aedium
575 656 788 682 sacrarum
811 640 893 681 fuit
923 640 1278 697 publicorumque
1299 653 1477 695 operum
1497 639 1570 680 de-

141 698 391 756 populati03
423 698 548 739 simul
578 698 623 739 in
647 698 747 753 jure
776 698 978 748 dicundo,
1002 699 1212 739 bonorum
1234 696 1614 753 possessionum-b.

141 770 239 811 que,
261 765 413 796 contra
433 756 626 796 omnium
649 756 860 806 instituta,
878 754 1082 805 addictio,
1101 763 1144 794 et
1165 753 1439 795 condonatio.
1471 753 1572 795 Jam

141 827 242 854 vero
264 813 458 853 omnium
480 813 684 853 vitiorum
715 827 888 852 suorum
920 811 1104 868 plurima
1124 820 1167 851 et
1198 810 1389 851 maxima
1410 811 1578 851 consti-

141 870 226 910 tuit
254 879 534 910 monumenta
555 879 598 910 et
628 869 787 910 indicia
812 869 856 909 in
887 868 1110 924 provincia
1142 867 1312 919 Sicilia3
1343 882 1471 922 quam
1494 868 1576 908 iste

140 941 217 983 per
237 927 468 968 triennium
492 927 552 967 ita
572 927 747 967 vexavit
767 941 816 967 ac
838 925 1039 982 perdidit,
1060 934 1108 966 ut
1129 939 1179 965 ea
1199 924 1366 966 restitui
1397 925 1440 965 in
1463 925 1574 965 anti-

140 998 274 1039 quum
295 993 453 1025 statum
476 983 592 1024 nullo
612 984 742 1024 modo
764 983 926 1040 possit;
957 983 1031 1024 vix
1054 991 1197 1024 autem
1219 996 1294 1038 per
1313 982 1471 1022 multos
1497 997 1573 1022 an-

140 1056 234 1092 nOS,
273 1041 608 1096 innocentesque
645 1050 850 1097 praetores
881 1041 1023 1096 aliqua
1052 1055 1105 1080 ex
1136 1049 1257 1096 parte
1286 1039 1464 1080 recreari
1495 1039 1572 1081 ali-

141 1098 312 1154 quando
333 1112 459 1155 posse
480 1099 688 1140 videatur.
749 1098 849 1140 Hoc
871 1107 1055 1154 praetore
1079 1097 1211 1139 Siculi
1232 1110 1369 1152 neque
1397 1111 1492 1137 suas
1512 1096 1570 1138 le·
1585 1102 1632 1137 13

139 1170 229 1212 ges,
251 1169 389 1211 neque
410 1164 555 1197 nostra
576 1155 957 1206 senatusconsulta,
976 1169 1114 1210 neque
1132 1154 1378 1196 communia
1391 1153 1492 1209 jura
1510 1162 1573 1194 te-

139 1223 340 1254 nuerunt.
362 1221 530 1254 tantum
553 1213 732 1268 quisque
753 1213 885 1254 habet
905 1213 949 1253 in
972 1212 1131 1263 Sicilia,
1153 1219 1362 1267 quantum
1385 1211 1573 1252 hominis

140 1269 377 1311 avarissimi
400 1279 443 1311 et
468 1270 806 1311 libidinosissimi
837 1278 911 1310 aut
940 1269 1272 1325 imprudentiam
1296 1267 1571 1324 subterfugit,

139 1336 214 1368 aut
249 1328 437 1368 satietati
473 1327 698 1383 superfuit.
761 1326 890 1367 Nulla
920 1340 984 1366 res
1016 1340 1092 1382 per
1122 1326 1368 1376 triennium,
1398 1325 1479 1366 nisi
1518 1325 1619 1376 ad5

139 1393 293 1426 nutum
315 1385 453 1435 istius,
477 1384 675 1439 judicata
695 1393 783 1426 est:
815 1383 931 1424 nulla
953 1398 1018 1423 res
1040 1393 1128 1423 tam
1159 1383 1299 1439 patria
1318 1381 1572 1437 cujusquam

139 1451 268 1498 atque
288 1441 405 1482 avita
425 1441 522 1493 fuit,
544 1456 640 1497 quae
671 1456 756 1481 non
780 1442 834 1482 ab
856 1455 922 1492 eo,
944 1441 1125 1496 imperio
1147 1440 1284 1490 istius,
1306 1440 1375 1494 abj
1385 1440 1576 1480 udicare-

140 1508 222 1540 tur.
283 1498 621 1540 Innumerabiles
644 1498 838 1554 pecuniae
861 1512 915 1538 ex
938 1507 1154 1539 aratorum
1178 1497 1301 1538 bonis
1323 1511 1437 1537 novo
1458 1496 1594 1548 nefa--

139 1556 288 1612 rioque
309 1556 508 1597 instituto
530 1565 693 1597 coactae
711 1573 720 1597 :
744 1555 849 1596 socii
873 1555 1108 1596 fidelissimi
1129 1555 1171 1595 in
1191 1554 1381 1595 hostium
1399 1568 1577 1595 numero

138 1614 402 1656 existimati:
434 1614 548 1655 cives
581 1612 769 1654 Romani
803 1612 997 1654 servilem
1033 1613 1078 1653 in
1116 1612 1293 1653 modum
1325 1612 1502 1652 cruciati
1535 1620 1579 1652 et

137 1671 305 1713 necati:
338 1670 533 1712 homines
564 1670 859 1712 nocentissimi
891 1678 1067 1726 propter
1098 1669 1300 1726 pecunias
1324 1668 1493 1724 judicio
1526 1669 1580 1710 li-

138 1728 299 1770 berati:
332 1728 621 1769 honestissimi
657 1737 786 1783 atque
818 1727 1099 1783 integerrimi,
1136 1728 1333 1767 absentes
1364 1726 1425 1766 rei
1456 1725 1576 1777 facti,

138 1786 303 1827 indicta
324 1800 452 1826 causa
472 1785 662 1826 damnati
684 1796 728 1826 et
757 1784 910 1840 ejecti:
943 1794 1092 1840 portus
1122 1783 1413 1833 munitissimi,
1437 1784 1578 1824 maxi-

136 1857 220 1884 mae
244 1843 556 1898 tutissimaeque
586 1843 711 1883 urbes
742 1842 892 1898 piratis
923 1841 1286 1898 praedonibusque
1316 1840 1573 1897 patefactae:

137 1911 280 1941 nautae
304 1900 546 1955 militesque
569 1899 825 1950 Siculorum,
848 1899 954 1940 socii
977 1898 1111 1939 nostri
1135 1907 1264 1953 atque
1294 1898 1436 1949 amici,
1459 1897 1572 1939 fame

135 1956 302 1998 necati:
334 1957 488 1998 classes
518 1957 695 2013 optimae
726 1965 855 2012 atque
885 1956 1262 2012 opportunissimae
1285 1970 1381 1997 cum
1414 1969 1572 2010 magna

135 2014 376 2070 ignominia
413 2015 561 2071 populi
596 2014 781 2055 Romani
812 2014 979 2054 amissae
1010 2022 1053 2054 et
1084 2014 1278 2069 perditae.
1340 2012 1458 2053 Idem
1490 2013 1570 2053 iste
1585 2025 1631 2060 14

137 2081 296 2128 praetor
316 2081 597 2112 monumenta
616 2071 914 2126 antiquissima
938 2071 1094 2127 partim
1116 2085 1265 2126 regum
1288 2069 1571 2126 locupletissi-

137 2143 320 2180 morum,
341 2144 438 2184 quae
470 2129 529 2170 illi
552 2131 587 2159 13
602 2137 853 2169 ornamento
876 2128 1052 2169 urbibus
1083 2142 1173 2168 esse
1204 2127 1443 2177 voluerunt,
1475 2141 1571 2182 par-

137 2186 214 2227 tim
239 2187 368 2227 etiam
392 2196 635 2227 nostrorum
656 2186 977 2242 imperatorum,
999 2200 1095 2240 quae
1118 2185 1301 2226 victores
1321 2184 1569 2225 civitatibus

137 2243 292 2285 Siculis
323 2253 397 2284 aut
428 2244 652 2294 dederunt,
667 2252 741 2283 aut
771 2243 1060 2293 reddiderunt,
1092 2244 1127 2272 ¹4
1141 2242 1342 2298 spoliavit
1371 2241 1570 2282 nudavit-

135 2315 219 2356 que
249 2301 408 2342 omnia.
471 2301 624 2355 Neque
654 2299 736 2341 hoc
776 2299 912 2340 solum
951 2300 995 2340 in
1033 2299 1184 2340 statuis
1223 2299 1569 2353 ornamentisque
1580 2320 1612 2351 p.
1627 2314 1680 2349 93,

137 2357 321 2415 publicis
344 2358 461 2409 fecit,
481 2359 553 2399 sed
575 2358 704 2398 etiam
726 2357 902 2397 delubra
919 2357 1078 2406 omnia,
1097 2355 1376 2396 sanctissimis
1399 2355 1569 2411 religio·
1581 2365 1615 2386 a.

137 2416 263 2456 nibus
296 2425 558 2466 consecrata,
588 2415 863 2470 depeculatus
896 2423 985 2455 est:
1018 2414 1146 2454 deum
1183 2412 1368 2468 denique
1407 2413 1571 2454 nullum

139 2472 307 2523 Siculis,
339 2472 412 2527 qui
443 2474 482 2513 ei
517 2472 645 2529 paulo
667 2471 805 2528 magis
836 2471 997 2512 affabre
1028 2480 1156 2525 atque
1187 2470 1366 2524 antiquo
1389 2469 1573 2511 artificio

136 2529 275 2572 factus
298 2530 526 2581 videretur,
548 2529 734 2585 reliquit.
797 2528 848 2569 In
871 2528 1028 2584 stupris
1053 2542 1150 2569 vero
1173 2535 1216 2567 et
1247 2526 1424 2582 flagitiis
1454 2526 1573 2569 nefa-

180 2688 216 2717 12
238 2687 354 2716 oedizcm
368 2685 652 2725 s.-—depopulacio]
680 2685 761 2716 Hoec
786 2695 834 2716 re·
922 2687 960 2715 14
971 2684 1121 2724 spoliavit
1133 2683 1333 2724 nudavitque
1345 2683 1469 2723 omnia]
1486 2684 1577 2724 Quo-

133 2729 284 2759 feruntur
306 2728 346 2758 ad
367 2738 418 2764 ea,
438 2738 509 2767 quae
530 2728 568 2759 L.
589 2729 615 2759 1.
638 2729 672 2758 in
694 2728 783 2759 Verr.
806 2738 833 2757 e.
878 2727 974 2757 modo
1002 2726 1141 2757 nudavit
1164 2727 1319 2757 statuas?
1354 2736 1430 2757 nam
1458 2726 1497 2756 de
1526 2727 1577 2757 his

132 2773 182 2801 50.
197 2780 222 2807 s,
237 2776 424 2800 narrantur.
877 2778 983 2800 sermo
997 2773 1057 2799 est.
1102 2768 1239 2809 Opinor,
1254 2769 1341 2808 quod
1352 2769 1386 2799 in
1400 2768 1472 2799 aliis
1486 2767 1578 2799 bases

181 2815 217 2843 13
240 2817 428 2843 ornamento
441 2822 505 2842 esse
518 2822 551 2842 u.
566 2811 611 2851 v.]
637 2812 701 2842 Ms.
719 2812 830 2843 Frane.
876 2811 978 2842 nudas
994 2810 1139 2850 reliquit,
1155 2811 1227 2841 aliis
1241 2811 1396 2847 detraxit,
1411 2820 1486 2850 quae
1507 2820 1578 2840 ma-

133 2859 336 2885 ormzmenta.
360 2864 424 2884 non
440 2854 538 2892 male,
556 2864 632 2886 nam
648 2863 681 2885 et
696 2865 771 2885 mox
785 2865 835 2884 or-
877 2862 922 2883 uu
945 2853 1130 2893 gestabant,
1145 2858 1183 2884 ut
1203 2856 1325 2884 statuae
1339 2853 1467 2886 Cereris
1478 2853 1578 2883 simu-

135 2901 289 2929 namenta
300 2897 441 2936 publiea.
879 2896 1001 2927 lacrum
1017 2895 1169 2926 Victoriae
1186 2895 1243 2933 lv,
1259 2898 1310 2928 49.
