1907 3231
571 87 636 124 IN
662 86 708 126 L.
742 86 1094 125 CATILINAM.
1477 86 1559 128 657‘

110 188 342 231 verendum
367 205 452 232 non
475 200 580 241 erat,
614 206 667 232 ne
689 191 807 247 quid,
830 191 915 232 hoc
935 191 977 221 66
989 189 1203 247 parricida
1225 189 1384 230 civium
1420 188 1552 230 inter-

109 245 241 298 fecto,
263 247 437 289 invidiae
458 248 603 289 mihi
594 263 637 289 in
660 249 958 304 posteritatem
981 247 1252 288 redunda1et.
1314 247 1482 293 Quodsi
1503 261 1554 288 ea

109 303 216 344 mihi
240 305 429 346 maxime
451 305 741 361 impenderet3
774 316 917 347 tamen
941 305 1024 346 hoc
1045 305 1190 346 animo
1214 318 1380 360 semper
1403 303 1479 355 fui,
1505 314 1552 345 ut

109 357 318 402 invidiam
354 363 512 402 virtute
547 372 728 418 par,tam
761 363 960 428 gloriam,
982 377 1068 403 non
1102 361 1308 403 invidiam
1339 372 1550 417 putarem.

111 417 387 482 Quamquam
412 420 606 460 nonnulli
639 431 739 462 sunt
770 422 810 461 in
838 421 922 461 hoc
951 418 1119 470 ordine,
1155 419 1227 474 qui
1259 428 1332 458 aut
1357 433 1420 468 ea,
1452 423 1615 473 quae30

110 473 353 529 imminent,
387 491 473 517 non
507 477 702 519 videant:
735 488 809 519 aut
834 494 899 530 ea,
928 493 1025 533 quae
1061 477 1223 527 vident,
1258 475 1549 517 dissimulent.

111 532 185 595 qui
220 547 338 588 spem
374 533 577 576 Catilinae
612 535 814 576 mollibus
851 535 1074 576 sententiis
1110 534 1321 584 aluerunt,
1352 532 1553 588 conjura-

112 589 363 645 tionemque
386 602 631 637 nascentem
655 607 742 633 non
765 593 980 634 credendo
1011 593 1413 633 corroboraverunt.
1445 605 1556 645 quo-

111 660 205 687 rum
231 649 534 689 auctoritatem
566 651 702 691 secuti
733 650 874 700 multi,
897 664 983 690 non
1008 649 1145 689 solum
1170 648 1373 704 improbi,
1405 661 1553 688 verum

110 703 240 745 etiam
265 705 470 761 imperiti,
487 707 522 747 si
545 707 587 747 in
612 707 728 748 hunc
743 707 1156 757 animadvertissem,
1175 706 1404 747 crudeliter
1425 715 1469 745 et
1491 719 1555 746 re-

110 760 182 816 gie
208 761 370 803 factum
403 778 496 804 esse
527 764 733 808 dicerent.
795 764 925 804 Nunc
956 738 1168 819 intelligo,
1198 763 1231 803 si
1265 763 1358 814 iste,
1381 778 1468 819 quo
1491 763 1598 803 in-b-

110 818 264 870 tendit,
288 820 330 860 in
357 820 582 862 Manliana
614 831 755 862 castra
786 821 1044 877 pervenerit,
1081 820 1297 861 neminem
1330 831 1417 861 tam
1452 820 1556 861 stul-

107 883 201 917 tum
224 876 329 928 fore,
352 879 425 933 qui
449 893 534 919 non
557 878 701 919 videat
723 878 1070 934 conjurationem
1099 892 1190 919 esse
1213 876 1388 929 factam,
1422 878 1556 918 nemi-

108 947 208 974 nem
233 943 319 975 tam
342 935 606 991 improbum,
625 936 699 990 qui
723 951 807 976 non
833 935 1032 976 fateatur.
1096 935 1196 976 Hoc
1216 944 1357 975 autem
1384 949 1468 975 uuo
1492 936 1556 975 in-

109 990 309 1055 terfecto‚
333 992 529 1048 intelligo
552 992 664 1034 hanc
686 993 937 1049 reipublicae
962 1002 1125 1049 pestem
1159 992 1391 1048 paullisper
1421 994 1556 1048 repri-

108 1048 184 1100 mi,
210 1063 294 1090 non
314 1049 357 1090 in
380 1059 636 1106 perpetuum
654 1065 882 1106 comprimi
909 1065 1046 1106 posse.
1081 1075 1089 1079 -
1109 1050 1277 1096 Quodsi
1297 1064 1341 1091 se
1363 1049 1554 1104 ejeceiit‚

108 1119 342 1161 secumque
364 1121 462 1147 suos
484 1107 698 1159 eduxerit,
717 1119 760 1149 et
778 1109 928 1149 eodem
949 1117 1114 1148 ceteros
1138 1107 1327 1163 undique
1349 1107 1554 1149 collectos

105 1163 145 1195 67
156 1162 390 1220 naufragos
412 1166 739 1221 aggregaverit:
763 1166 1067 1222 exstinguetur
1080 1176 1210 1220 atque
1232 1165 1445 1206 delebitur
1464 1180 1553 1206 non

107 1220 239 1262 modo
262 1196 357 1262 haec
377 1230 465 1262 tam
471 1198 620 1263 e'adult
610 1239 634 1263 a
656 1200 937 1279 reipublicaeD
928 1222 1080 1286 pestis,
1098 1237 1247 1263 verum
1269 1223 1398 1263 etiam
1424 1223 1552 1278 stirps

108 1292 159 1318 ac
181 1292 326 1319 semen
359 1278 569 1320 malorum
593 1295 803 1321 omnium.
865 1279 1038 1321 Etenim
1062 1279 1250 1335 jamdiu,
1273 1289 1416 1336 patres
1448 1282 1636 1329 con-13

109 1335 274 1391 scripti,
299 1337 339 1376 in
363 1336 430 1377 his
453 1337 655 1393 periculis
686 1338 1000 1393 conjurationis
1033 1338 1286 1392 insidiisque
1310 1352 1550 1379 versamur.
1564 1354 1611 1387 31

106 1393 196 1444 sed,
218 1394 364 1434 nescio
393 1409 480 1449 quo
508 1405 670 1458 pacm,
683 1396 877 1436 omnium
911 1395 1119 1436 scelerum
1141 1409 1191 1435 ac
1215 1395 1370 1436 veteris
1396 1395 1553 1436 furoris

108 1459 154 1490 et
174 1450 367 1492 audaciae
398 1452 624 1492 matuiitas
662 1452 702 1492 in
738 1453 873 1493 nostri
907 1451 1155 1492 consulatus
1193 1461 1364 1509 tempus
1396 1452 1554 1508 erupit

113 1507 245 1554 Quod
269 1508 302 1548 si
325 1523 379 1549 ex
416 1518 537 1549 tanto
566 1509 795 1550 latrocinio
827 1510 907 1550 iste
942 1523 1050 1549 unus
1083 1508 1280 1562 tolletur3
1315 1510 1558 1551 videbimur

108 1564 293 1606 fortasse
314 1566 366 1606 ad
400 1567 528 1607 breve
562 1567 780 1622 quoddam
806 1576 973 1623 tempus
1006 1580 1108 1607 cura
1130 1576 1173 1607 et
1196 1576 1314 1608 metu
1337 1582 1428 1608 esse
1454 1568 1559 1608 lele-

109 1622 220 1665 vati:
253 1623 490 1688 periculum
514 1635 657 1665 autem
678 1625 897 1675 residebit,
917 1634 961 1665 et
980 1623 1062 1664 erit
1084 1624 1297 1665 inclusum
1322 1625 1492 1681 penitus
1516 1625 1559 1665 in

109 1681 231 1722 venis
260 1689 390 1735 atque
421 1681 464 1721 in
499 1681 733 1723 visceribus
778 1657 1045 1738 1eip1iblicae.
1109 1681 1169 1723 Ut
1211 1697 1327 1738 saepe
1363 1682 1560 1723 homines

109 1737 217 1793 aegri
239 1739 393 1779 morbo
425 1739 546 1795 gravi
578 1752 677 1780 cum
712 1749 819 1780 aestu
853 1739 1049 1794 febrique
1071 1739 1311 1794 jactantui,
1334 1740 1369 1780 si
1404 1755 1562 1795 aquam

110 1794 298 1851 gelidam
334 1796 538 1847 biberint,
575 1797 716 1853 primo
751 1797 926 1838 relevari
972 1796 1196 1849 videntur3
1235 1797 1392 1838 deinde
1421 1797 1560 1838 multo

109 1867 284 1909 gravlus
318 1828 701 1909 vehemeniziusque
733 1855 1021 1896 afflictantur:
1063 1854 1124 1895 sic
1159 1854 1229 1895 hic
1258 1855 1451 1905 moibus,
1484 1855 1557 1918 qui

109 1920 176 1951 est
209 1925 253 1951 111
275 1910 511 1967 republica,
543 1911 753 1952 relevatus
786 1913 908 1952 istius
940 1926 1088 1967 poena,
1123 1912 1420 1953 vehementius
1443 1913 1559 1953 68c1-

109 1968 235 2009 vibus
266 1968 440 2024 reliquis
472 1969 758 2024 ingravescet
799 1970 992 2020 Quare,
1024 1978 1166 2025 patres
1205 1970 1457 2034 conscripti,
1492 1972 1619 2010 se-32

109 2025 267 2067 cedant
289 2026 493 2082 improbi,
517 2035 742 2067 secernant
772 2042 815 2068 se
837 2043 862 2068 a
885 2027 1024 2077 bonis,
1046 2042 1179 2067 unum
1210 2042 1253 2068 m
1287 2027 1431 2068 locum
1453 2042 1557 2068 con-

111 2093 363 2148 gregentur,
387 2098 508 2124 mulo
529 2083 730 2139 denique,
754 2085 795 2126 id
818 2085 935 2140 quod
959 2084 1181 2141 saepejam
1204 2084 1311 2136 dixi,
1333 2099 1491 2126 secern
1484 2100 1558 2126 111-

111 2150 181 2182 tur
210 2156 236 2182 a
263 2140 404 2192 nobis,
439 2141 638 2182 desinant
670 2142 862 2184 insidiari
893 2142 1011 2183 domi
1047 2157 1133 2183 suae
1169 2142 1351 2194 consuli,
1374 2143 1560 2183 circum·-

111 2207 223 2240 stare
235 2197 432 2240 tribunal
458 2200 653 2255 praetoris
678 2201 845 2252 urbani,
865 2199 1062 2241 obsidere
1080 2211 1189 2241 cum
1204 2200 1358 2257 gladiis
1380 2200 1561 2251 curiam,

107 2328 266 2360 debebat:
292 2328 330 2359 Si
343 2330 466 2359 summi
486 2329 551 2358 viri
573 2329 632 2359 δῖε.
656 2333 742 2359 certe
755 2339 807 2359 ve-
851 2328 990 2360 diserte?
1030 2330 1137 2360 Immo
1177 2330 1310 2369 reliquis
1351 2330 1486 2366 civibus,
1523 2335 1562 2361 ut

107 2372 248 2402 ‘rendum
277 2381 340 2401 non
368 2376 453 2408 erat,
484 2381 524 2401 ne
558 2372 809 2412 quid—invidioe
851 2379 896 2402 est
928 2374 961 2403 in
986 2373 1058 2403 edd.
1079 2373 1118 2403 R.
1142 2372 1197 2403 ΒΓ.
1223 2372 1309 2403 Med.
1333 2377 1367 2402 et
1385 2373 1431 2402 sie
1455 2373 1558 2403 edidi:

111 2415 229 2445 mihii-
237 2424 274 2454 p.
290 2414 503 2444 redundaret
855 2415 915 2445 nisi
943 2425 1018 2446 vero
1043 2420 1222 2454 utrumque
1249 2420 1298 2444 est
1327 2425 1346 2445 a
1374 2414 1493 2454 glossa,
1523 2420 1560 2447 ut

154 2457 196 2488 66
212 2456 388 2497 parricida
410 2456 545 2496 mm'um]
574 2457 702 2487 Civium
723 2456 811 2496 glos-
854 2457 935 2487 mihi
964 2459 1070 2487 visum
1092 2461 1142 2487 est
1166 2458 1204 2487 de
1233 2457 1314 2488 vivis
1342 2461 1433 2494 ante,
1462 2468 1560 2497 quam

110 2509 180 2530 sam
195 2509 307 2543 sapere
320 2499 477 2529 videatur
494 2504 528 2529 at
541 2507 574 2529 et
584 2499 759 2539 parm-ida
773 2500 811 2529 ei·
855 2499 1036 2530 lectionem
1060 2500 1182 2530 civibus
1216 2500 1419 2539 reperissem.
1448 2501 1561 2531 ·Simi-

111 2543 224 2572 berzlm
237 2548 286 2571 est
302 2551 352 2581 ap.
368 2541 439 2572 le.
457 2541 521 2578 ΙΙΙ,
537 2544 587 2572 50
604 2542 669 2572 vid.
687 2541 776 2572 Clav.
855 2541 934 2572 liter
960 2552 1036 2573 mox
1069 2543 1149 2572 civis
1185 2551 1242 2581 per
1268 2542 1409 2580 glossam
1440 2542 1473 2572 in
1510 2548 1560 2573 te-

177 2587 195 2618 7
232 2582 431 2623 naufragos]
472 2583 568 2614 Unde
593 2588 728 2624 repente
756 2584 809 2614 hic
853 2591 947 2614 xtum
962 2584 1074 2614 venit:
1098 2584 1287 2623 sudemque
1307 2585 1503 2624 inscriptum
1526 2587 1562 2615 in

109 2625 302 2666 naufraga?
335 2626 387 2656 An
401 2626 613 2665 aglossatore
627 2637 645 2656 e
669 2627 716 2664 ΙΙ,
743 2627 805 2657 ll?
839 2626 961 2666 fronte
985 2625 1242 2666 uniuscujusque
1266 2627 1365 2657 civis.-
1390 2627 1477 2666 quod
1501 2638 1561 2659 nos

112 2670 166 2700 lta
178 2668 317 2699 videtur.
362 2669 475 2700 Sermo
491 2674 540 2700 est
553 2668 593 2699 de
607 2669 702 2699 sociis
716 2670 807 2700 Cati·
850 2679 924 2700 cum
941 2670 1071 2699 Graevio
1085 2668 1276 2704 delevimus,
1295 2669 1349 2708 qui
1364 2669 1398 2699 in
1413 2670 1561 2710 pluribus

110 2712 201 2749 linae,
214 2717 308 2741 extra
322 2711 436 2744 urbem
451 2712 505 2750 qui
519 2718 638 2742 essent.
849 2712 980 2751 scriptis
992 2720 1059 2741 non
1075 2711 1210 2751 reperit,
1224 2716 1264 2741 ut
1285 2720 1344 2742 nos
1358 2720 1424 2742 non
1440 2715 1561 2752 reperi-

109 2780 114 2782 .
155 2754 195 2785 68
217 2754 468 2794 vivisffetiquz‘s]
493 2754 545 2784 Sic
567 2753 639 2784 edd.
663 2753 808 2794 superio·
851 2764 924 2784 mus
937 2754 971 2784 in
987 2753 1059 2784 edd.
1082 2753 1122 2784 R.
1137 2753 1191 2783 W.
1210 2756 1300 2784 1480.
1316 2754 1372 2785 Br.
1385 2754 1475 2784 Med.
1487 2755 1561 2785 Ald.

112 2806 181 2827 res:
206 2795 354 2826 Graevius
368 2797 502 2836 reliquis
522 2797 614 2827 vivis.
658 2797 704 2827 At
721 2796 808 2826 unde
852 2795 1027 2827 Cratandr.
1045 2796 1174 2826 Primus
1189 2795 1315 2826 addidit
1332 2796 1366 2826 P.
1379 2797 1558 2827 Victorius.
1574 2802 1577 2803 ’

112 2838 166 2870 hie
182 2838 261 2876 vivi,
275 2842 310 2868 et
332 2848 431 2878 quare
446 2839 480 2870 hi
503 2846 810 2871 commemorantur
854 2838 987 2870 Habent
1001 2838 1101 2869 etiam
1110 2837 1183 2869 edd.
1199 2842 1280 2869 vett.
1294 2839 1332 2868 in.
1330 2838 1496 2878 frontem.
1542 2860 1545 2861 ν

173 2904 280 2932 voL.
307 2905 362 2933 11,
780 2906 803 2933 U
830 2906 857 2933 U
