1907 3231
1491 110 1567 147 559

568 108 686 149 PRO
712 109 760 149 A.
794 107 1117 147 CLUENTIO.

131 226 422 259 ’rl‘ru-DINEM
447 228 713 257 ILLICITUM
734 228 821 255 EST
841 225 1040 255 CONTRA
1056 224 1275 254 LICERE:
1298 226 1424 253 nemo
1446 211 1567 253 deni-

131 289 229 329 que,
253 283 300 315 ut
321 273 568 314 defenderet
590 273 847 313 contrariam
882 280 1061 327 partem,
1085 269 1321 310 laborabat.
1383 269 1433 309 In
1457 270 1567 310 invi-

131 331 246 372 diam
279 345 406 387 porro
436 344 638 385 magnam
669 329 740 370 illa
766 329 934 384 judicia
966 335 1185 369 venerant.
1226 326 1383 366 etenim
1419 327 1566 382 paucis

130 397 281 444 postea
315 387 533 429 mensibus
567 387 650 427 alia
680 387 908 427 vehemens
934 394 1025 426 erat
1054 385 1095 424 in
1112 383 1289 439 judiciis
1315 386 1352 416 19
1365 397 1418 423 ex
1444 393 1567 424 nota-

131 445 250 486 tione
273 445 511 486 tabularum
536 444 699 485 invidia
718 452 896 484 versata.
959 440 1237 483 Praeterniit-ti
1257 456 1281 481 a
1301 441 1566 492 censoribus,

131 512 176 544 et
208 502 371 558 negligi
404 501 572 543 macula
597 501 865 556 judiciorum
899 514 1023 556 posse
1050 514 1135 540 non
1169 499 1408 540 videbatur.
1471 497 1565 537 Ho-

129 559 402 614 mines‚quos
418 559 571 600 ceteris
595 559 710 600 vitiis
733 568 861 614 atque
882 558 1000 599 omni
1019 557 1227 598 dedecore
1246 555 1425 596 infames
1448 555 1568 595 vide-

131 618 252 668 bant,
276 631 348 657 eos
370 617 451 657 hac
473 631 645 672 quoque
677 616 994 672 subscriptione
1015 624 1163 655 notare
1189 613 1425 662 voluerunt,
1447 622 1491 652 et
1512 626 1564 653 eo

129 673 284 730 magis»,
305 675 422 729 quod
453 673 524 714 illo
556 674 650 729 ipso
682 683 889 730 ternpore,
912 672 1046 713 20illis
1069 671 1332 720 censoribus,
1355 669 1564 725 erautju-

129 732 245 773 dicia
265 746 363 772 cum
394 731 580 786 equestri
608 731 757 771 ordine
788 731 1126 781 communicata3
1157 739 1204 769 ut
1224 729 1467 769 viderentur
1490 741 1565 783 per-

130 789 357 830 hominum
391 789 644 830 idoneorum
676 787 960 843 ignominiam
982 789 1017 818 21
1036 801 1111 826 sua
1131 786 1389 827 auctoritate
1413 785 1564 839 illaju-

129 846 246 888 dicia
281 861 381 887 cum
425 846 611 901 equestri
650 845 798 885 ordine
840 843 1176 900 reprehendisse.
1245 843 1412 888 Quodsi
1457 842 1565 883 lianc
1581 849 1649 884 131

131 904 246 960 apud
269 918 342 944 eos
365 904 480 960 ipsos
494 916 690 944 censores
704 901 810 942 mihi
825 911 900 942 aut.
918 901 988 941 alii
1012 914 1184 940 causam
1205 914 1331 955 agere
1354 899 1564 941 licuisset:
1579 909 1610 938 P·
1624 901 1677 930 45.

132 960 382 1002 hominibus
407 960 479 1001 tali
501 959 729 1016 prudentia
759 970 874 999 certe
904 957 1194 1014 probavissem
1217 964 1301 1010 (res
1323 957 1438 997 enim
1458 957 1568 997 indi-
1580 953 1609 973 Η·

129 1018 349 1069 cat)-nihil
367 1018 481 1074 ipsos
514 1016 712 1058 habuisse
734 1016 916 1072 cogniti,
951 1015 1057 1055 nihil
1079 1015 1314 1070 comperti:
1347 1016 1387 1046 22
1400 1029 1454 1054 ex
1479 1024 1572 1055 tota

133 1076 215 1116 ista
232 1075 548 1131 subscriptione
564 1087 779 1115 rumorem
801 1073 1013 1128 quendam
1037 1081 1080 1112 et
1103 1072 1296 1129 plausum
1321 1071 1572 1128 popularem

131 1147 223 1173 esse
253 1133 499 1188 quaesitum.
562 1131 674 1172 Nam
696 1131 739 1171 in
762 1133 800 1162 23
818 1131 868 1172 P.
895 1129 1142 1186 Popillium,
1174 1130 1246 1185 qui
1277 1129 1571 1185 Oppianicum

131 1190 455 1240 condemnarat,
478 1188 732 1245 subscripsit
756 1188 804 1228 L.
829 1188 1009 1238 Gellius,
1039 1188 1155 1242 quod
1187 1188 1220 1227 is
1253 1187 1478 1242 pecuniam
1501 1202 1572 1227 ac-

132 1248 331 1304 cepisset,
373 1262 460 1302 quo
503 1247 776 1287 innocentem
824 1245 1146 1286 condemnaret.
1204 1244 1304 1286 Jam
1344 1244 1385 1284 id
1429 1244 1571 1300 ipsum

132 1314 306 1360 quantae
326 1303 604 1345 divinationis
618 1312 695 1353 est,
712 1303 834 1353 scire,
851 1303 1126 1343 innocentem
1146 1301 1275 1342 fuisse
1295 1316 1428 1351 reum,
1442 1316 1571 1356 quem

132 1362 313 1403 fortasse
334 1369 568 1416 numquam
588 1361 766 1411 viderat,
781 1374 881 1401 cuin
906 1359 1098 1400 homines
1114 1359 1571 1414 sapientissirni‚judi-

132 1434 218 1470 ces,
232 1429 280 1460 ut
301 1419 407 1460 nihil
429 1419 570 1460 dicam
593 1418 646 1458 de
668 1419 733 1467 iis,
752 1417 825 1472 qui
849 1417 1205 1467 condemnarunt,
1227 1431 1356 1457 causa
1377 1417 1570 1473 cognita,

134 1477 216 1518 sibi
239 1477 429 1517 dixerint
450 1491 537 1516 non
559 1475 747 1530 liquere?

192 1534 350 1574 Verum
372 1542 478 1574 esto.
513 1533 772 1574 condemnat
808 1530 1040 1587 Popillium
1066 1530 1254 1573 Gellius:
1280 1530 1466 1586 judicat,
1497 1545 1567 1571 ac-
1582 1532 1662 1567 132*

131 1591 296 1647 cepisse
327 1606 351 1631 a
385 1590 586 1632 Cluentio
617 1589 858 1645 pecuniam.
920 1589 1065 1645 Negat
1098 1588 1180 1629 hoc
1218 1588 1437 1629 Lentulus.
1470 1602 1569 1629 nam

135 1648 385 1705 Popillium,
407 1648 522 1704 quod
544 1657 635 1688 erat
654 1646 843 1688 libertini
867 1645 994 1697 filius,
1010 1647 1051 1686 in
1067 1655 1260 1687 senatum
1284 1661 1371 1686 non
1392 1648 1433 1677 24
1443 1645 1569 1700 legit:

132 1706 277 1748 locum
299 1706 472 1761 quidem
495 1704 756 1746 senatorium
778 1704 888 1745 ludis
920 1712 964 1743 et
994 1712 1136 1744 cetera
1164 1711 1416 1745 ornamenta
1444 1703 1572 1743 relin-

138 1764 250 1819 quit,
270 1771 314 1803 et
342 1777 439 1804 eum
469 1763 586 1804 omni
618 1761 859 1819 ignominia
893 1760 1061 1802 liberat.
1083 1761 1199 1816 quod
1229 1776 1327 1802 cum
1356 1760 1475 1812 facit,
1496 1760 1572 1815 ju-

134 1821 265 1872 dicat,
288 1820 381 1875 ejus
404 1820 618 1861 sententia
634 1819 768 1876 gratis
789 1833 880 1860 esse
904 1818 1197 1874 Oppianicum
1220 1818 1571 1860 condemnatum.

135 1877 192 1919 Et
205 1879 387 1919 eundem
403 1877 634 1934 Popillium
650 1885 799 1933 postea
814 1876 1019 1917 Lentulus
1037 1876 1080 1917 in
1095 1878 1283 1917 ambitus
1299 1876 1468 1931 judicio
1493 1890 1571 1931 pro

132 1935 383 1977 testimonio
405 1935 732 1991 diligentissime
754 1934 912 1975 laudat.
974 1934 1133 1984 Quare,
1153 1934 1187 1974 si
1209 1948 1347 1988 neque
1365 1933 1413 1974 L.
1438 1931 1569 1974 Gellii

128 1993 300 2050 judicio
323 1993 443 2034 stetit
467 1993 686 2043 Lentulus,
703 2006 841 2047 neque
863 1991 1033 2032 Lentuli
1048 1992 1370 2032 existimatione
1389 2001 1570 2031 conten-

133 2060 203 2092 tus
218 2050 300 2092 fuit
323 2050 512 2091 Gellius:
533 2059 589 2101 et,
604 2050 637 2090 si
656 2059 834 2104 uterque
847 2063 998 2090 censor
1019 2049 1207 2089 censoris
1229 2049 1434 2105 opinione
1456 2057 1574 2088 stan-

134 2108 236 2150 dum
250 2123 338 2149 non
362 2108 555 2165 putavit:
586 2107 690 2163 quid
712 2116 790 2159 est,
822 2107 1104 2163 quamobrem
1126 2106 1353 2162 quisquam
1374 2105 1577 2159 nostruin

181 2265 218 2296 19
241 2271 280 2292 ea·
294 2265 359 2292 not.
375 2259 580 2299 tabularum]
601 2259 685 2290 Cum
699 2259 832 2290 tabenae

135 2304 251 2335 diversi
269 2304 386 2334 coloris
407 2303 573 2343 judicibus
597 2307 704 2332 essent
726 2302 829 2332 datae:

134 2347 173 2378 de
199 2357 263 2386 quo
286 2356 370 2386 saepe
392 2351 442 2376 est
464 2345 550 2386 apud
575 2345 778 2375 Ciceronem.
801 2355 831 2375 v,

136 2389 227 2420 Clav.
241 2389 275 2418 in
291 2390 421 2419 notatio.

181 2434 222 2464 20
236 2432 302 2461 iltis
316 2429 509 2468 censoribus]
527 2427 719 2459 Addendum
741 2429 830 2468 ipsis,

135 2479 175 2504 ut
190 2478 266 2504 ante
289 2474 344 2503 illo
366 2474 432 2513 ipso
446 2477 599 2512 tempore,
622 2475 678 2501 aut
701 2480 761 2501 scr.
777 2472 831 2501 iis-

135 2517 209 2547 dem
224 2516 415 2546 censoribus.

178 2560 214 2589 2²1
240 2568 301 2588 sua
315 2557 512 2588 auam-irate
525 2558 546 2586 i.
554 2555 586 2596 j.
599 2565 673 2586 cum
696 2565 764 2595 equ.
780 2565 831 2585 or-

136 2600 211 2630 dine
238 2600 310 2639 &c.]
351 2599 423 2630 Sua
447 2600 643 2629 auctoritate
678 2603 740 2633 est,
773 2607 832 2628 suo

135 2644 213 2672 talis
241 2643 300 2672 viri
327 2641 426 2679 facto,
452 2641 692 2682 reprehendisse
707 2639 834 2679 judicia

135 2685 318 2715 senatoria:
335 2695 409 2714 cum
421 2695 490 2724 equ.
505 2684 627 2721 ordine,
636 2688 675 2713 ut
684 2687 833 2721 equester

137 2727 218 2757 ordo
248 2727 403 2757 faciebat:
439 2727 500 2757 nisi
535 2736 610 2757 vero
634 2726 732 2755 verba
758 2735 833 2755 cum

138 2771 278 2808 equestri
306 2769 418 2800 ordine
443 2769 582 2810 repetita
608 2772 687 2798 sunt
713 2777 731 2797 e
756 2777 833 2807 pro-

139 2813 239 2850 ximo,
263 2812 348 2852 quod
362 2811 443 2844 mihi
466 2811 557 2845 valde
581 2810 764 2844 verosimile
785 2811 832 2842 vi-

874 2258 984 2290 detur.

917 2304 956 2333 22
979 2311 1019 2332 ez·
1041 2304 1109 2331 tota
1135 2301 1199 2331 ista
1229 2299 1474 2340 subscriptione]
1500 2299 1576 2330 Istoe

873 2344 1097 2384 rescripsimus
1112 2353 1170 2383 pro
1185 2344 1267 2383 ipsa,
1284 2343 1369 2381 quod
1382 2347 1430 2372 est
1441 2342 1573 2372 alienis-

873 2387 1004 2416 simum.
1033 2386 1085 2415 Sic
1102 2386 1212 2425 paullo
1222 2391 1298 2415 ante
1309 2396 1336 2415 c.
1350 2388 1400 2418 47.
1410 2385 1444 2414 in
1457 2384 1570 2415 eadem

875 2439 908 2459 re
918 2433 952 2458 et
961 2428 1127 2458 sententia
1139 2440 1145 2456 ι
1162 2429 1196 2457 in
1210 2429 1279 2458 isa-'is
1285 2427 1574 2466 subscriptionibus

873 2475 1006 2501 ventum
1019 2471 1211 2509 popularem
1226 2480 1290 2499 esse
1303 2470 1489 2509 (iacentum.

916 2516 955 2545 23
980 2513 1023 2543 Ρ.
1041 2512 1238 2551 Popillium]
1265 2512 1320 2541 Est
1334 2512 1432 2547 iden),
1449 2511 1502 2551 qui
1516 2521 1573 2540 su·

873 2566 932 2596 pra
946 2557 979 2585 in
994 2555 1082 2585 libris
1096 2554 1192 2584 inodo
1203 2554 1240 2584 C.
1256 2554 1353 2584 modo
1369 2554 1404 2584 P.
1419 2558 1478 2584 est.
1504 2553 1573 2584 Ita·

875 2609 937 2638 que
952 2607 1010 2638 pro
1025 2597 1063 2627 L.
1074 2597 1185 2636 scripsi
1200 2597 1234 2626 Ρ.

918 2643 958 2672 24
989 2641 1119 2678 legic—
1130 2641 1260 2678 reliquit
1269 2656 1311 2662 —-
1322 2639 1438 2669 liberat
1446 2650 1455 2667 :
1488 2637 1575 2677 quod

875 2693 950 2713 cum
964 2681 1086 2722 facit]
1124 2682 1315 2712 Necessario
1351 2681 1421 2711 haec
1457 2680 1570 2710 iisdem

875 2725 1078 2765 temporibus
1091 2724 1302 2763 exprimenda
1314 2728 1420 2754 erant.
1457 2723 1572 2763 ltaque

873 2777 934 2809 pro
947 2767 1079 2809 reliquit
1092 2766 1175 2797 edidi
1191 2767 1358 2807 relinquit.
