1907 3231
486 108 610 147 ACT.
637 109 688 147 II.
723 107 913 146 LIBER
939 108 1237 148 QUARTUS,
1506 115 1584 150 363

143 211 284 254 aliena
304 212 358 254 ab
371 211 637 267 judiciorum
660 213 841 265 ratione,
862 221 906 255 et
925 212 1189 267 quotidiana⁴
1203 213 1374 255 dicendi
1406 229 1588 257 consue-

142 271 293 311 tudine
313 284 404 311 esse
426 270 635 310 videatur.
698 270 799 313 Hoc
820 271 934 321 dico,
959 270 1072 311 hanc
1102 270 1241 326 ipsam
1273 270 1488 323 Cererem,
1511 288 1588 314 an-

140 328 442 382 tiquissimam,
465 327 847 383 religiosissimam,
869 327 1110 384 principem
1133 329 1329 369 omnium
1352 343 1586 381 sacrorum,

140 400 239 440 quae
261 385 376 440 apud
406 399 555 426 omnes
587 395 736 441 mentes
769 386 1051 440 nationesque
1084 384 1210 437 fiunt,
1240 400 1266 426 a
1289 385 1343 428 C.
1368 385 1500 426 V··e11e
1529 401 1585 427 ex

141 443 228 483 suis
267 441 437 497 templis
473 457 522 483 ac
566 443 738 485 56(1111115
780 458 871 485 6556
912 442 1140 484 sublatam.
1214 443 1303 489 Qui
1345 443 1627 499 accessistisp
1642 462 1714 494 226.

142 498 327 551 Ennam‚
353 499 519 540 vidistis
541 500 676 542 simul
670 516 814 542 acrum
840 500 1008 542 Cer-ens
1030 515 1053 541 6
1074 514 1302 551 marmore,
1325 508 1368 541 et
1390 515 1433 541 111
1451 500 1626 541 alterna-

139 557 303 613 templo
327 556 510 598 Liber.ae
534 567 634 598 sunt
665 573 717 599 ea
750 558 970 614 perampla
1000 567 1129 612 atque
1160 558 1380 614 praeclara,
1403 558 1476 599 sed
1498 573 1587 598 non

140 614 204 657 ita
223 614 416 669 antiqua.
479 614 547 656 Ex
571 630 654 657 aere
679 615 763 656 fuit
786 616 1004 672 quoddam
1026 615 1199 657 modica
1215 615 1515 680 amplitudine,
1538 631 1588 657 ac

141 672 348 728 singulari
379 687 522 729 opere,
554 688 654 714 cum
687 673 870 725 facibus,
903 673 1224 729 perantiquum,
1264 688 1460 715 omnium
1494 672 1588 714 illo-

145 744 257 782 rum,
279 744 377 785 quae
395 740 496 771 sunt
517 745 561 771 1n
581 745 631 772 eo
654 730 770 783 fano,
784 731 921 771 multo
939 731 1302 785 antiquissimum.
1327 730 1377 772 Id
1393 731 1587 783 sustulit3

141 802 193 829 ac
225 796 369 828 tamen
402 803 453 829 eo
486 797 717 829 contentus
749 803 837 830 non
866 788 964 830 fuit,
1024 788 1140 828 Ante
1174 789 1311 830 aedem
1343 788 1512 830 Cereris
1541 789 1677 835 in110

142 854 293 901 aperto
316 860 366 886 ac
397 846 626 902 propatulo
648 846 745 886 loco
777 846 901 901 signa
921 846 1008 886 duo
1031 854 1144 895 sunt,
1166 844 1334 887 Cereris
1357 861 1507 898 uuum,
1529 846 1588 887 al·-

143 912 282 944 terum
306 902 576 959 Triptolemi,
606 913 648 944 et
678 903 978 959 pulcherrima,
1008 912 1052 942 et
1084 903 1318 958 per.ampla
1381 903 1463 945 His
1496 904 1591 960 pul-

143 960 346 1002 (1111111ἀο
370 960 574 1016 periculo,
597 961 837 1016 amplitudo
862 960 986 1001 saluti
1010 959 1107 1011 fuit,
1131 962 1246 1016 quod
1269 976 1418 1002 eorum
1441 962 1589 1002 demo-

143 1018 238 1060 litio
262 1028 390 1073 atque
419 1019 655 1074 asportatio
689 1019 953 1083 perdifficilis
986 1018 1225 1059 videbatur.
1287 1018 1552 1061 Insistebat
1543 1034 1588 1060 in

142 1090 274 1117 manu
308 1075 474 1116 Cer-ens
506 1076 658 1117 dextia
690 1076 966 1117 simulacrum
997 1075 1284 1131 pulcherrime
1314 1076 1478 1118 factum
1515 1077 1588 1118 Vi-

142 1133 310 1176 ctoriae.
341 1133 424 1174 hoc
447 1134 528 1174 iste
559 1148 582 1173 e
614 1135 738 1190 signo
763 1133 930 1175 Cereris
954 1133 1223 1174 avellendum
1257 1135 1586 1191 asportandum-

142 1206 227 1246 que
249 1191 431 1232 curarit.
493 1191 581 1238 Qui
616 1192 788 1232 tandem
820 1192 942 1232 istius
974 1192 1142 1232 animus
1173 1202 1238 1233 est
1268 1207 1383 1233 nunc
1404 1193 1498 1233 32in
1521 1193 1670 1244 16-50

143 1249 396 1305 cognitione
419 1249 624 1289 scelerum
647 1264 836 1299 suorum,
859 1264 958 1290 cum
979 1263 1062 1304 ego
1085 1249 1176 1304 ipse
1199 1250 1242 1290 in
1275 1264 1588 1292 commemora-

143 1307 262 1348 tione
297 1321 447 1347 eorum
480 1321 568 1347 non
610 1307 748 1347 solum
779 1306 924 1347 animo
955 1321 1244 1358 commovear,
1278 1322 1425 1349 velum
1456 1309 1589 1349 etiam

143 1380 218 1406 601
224 1379 325 1420 pore
347 1365 696 1420 perhorrescam?
729 1363 859 1404 Venit
881 1364 998 1404 enim
1027 1364 1136 1404 mihi
1168 1364 1271 1416 fani,
1292 1365 1392 1415 loci,
1415 1366 1591 1422 religio-

144 1423 210 1463 nis
233 1422 345 1463 illius
368 1422 411 1462 in
434 1432 644 1464 mentem:
678 1431 901 1462 versantur
919 1431 1018 1462 ante
1037 1422 1185 1462 oculos
1204 1423 1374 1464 omnia:
1397 1423 1487 1464 dies
1505 1424 1590 1475 ille,

144 1495 231 1536 quo
266 1494 348 1536 ego
388 1479 555 1520 Ennam
597 1493 697 1520 cum
730 1479 958 1530 venissem,
1001 1489 1160 1534 praesto
1197 1480 1306 1521 mihi
1348 1482 1590 1523 sacerdotes

146 1538 314 1580 Cereris
344 1552 444 1578 cum
476 1537 622 1578 infulis
645 1552 694 1578 ac
726 1537 922 1578 verbenis
954 1536 1152 1579 fuerunt:
1196 1538 1366 1589 concio,
1402 1554 1591 1581 conven-

145 1605 298 1651 tusque
328 1595 514 1636 civium:
537 1595 591 1635 *in
624 1610 710 1650 quo
733 1609 815 1675 ego
846 1609 945 1636 cum
975 1594 1186 1650 loquerer,
1215 1596 1324 1636 tanti
1358 1596 1484 1637 fletus
1516 1611 1591 1653 ge-

143 1653 362 1708 mitusque
384 1653 561 1703 fiebant,
585 1662 631 1693 ut
664 1653 967 1694 acerbissimus
999 1661 1092 1693 tota
1122 1653 1228 1693 urbe
1258 1653 1397 1694 luctus
1432 1655 1588 1695 versari

141 1711 375 1752 11(161·61111.
437 1711 538 1752 Non
558 1710 620 1751 illi
643 1711 808 1752 (lecum
802 1725 846 1751 11
851 1725 922 1751 um
953 1710 1148 1766 imperia,
1179 1725 1266 1752 non
1289 1712 1502 1753 bonorum
1524 1713 1588 1754 di·
1604 1726 1673 1760 111

144 1768 377 1824 reptiones,
407 1783 494 1809 11011
528 1768 678 1832 iniqua
703 1768 886 1824 judicia,
922 1782 1010 1808 non
1042 1768 1433 1824 importunissimas
1467 1771 1590 1812 istius

144 1825 361 1890 libidines,
397 1841 484 1866 non
522 1826 624 1877 vim,
656 1841 743 1866 non
775 1825 1074 1877 contumelias,
1095 1827 1302 1882 33quibus
1334 1829 1474 1883 operti
1512 1843 1592 1885 op-

146 1884 366 1940 pressique
388 1893 523 1933 erant,
546 1884 945 1938 conquerebantur.
980 1883 1149 1925 Celeris
1172 1899 1348 1935 numen,
1371 1900 1591 1928 sacrorum

144 1951 420 1992 vetustatem,
443 1916 531 1982 i'z'mi
563 1941 832 2006 religionem,
862 1942 986 1982 istius
1007 1941 1323 1983 sceleratissimi
1357 1952 1486 1999 atque
1517 1959 1592 1985 au-

144 1999 364 2040 dacissimi
387 1974 600 2055 supplicio
631 1999 796 2055 expiari
830 1999 1058 2043 volebant:
1092 2000 1238 2040 omnia
1269 2015 1313 2041 56
1335 2011 1477 2041 cetera
1500 2002 1590 2057 pati

145 2071 195 2098 ac
228 2057 446 2106 neolioere
478 2057 695 2098 dicebant.
759 2056 847 2097 Hic
880 2057 1002 2098 dolor
1034 2067 1123 2100 erat
1155 2066 1315 2109 tantus,
1342 2068 1391 2099 ut
1420 2058 1457 2098 V
1461 2073 1589 2110 erres,

143 2115 250 2155 alter
270 2101 425 2165 (li-cus,
448 2114 614 2155 venisse
638 2110 820 2164 Ennam,
843 2125 886 2155 et
903 2130 990 2155 non
1014 2114 1319 2171 Proserpinam
1332 2126 1632 2171 asportasse,b

145 2173 251 2213 sed
242 2188 380 2229 ipsam
402 2172 641 2228 abripuisse
674 2172 857 2213 Cerei-en
846 2187 875 2213 11
908 2173 1138 2214 videretur.
1199 2172 1373 2214 Etenim
1396 2174 1496 2215 urbs
1515 2174 1591 2216 illa

143 2245 233 2271 non
267 2232 368 2272 urbs
401 2231 584 2281 videtur,
619 2231 691 2271 sed
724 2230 873 2270 fanum
901 2230 1070 2271 Cereris
1101 2245 1207 2271 esse.
1246 2231 1443 2272 habitare
1473 2232 1590 2287 apud

147 2302 236 2329 5656
252 2288 453 2330 Cererem
477 2288 698 2329 Ennenses
721 2288 1004 2330 arbitrantur:
1036 2298 1084 2328 ut
1102 2288 1208 2329 mihi
1232 2303 1320 2330 non
1342 2289 1458 2330 cives
1477 2289 1590 2330 illius

146 2346 350 2399 civitatis,
373 2347 446 2388 sed
467 2360 616 2387 omnes
640 2345 896 2396 sacerdotes,
919 2360 1068 2386 ornnes
1090 2345 1250 2387 accolae
1271 2355 1401 2401 atque
1421 2348 1593 2388 antisti-

148 2412 210 2445 tes
227 2404 410 2457 Cereris,
427 2418 518 2446 6556
537 2404 778 2445 videantur.
837 2406 878 2434 34
891 2402 1016 2444 Enna
1036 2412 1081 2443 tu
1114 2403 1390 2444 simulacrum
1423 2403 1590 2447 Cereris
1607 2411 1680 2444 112

189 2575 230 2604 32>
256 2574 289 2604 in
305 2574 523 2609 recognitione
537 2572 711 2612 scelerum]
741 2572 848 2602 Miror
890 2571 939 2611 pit
949 2572 1058 2601 vexati
1072 2580 1160 2611 oppr.
1173 2575 1209 2601 ut
1219 2575 1268 2602 est
1284 2575 1317 2601 et
1328 2571 1362 2601 in
1369 2571 1432 2602 Gu.
1448 2572 1594 2610 Ferre-m,

146 2615 314 2646 Graevium
341 2617 492 2655 praeferre
518 2616 695 2646 lectionem
723 2615 848 2654 aliquot
892 2614 918 2643 si
933 2614 1040 2644 obruti
1063 2621 1158 2644 esset.
1205 2614 1266 2644 Sed
1282 2619 1316 2644 et
1331 2619 1461 2654 opertus
1476 2623 1594 2655 aptum

145 2658 296 2689 codicum
311 2660 543 2694 recordatione,
557 2669 654 2697 qnam
669 2666 703 2688 et
716 2659 780 2687 Gu.
791 2658 846 2688 ha·
891 2662 951 2686 est.
984 2656 1130 2686 Vexatus
1143 2661 1192 2686 est
1207 2656 1315 2696 glossa
1327 2667 1412 2687 verae
1427 2658 1593 2693 lectionis.

145 2700 350 2731 bet.1mmo
365 2697 540 2740 recognitio
554 2706 603 2731 est
617 2702 843 2741 aptissimum:
932 2701 974 2729 34
1001 2698 1113 2730 Ennae
1132 2703 1168 2729 ta
1186 2700 1299 2730 simul.
1322 2698 1369 2739 C.]
1402 2701 1593 2740 Suspicatus

147 2746 199 2773 est
211 2745 299 2773 enim
311 2744 444 2774 verbum
454 2743 623 2784 judiciale.
631 2744 670 2774 cf.
686 2744 747 2774 Vei
746 2753 780 2774 ··.1
797 2743 843 2780 ΙΙ,
888 2751 974 2777 sum,
1001 2751 1069 2771 esse
1091 2741 1268 2781 legendum
1294 2741 1409 2774 Ennd.
1454 2743 1493 2773 Id
1517 2745 1593 2782 quia

147 2785 924 2815 6.816.111
940 2783 1004 2814 Ms.
1027 2784 1089 2814 Gu.
1117 2785 1234 2824 reperi,
1259 2785 1375 2825 recepi.
1419 2786 1518 2816 Secus
1541 2792 1591 2816 est

191 2830 230 2857 33
257 2838 298 2867 qu
302 2829 342 2858 ibt
343 2839 371 2859 cs
391 2829 492 2868 operti
512 2837 712 2868 oppwssmue
733 2827 844 2866 errant]
890 2827 925 2856 in
938 2826 1056 2863 altero,
1070 2827 1126 2857 ubi
1139 2826 1310 2866 loeus‚ubi
1323 2828 1523 2866 detractum,
1537 2839 1592 2859 ex-

150 2870 196 2902 Gn
200 2879 245 2900 aex
249 2870 281 2902 11·
284 2880 297 2901 5
312 2871 365 2902 hic
379 2881 488 2903 rursus
498 2882 515 2902 e
526 2871 606 2902 Mss.
620 2871 746 2903 duobus
762 2880 848 2901 rece·
890 2869 1057 2910 primitur.
