1907 3231
574 103 697 142 ACT.
726 103 784 143 ΙΙ.
817 102 1005 141 LIBER
1031 102 1273 144 PRIMUS.
1571 108 1647 150 157

204 201 330 258 dixit,
363 206 409 248 in
439 221 517 262 qno
551 221 622 263 ego
659 206 858 263 interfui.-
890 207 1005 250 illam
1033 207 1230 264 injuriam
1255 222 1337 248 non
1367 208 1524 265 attigit,
1558 221 1646 265 quae

207 262 323 315 mihi,
345 270 418 304 aut
446 278 532 319 quae
559 263 688 304 amico
706 279 790 305 meo
807 263 935 321 facta
958 272 1027 315 est,
1049 265 1194 320 quihus
1218 279 1289 321 ego
1310 265 1354 305 in
1376 265 1492 306 rebus
1520 266 1646 307 inter-

193 317 287 374 fui.
347 319 430 361 His
452 320 668 371 omnibus,
691 323 764 376 qui
799 322 921 363 istius
953 323 1130 377 injurias
1161 332 1336 373 norunt,
1353 322 1437 363 hoc
1467 330 1545 373 est,
1568 338 1646 377 po-

207 376 310 431 pulo
343 376 541 418 Romano
574 378 788 430 universo,
827 394 895 420 me
928 380 1201 420 vehementer
1239 388 1492 420 excusatum
1533 380 1645 430 volo,

207 447 295 474 non
327 434 596 490 negligentia
627 449 723 475 mea
757 436 862 487 fore,
893 446 941 477 ut
972 437 1108 478 inulta
1138 445 1404 492 praeteream,
1428 436 1500 477 sed
1530 437 1647 491 quod

208 489 291 530 alia
321 492 503 532 testibus
536 492 705 548 integra
736 494 940 534 reservari
966 494 1106 544 veliin,
1135 494 1267 535 multa
1296 503 1440 534 autem
1472 501 1647 550 propter

207 547 418 588 rationem
471 550 693 590 brevitatis
740 565 789 591 ac
840 552 1045 607 temporis
1087 551 1456 607 praetermittenda
1497 550 1648 590 existi-

207 618 337 646 mem.
393 605 609 647 lFatebor
630 607 760 647 etiam
791 607 894 649 illud
926 609 1101 659 invitus,
1127 623 1196 648 me
1227 623 1413 664 prorsus,
1436 622 1535 649 011111
1567 607 1648 648 iste

207 672 420 717 punctum
443 663 647 720 temporis
670 664 833 705 nullum
855 681 1035 707 vacuum
1056 675 1234 721 peceato
1257 666 1476 721 praeterire
1497 679 1646 720 passus

208 718 278 771 sit,
301 720 460 772 omnia,
477 736 574 776 quae
598 722 651 762 ab
675 722 757 762 isto
777 723 1006 763 commissa
1027 732 1140 772 sunt,
1159 737 1246 762 non
1268 723 1459 778 potuisse
1482 736 1646 778 cogno—

209 790 340 817 scere.
397 777 673 835 Quapropter
695 779 756 819 ita
776 794 844 819 me
866 780 918 820 de
941 789 1138 835 praeturae
1161 779 1413 820 criminibus
1435 779 1642 830 auditote,
1656 793 1687 825 b,

210 842 259 873 ut
287 848 342 874 ex
374 844 557 891 utroque
587 850 756 892 genere,
780 845 823 876 et
848 836 960 891 juris
987 836 1177 887 dicundi,
1200 847 1243 876 et
1275 847 1486 878 sartorum
1508 846 1646 877 tecto-

209 904 305 932 rum
326 892 653 948 exigendorum,
675 907 725 933 ea
755 893 994 948 postuletis,
1018 896 1146 949 2quae
1178 893 1368 934 maxime
1397 894 1531 949 digna
1561 894 1646 934 sint

209 961 261 988 eo
283 963 370 1000 reo,
393 950 462 991 cui
485 965 664 1006 parvum
686 964 735 990 ac
756 951 972 991 mediocre
992 951 1126 1006 objici
1151 951 1258 991 nihil
1279 961 1492 1007 oporteat.
1532 951 1645 992 Nam
1661 959 1735 1002 104

212 1014 260 1046 ut
298 1016 457 1062 praetor
486 1007 625 1047 factus
664 1016 742 1058 est,
773 1008 878 1062 3qui
915 1009 1137 1064 auspicato
1176 1024 1201 1048 a
1233 1007 1473 1049 Chelidone
1511 1022 1648 1049 surre-

210 1063 360 1114 xisset,
383 1073 540 1105 sortem
572 1074 722 1105 nactus
744 1074 808 1105 est
839 1067 1013 1106 urbanae
1046 1066 1297 1121 provinciae,
1326 1066 1464 1122 magis
1496 1080 1550 1106 ex
1573 1081 1650 1110 sua

210 1128 255 1160 et
278 1120 543 1172 Chelidonis,
566 1137 694 1177 quam
716 1136 770 1162 ex
794 1123 942 1178 populi
967 1123 1154 1164 Romani
1177 1123 1412 1164 voluntate.
1435 1123 1508 1178 qui
1530 1123 1649 1179 prin-

210 1176 342 1233 cipio,
365 1178 501 1234 qualis
532 1179 575 1219 in
607 1179 749 1220 edicto
778 1180 1081 1221 constituendo
1104 1180 1247 1231 fuerit,
1269 1181 1535 1236 cognoscite.

211 1233 381 1276 Annius
402 1235 569 1276 Asellus
592 1246 785 1277 mortuus
807 1246 886 1288 est,
908 1237 958 1278 C.
979 1238 1210 1278 Sacerdote
1232 1248 1431 1292 praetore.
1484 1237 1527 1278 Is
1549 1246 1729 1295 cum41

211 1291 391 1333 haberet
412 1294 584 1334 unicam
606 1293 752 1344 filiam,
776 1297 945 1349 4neque
967 1309 1117 1335 census
1139 1304 1276 1346 esset3
1306 1296 1422 1350 quod
1446 1310 1544 1336 eum
1574 1311 1651 1336 na-

213 1358 309 1390 tura
330 1349 597 1401 hortabatur,
619 1351 687 1391 lex
721 1350 836 1391 nulla
865 1351 1138 1407 prohibebat,
1162 1351 1279 1403 fecit,
1301 1362 1349 1393 ut
1371 1352 1502 1394 filiam
1527 1353 1652 1394 bonis

212 1407 299 1448 suis
322 1407 520 1448 heredem
544 1408 801 1449 institueret.
863 1408 1002 1450 Heres
1023 1418 1115 1450 erat
1141 1409 1242 1450 filia.
1303 1409 1540 1450 Faciebant
1561 1425 1655 1451 om-

211 1464 286 1505 nia
319 1466 450 1505 5cum
491 1465 667 1521 pupilla,
710 1464 816 1521 legis
860 1467 1055 1521 aequitas,
1092 1466 1289 1507 voluntas
1332 1467 1480 1523 patris,
1513 1467 1656 1508 edicta

211 1529 464 1577 praetorum,
505 1523 773 1564 consuetudo
816 1523 928 1578 juris
969 1524 1078 1579 ejus,
1118 1524 1235 1579 qnod
1274 1533 1365 1565 erat
1406 1535 1512 1575 tum,
1554 1540 1653 1566 cum

211 1576 380 1620 Asellus
412 1589 477 1620 est
508 1590 718 1621 mortuus.
781 1579 883 1631 Iste,
920 1591 1080 1637 praetor
1110 1582 1358 1637 designatus
1383 1585 1547 1635 (utrum
1580 1583 1653 1623 ad·
1669 1594 1740 1629 105

212 1636 420 1688 monitus,
442 1652 496 1678 an
520 1646 726 1689 tentatus,
748 1653 816 1689 an,
839 1652 924 1693 qua
944 1648 1009 1679 est
1040 1639 1120 1680 iste
1151 1639 1386 1695 sagacitate
1418 1639 1462 1680 in
1492 1639 1560 1680 his
1591 1654 1655 1681 re-

214 1694 310 1745 bus,
332 1694 423 1735 sine
444 1695 553 1736 duce
583 1695 684 1747 ullo,
707 1695 798 1736 sine
829 1695 984 1747 indice,
1006 1697 1248 1753 pervenerit
1278 1697 1331 1738 ad
1352 1696 1465 1738 hanc
1497 1697 1658 1753 impro-

214 1751 412 1802 bitatem,
434 1752 604 1795 nescio:
636 1768 712 1794 vos
735 1761 903 1794 tantum
929 1753 1118 1795 hominis
1150 1754 1373 1795 audaciam
1404 1755 1659 1795 amentiam-

215 1823 300 1863 que
321 1810 590 1865 cognoscite)
614 1810 801 1866 appellat
830 1810 1031 1852 heredem
1065 1812 1113 1853 L.
1137 1811 1344 1863 Annium,
1376 1813 1449 1867 qui
1474 1821 1566 1853 erat
1593 1813 1658 1853 in—

215 1866 392 1907 stitutus
412 1868 646 1908 secundum
666 1868 823 1920 filiam3
846 1883 933 1909 non
952 1869 1068 1910 enim
1086 1869 1193 1910 mihi
1215 1870 1507 1925 persuadetur,
1527 1869 1659 1911 istum

215 1924 270 1964 ab
292 1923 364 1964 illo
387 1926 503 1981 prius
526 1925 812 1981 appellatum3
836 1926 956 1977 dicit,
980 1941 1023 1967 se
1046 1940 1170 1982 posse
1191 1928 1229 1967 ei
1252 1927 1496 1967 condonare
1515 1927 1659 1968 edicto

215 1980 528 2034 hereditatem3
560 1983 687 2023 docet
716 1983 952 2034 hominem,
982 1984 1085 2039 quid
1120 1985 1253 2040 possit
1285 1983 1392 2025 fieri.
1453 1983 1520 2024 Illi
1546 1985 1661 2025 bona

216 2053 299 2090 reS‚
330 2039 430 2081 huic
464 2040 692 2081 vendibilis
722 2041 963 2082 videbatur.
1027 2041 1128 2093 Iste,
1159 2041 1328 2082 tametsi
1362 2041 1566 2097 singulari
1596 2049 1661 2082 est

216 2096 409 2149 audacia,
443 2106 587 2138 tamen
620 2098 673 2139 ad
701 2097 875 2154 pupillae
909 2108 1090 2140 matrem
1126 2099 1441 2143 summittebat.
1472 2098 1689 2142 malebat«

261 2273 273 2302 1
300 2270 438 2302 Fatebor
458 2272 559 2303 etiam
581 2271 668 2302 illud
687 2272 809 2302 invit-us
837 2271 911 2312 &c.]

215 2314 284 2345 Cur
310 2315 460 2345 invitus?
496 2314 643 2345 Dixi-sset
669 2320 770 2351 certe,
799 2325 915 2354 quam-

216 2367 316 2397 quam
337 2358 468 2387 invitus.
513 2357 575 2388 Sed
598 2358 651 2388 vix
670 2357 798 2394 dubito,
823 2357 915 2387 Cice-

215 2409 330 2430 ronem
345 2399 507 2440 scripsisse
522 2400 614 2430 haud
633 2400 765 2429 invitus.
810 2399 919 2430 Haud

215 2446 251 2473 et
263 2442 350 2472 illud
362 2442 518 2472 confundi
540 2443 575 2472 in
594 2442 685 2472 libris
701 2443 774 2480 jam
790 2442 830 2472 ab
845 2442 916 2472 aliis

215 2488 370 2515 notatum
384 2488 447 2522 est,
459 2488 499 2514 ut
513 2495 611 2525 supra
625 2484 776 2515 diximus.

257 2529 278 2559 '2
299 2536 370 2567 quoe
396 2537 440 2557 m.
462 2527 566 2565 digna
591 2527 670 2566 sint]
697 2526 797 2557 Haud
824 2526 916 2557 dubi-

216 2572 329 2600 tanter
343 2570 408 2599 sint
431 2570 543 2609 scripsi
565 2580 624 2610 pro
639 2573 734 2602 szmt‚·
759 2569 845 2609 quod
867 2569 916 2599 ni-

218 2612 280 2642 mis
294 2612 450 2642 vitiosum
465 2616 526 2642 est.

259 2656 278 2684 3
300 2655 355 2694 qui
371 2663 462 2693 aasp.
478 2664 499 2684 a
518 2654 687 2684 Chelidone
708 2653 915 2694 surrevisset]

217 2695 379 2736 Leporem
408 2697 605 2736 exquisitum
630 2697 727 2737 hujus
751 2696 813 2727 loci
840 2697 919 2726 satis

218 2738 426 2769 intellectum
447 2743 506 2769 aut
533 2739 734 2779 explicatum
758 2749 826 2769 esse
852 2749 920 2769 non

218 2781 334 2821 reperi.
362 2781 508 2822 Respicit
523 2787 636 2812 autem
652 2781 692 2812 ad
707 2791 833 2812 morem
850 2792 920 2812 ma-

219 2822 418 2861 gistratuum
452 2824 642 2864 auspicandi
677 2829 770 2854 extra
799 2833 922 2864 pomoe-

219 2866 304 2896 rium
331 2866 366 2896 in
390 2867 554 2898 tentorio:
579 2867 634 2906 qui
662 2867 844 2907 auspicium
869 2876 923 2896 ex-

958 2277 1141 2313 pectantes,
1157 2283 1232 2304 cum
1247 2282 1360 2304 vocem
1384 2273 1450 2303 avis
1466 2272 1582 2302 faustae
1603 2282 1662 2304 au·

958 2315 1094 2352 dissent,
1119 2317 1298 2356 surgebant
1321 2316 1449 2351 statim,
1469 2320 1503 2345 et
1527 2315 1663 2346 abibant

957 2368 997 2387 ex
1024 2358 1162 2399 templo.
1208 2359 1282 2389 Hoc
1302 2362 1375 2388 erat
1399 2358 1565 2397 auspicato
1590 2368 1663 2388 mr.-

957 2409 1048 2438 gere.

1001 2444 1022 2472 4
1043 2453 1145 2482 neque
1165 2451 1278 2473 census
1296 2442 1390 2482 esset]
1415 2452 1447 2473 v.
1467 2441 1540 2473 Ind.
1559 2442 1663 2483 Legg.

961 2484 995 2514 in
1011 2484 1170 2515 Voconia.

1004 2529 1022 2557 5
1038 2537 1112 2557 cum
1120 2526 1265 2567 pupilla]
1281 2527 1429 2557 Graevius
1439 2526 1540 2558 edidit
1547 2528 1664 2567 puella

959 2579 977 2599 e
992 2569 1178 2600 Prisciano:
1204 2569 1290 2609 quod
1311 2569 1404 2600 nulla
1426 2570 1548 2600 tutoris
1571 2579 1664 2600 men-

959 2611 1009 2641 tio
1023 2616 1084 2642 est.
1129 2612 1209 2642 Mox
1234 2621 1283 2642 res
1307 2612 1446 2642 refertur
1468 2611 1509 2642 ad
1530 2621 1662 2644 sexum:

963 2653 1018 2684 sed
1046 2655 1147 2685 etiam
1179 2664 1256 2684 mox
1285 2656 1418 2694 pupilla-
1445 2664 1521 2684 cum
1556 2659 1665 2685 matre

963 2697 1187 2736 conjungitur.
1232 2696 1313 2727 Mox
1336 2696 1422 2727 idem
1446 2695 1548 2726 edidit
1567 2697 1664 2735 leges,

964 2739 1111 2778 oequitas,
1138 2750 1175 2770 ex
1202 2738 1317 2770 eodem
1344 2739 1522 2770 prisciano.
1548 2748 1667 2778 nempe

964 2790 1031 2811 non
1054 2782 1247 2822 respiciebat
1269 2781 1530 2811 concinnitatem
1545 2781 1669 2811 oratio—

966 2825 1028 2859 uis,
1045 2833 1118 2862 quae
1133 2824 1181 2854 ita
1197 2823 1338 2854 tollitur.
1351 2833 1431 2854 nam
1443 2827 1552 2853 cetera
1565 2833 1670 2853 mem-

965 2866 1025 2897 bra
1038 2866 1151 2899 omnia
1164 2872 1243 2898 suut
1258 2876 1278 2898 a
1292 2865 1418 2897 duobus
1434 2865 1659 2897 substantivis.
