1907 3231
593 90 659 129 IN
683 90 730 130 L.
759 91 1108 134 CATILINAM.
1493 103 1571 142 649

140 197 320 239 nistrum
343 197 453 238 tuae?
485 193 603 236 Num
625 210 695 236 me
714 195 880 248 fefellit,
903 195 1105 250 Catilina,
1126 213 1213 240 non
1234 200 1364 243 modo
1385 216 1450 245 res
1471 212 1570 246 tan-

139 263 316 306 ta‚‚tam
347 262 488 303 atrox,
520 262 608 294 tam
648 253 924 306 incredibilis,
957 269 1120 307 verum,
1160 257 1247 298 ¹7id
1283 260 1397 314 quod
1431 261 1568 303 multo

136 313 276 368 magis
297 320 362 353 est
380 309 694 360 admirandum,
715 310 833 353 dies?
864 311 971 354 Dixi
992 327 1075 369 ego
1095 314 1208 355 idem
1230 314 1274 354 in
1293 325 1456 368 senatu,
1480 333 1568 360 cae-

135 369 234 410 dem
258 378 299 410 te
316 368 574 424 optimatum
593 368 826 425 contulisse
846 368 891 410 in
920 378 1020 416 ante
1040 371 1155 413 diem
1179 385 1203 412 v
1240 371 1454 415 Kalendas
1475 375 1569 416 No-

137 427 337 476 vembris,
361 434 451 466 tum
473 438 572 465 cum
600 424 725 465 multi
749 425 964 482 principes
993 428 1182 470 civitatis
1206 428 1348 471 Roma
1369 445 1456 472 non
1480 443 1568 474 tam

133 484 209 525 sui*
222 482 518 532 conservandi,
539 496 668 537 quam
693 490 865 524 tuorum
893 485 1171 527 consiliorum
1201 487 1569 542 reprimendorum

134 554 263 581 causa
281 539 578 595 profugerunt.
612 539 730 580 Num
751 540 927 581 infitiari
952 552 1087 597 potes,
1107 552 1148 584 te
1169 543 1238 585 illo
1257 545 1350 600 ipso
1372 544 1442 585 die
1460 547 1568 587 meis

133 597 359 651 praesidiis,
378 611 474 637 mea
493 597 720 652 diligentia
739 597 1084 651 circumclusum,
1105 616 1378 643 commovere
1397 611 1440 649 te
1461 617 1567 644 con-

133 663 199 695 tra
217 654 528 710 rempublicam
550 668 635 698 non
660 655 864 709 potuisse,
887 670 986 697 cum
1016 667 1076 708 tu,
1100 658 1287 700 discessu
1309 669 1565 712 ceterorum,

130 720 279 753 nostra
312 723 470 762 tamen,
499 712 572 766 qui
601 711 963 764 remansissemus,
985 715 1103 755 caede
1135 724 1388 758 contentum
1412 724 1453 757 te
1473 731 1565 759 esse

129 768 328 811 dicebas?
361 769 506 816 Quid?
534 783 635 809 cum
660 778 751 809 tute
775 767 994 811 Praeneste
1018 770 1222 813 Kalendis
1245 773 1348 828 ipsis
1371 773 1600 816 Novem-8

129 825 219 867 bris
241 836 555 882 occupaturum
579 834 791 866 nocturno
821 825 985 882 impetu
1020 842 1112 869 esse
1135 829 1397 873 confideres:
1430 832 1564 873 sensi-

128 884 253 935 stine,
272 884 388 925 illam
405 883 620 924 coloniam
646 884 680 912 ¹8
690 896 786 923 meo
801 882 942 936 jussu,
962 885 1188 940 praesidiis,
1210 888 1432 939 custodiis,
1452 889 1565 945 vigi-

127 939 281 997 liisque
302 956 393 982 esse
421 939 656 981 munitam?
708 939 833 980 Nihil
853 941 960 997 agis,
985 942 1092 983 nihil
1112 943 1290 995 moliris,
1313 944 1421 986 nihil
1441 947 1562 1002 cogi·
1574 964 1604 994 p.
1619 958 1674 990 99.

127 1007 209 1049 tas,
229 999 344 1053 quod
371 1012 453 1053 ego
485 1000 521 1032 19
535 1011 622 1037 non
651 997 781 1038 modo
808 1012 893 1039 non
923 999 1109 1051 audiam,
1133 1001 1205 1042 sed
1239 1002 1370 1043 etiam
1393 1017 1479 1044 non
1499 1004 1561 1044 vi·
1573 1007 1603 1028 ²·

125 1055 264 1106 deam,
287 1056 497 1111 planeque
514 1055 710 1095 sentiam.
743 1054 1027 1112 Recognosce
1046 1058 1218 1099 tandem
1238 1074 1407 1101 mecum
1428 1062 1469 1092 20
1484 1075 1561 1102 no·
1574 1059 1610 1106 4

124 1121 238 1153 ctem
260 1113 375 1154 illam
405 1112 683 1168 superiorem.
699 1111 793 1166 jam
827 1113 1040 1170 intelliges
1069 1115 1206 1156 multo
1227 1131 1296 1157 me
1318 1116 1495 1172 vigilare
1517 1133 1562 1159 a-

123 1169 236 1210 crius
259 1171 311 1211 ad
335 1169 529 1220 salutem,
561 1184 690 1224 quam
722 1179 763 1210 te
785 1170 836 1211 ad
860 1172 1095 1226 perniciem
1117 1173 1384 1229 reipublicae.
1447 1174 1561 1217 Dico

124 1235 167 1267 te
189 1227 321 1284 priori
356 1238 482 1268 nocte
505 1227 670 1268 venisse
703 1226 814 1268 inter
846 1227 1044 1270 falcarios
1073 1234 1181 1283 (non
1211 1246 1337 1288 agam
1360 1232 1562 1284 obscure)

122 1283 168 1324 in
202 1284 270 1325 M.
296 1285 446 1327 Leccae
479 1284 681 1326 domum:
713 1285 964 1327 convenisse
995 1287 1147 1328 eodem
1175 1289 1418 1344 complures
1447 1289 1562 1344 ejus-

121 1340 219 1382 dem
241 1343 442 1383 amentiae
465 1341 720 1397 scelerisque
743 1343 896 1383 socios.
937 1342 1055 1384 Num
1077 1359 1234 1401 negare
1252 1346 1406 1388 audes?
1441 1347 1560 1394 Quid

122 1402 264 1441 taces?
294 1400 567 1450 convincam,
589 1399 624 1439 si
644 1413 792 1455 negas.
830 1400 954 1441 video
984 1401 1098 1442 enim
1121 1416 1211 1443 esse
1242 1403 1312 1444 hic
1335 1404 1379 1445 in
1409 1413 1598 1456 senatu9

120 1458 346 1511 quosdam,
366 1457 439 1512 qui
459 1465 603 1497 tecum
624 1471 710 1497 una
726 1456 859 1497 fuere.
922 1457 962 1499 O
983 1458 1045 1498 dii
1064 1459 1346 1503 immortales!
1381 1462 1560 1505 ubinam

119 1513 316 1569 gentium
345 1517 515 1556 sumus?
546 1514 640 1554 21in
675 1528 761 1568 qua
790 1515 894 1555 urbe
925 1515 1132 1557 vivimus?
1164 1532 1293 1571 quam
1327 1520 1563 1574 rempubli-

118 1585 215 1612 cam
234 1572 467 1613 habemus?
500 1570 604 1622 Hic,
624 1570 695 1612 hic
715 1580 828 1622 sunt,
851 1572 894 1612 in
915 1581 1062 1614 nostro
1081 1588 1275 1626 numero,
1299 1585 1441 1631 patres
1457 1591 1562 1618 con-

117 1629 284 1684 scripti,
305 1629 349 1670 in
371 1629 455 1670 hoc
477 1629 593 1670 orbis
617 1635 740 1669 terrae
764 1629 1034 1671 sanctissimo
1057 1631 1397 1688 gravissimoque
1419 1635 1562 1675 consi-

116 1684 191 1736 lio,
221 1687 295 1741 qui
317 1687 370 1727 de
392 1700 504 1737 meo,
526 1685 810 1741 nostrumque
832 1686 1027 1728 omnium
1046 1687 1239 1739 interitu,
1262 1691 1336 1745 qui
1358 1691 1412 1731 de
1430 1690 1560 1747 hujus

118 1743 250 1794 urbis,
287 1752 416 1799 atque
443 1743 548 1784 adeo
576 1742 692 1784 orbis
726 1753 934 1785 terrarum
967 1745 1104 1786 exitio
1137 1747 1348 1802 cogitent.
1411 1747 1561 1791 Hosce

115 1814 199 1857 ego
223 1800 348 1842 video
369 1801 533 1852 consul,
555 1809 599 1842 et
619 1801 671 1841 de
693 1801 915 1857 republica
933 1802 1192 1844 sententiam
1214 1818 1345 1859 rogo:
1369 1815 1426 1856 et,
1449 1821 1557 1861 quos

114 1856 228 1899 ferro
251 1859 455 1900 trucidari
478 1859 721 1914 oportebat,
744 1872 816 1899 eos
839 1860 1032 1900 nondum
1057 1875 1162 1901 voce
1185 1860 1377 1902 vulnero.
1415 1862 1560 1905 Fuisti

115 1915 250 1971 igitur
272 1917 386 1972 apud
412 1916 593 1957 Leccam
616 1915 686 1956 illa
710 1926 853 1967 nocte,
886 1916 1095 1959 Catilina:
1129 1917 1388 1959 distribuisti
1412 1930 1555 1975 partes

115 1970 279 2014 Italiae:
315 1974 501 2015 statuisti
525 1987 610 2028 quo
630 1987 843 2028 quemque
859 1974 1074 2029 proficisci
1094 1975 1306 2031 placeret:
1340 1975 1555 2033 delegisti,

112 2044 220 2085 quos
253 2030 407 2072 Romae
440 2030 713 2085 relinquereS,
736 2045 843 2086 quos
869 2041 1010 2072 tecum
1033 2032 1254 2074 educeres:
1289 2033 1555 2090 descripsisti

112 2087 230 2128 urbis
247 2098 388 2144 partes
408 2088 459 2129 ad
477 2087 700 2130 incendia:
733 2088 1014 2141 confirmasti,
1033 2098 1074 2131 te
1092 2089 1338 2146 ipsumjam
1354 2105 1446 2132 esse
1463 2092 1556 2133 exi-

851 2250 959 2278 terus:
996 2250 1031 2277 et
1066 2247 1111 2278 sic
1144 2248 1331 2287 conjecerat
1364 2248 1556 2283 Lambinus.

153 2250 190 2282 17
212 2247 250 2278 id
270 2247 355 2287 quod
376 2248 479 2278 multo
503 2247 612 2286 magis
635 2236 681 2278 est
704 2247 809 2277 admi-

853 2289 935 2320 Edd.
949 2294 1032 2320 vett.
1048 2295 1083 2320 et
1104 2290 1180 2320 libri
1203 2300 1265 2321 scr.
1289 2291 1414 2322 habent
1436 2297 1560 2323 neutro

107 2290 269 2329 randum]
286 2290 396 2330 Quare
411 2290 499 2321 dicat
513 2289 546 2320 id
559 2299 627 2320 esse
646 2289 808 2320 admiran-

107 2331 200 2368 dum,
215 2342 312 2362 nemo
327 2332 427 2368 dicat,
450 2332 630 2372 praesertim
652 2342 728 2362 cum
743 2333 811 2372 ipse

106 2373 145 2404 de
174 2384 208 2404 se
233 2375 389 2413 loquatur
411 2374 536 2405 Cicero.
571 2374 665 2414 Sapit
692 2379 805 2404 notam

105 2416 304 2455 glossatoris·
349 2417 519 2458 Scripsisse
541 2416 670 2448 videtur
691 2426 807 2447 verum

105 2460 172 2499 ipse
183 2460 260 2490 «lies.
352 2485 356 2490 .

151 2503 187 2532 18
211 2512 280 2532 meo
294 2499 407 2542 jussu,
424 2503 502 2532 meis
517 2500 694 2542 proesz‘diis]
721 2499 808 2532 Meis

104 2543 187 2573 mihi
201 2550 389 2585 suspectum
405 2554 533 2585 semper
546 2550 608 2581 est,
624 2549 659 2574 et
678 2553 696 2574 e
711 2552 805 2583 supe-

104 2585 244 2616 rioribus
273 2587 336 2617 huc
363 2592 509 2617 tractum
538 2587 678 2617 videtur.
724 2585 805 2616 11aee

104 2628 267 2667 praesklia,
283 2633 322 2659 ut
337 2629 457 2668 vigiliae
471 2635 506 2660 et
522 2629 692 2663 custodiae,
710 2633 806 2658 erant

103 2670 398 2708 Praenestinorum,
430 2672 487 2702 sed
515 2673 610 2711 jussu
639 2670 806 2701 Ciceronis

102 2718 305 2752 comparata.
326 2713 404 2744 Non
418 2713 578 2751 dubitavi,
594 2719 728 2754 propter
739 2713 804 2744 evi-

102 2753 264 2792 dentiam,
279 2755 397 2786 delere.

150 2799 187 2831 19
209 2807 271 2828 mm
287 2799 378 2828 modo
396 2808 460 2829 non
480 2798 632 2836 audiam,
654 2808 680 2828 ε.
695 2807 723 2828 e.
741 2807 805 2827 non

100 2839 246 2881 videam]
263 2841 317 2873 Sic
332 2851 350 2872 e
370 2841 450 2873 Mss.
467 2841 592 2882 Cujacii
605 2840 708 2872 edidit
720 2840 806 2871 Gru-

853 2331 926 2362 loco
941 2342 1017 2363 non.
1062 2332 1210 2363 Graevius
1233 2343 1342 2363 rursus
1366 2335 1473 2373 ejecit.
1494 2335 1555 2373 ait,

851 2384 914 2404 non
931 2375 1021 2405 modo
1033 2384 1118 2415 saepe
1141 2374 1205 2405 dici
1220 2384 1279 2414 pro
1293 2385 1356 2406 non
1370 2377 1462 2406 modo
1477 2386 1553 2408 nou.

851 2423 950 2453 recte,
966 2417 1022 2447 sed
1035 2427 1103 2449 non
1116 2418 1150 2448 in
1163 2417 1221 2447 tali
1237 2423 1406 2449 contextu.
1419 2428 1449 2449 v.
1461 2419 1553 2450 Clav.

849 2459 884 2489 in
900 2460 1002 2489 modo.
1047 2459 1172 2490 Saltem
1192 2469 1256 2489 non
1275 2461 1405 2491 videam
1419 2460 1554 2493 deberet

848 2502 967 2532 servari
979 2514 986 2532 t
1009 2506 1044 2532 et
1056 2501 1118 2532 hoe
1131 2502 1267 2532 fortasse
1282 2512 1394 2533 verum
1405 2508 1466 2534 est.

890 2547 930 2574 5⁷0
953 2548 1078 2575 noctem
1111 2545 1205 2575 illam
1232 2546 1444 2585 superiorem]
1479 2546 1554 2578 Hoc

848 2585 1044 2626 elegantius,
1061 2596 1158 2625 quam
1185 2587 1355 2626 vulgatum
1380 2589 1476 2618 illum
1497 2599 1553 2619 su·

842 2631 1007 2668 perierem
1021 2633 1156 2659 noctem.
1202 2629 1254 2659 Sic
1270 2629 1416 2660 Graevius
1429 2630 1532 2662 dedit.

891 2673 928 2702 21
953 2673 990 2702 in
1028 2681 1093 2710 qua
1128 2672 1208 2702 urbe
1248 2672 1415 2702 vivimus?
1451 2683 1553 2712 quam

847 2714 965 2754 remp]
993 2713 1056 2744 Hic
1071 2713 1150 2743 ordo
1175 2717 1226 2744 est
1250 2713 1285 2744 in
1308 2713 1358 2745 ed.
1382 2714 1436 2744 W.
1461 2718 1551 2747 1480.

849 2755 907 2786 διο.
932 2755 1027 2792 Aliae,
1044 2756 1084 2786 R.
1099 2755 1156 2786 Br.
1170 2761 1205 2786 et
1228 2757 1422 2796 posteriores
1445 2757 1553 2787 inver-

847 2802 937 2829 tunt.
980 2798 1081 2828 ll-lum
1116 2798 1265 2830 ordinem
1296 2798 1378 2830 bene
1406 2800 1552 2840 restituit

848 2841 997 2872 Graevius
1012 2851 1029 2873 e
1045 2841 1126 2872 Mss.
