1907 3231
554 113 620 150 IN
651 111 697 151 L.
725 109 1079 151 CATILINAM.
1455 114 1531 149 6⁵1

89 221 198 278 perii
235 218 562 276 disciplinaeque
601 216 817 272 majorum
857 215 1083 273 proprium
1123 223 1203 265 est,
1245 215 1388 257 facere
1426 230 1537 257 non-

88 280 191 320 dum
229 278 390 329 audeo,
435 276 593 318 faciam
632 275 690 326 id,
723 273 838 330 quod
873 283 938 315 est
977 272 1035 314 ad
1071 272 1345 313 severitatem
1382 272 1535 324 lenius,

89 346 134 376 et
155 336 209 377 ad
240 347 514 377 communem
551 330 732 373 salutem
760 331 924 373 utilius.
955 343 1072 380 nam,
1096 329 1131 369 si
1165 338 1206 369 te
1236 329 1422 371 interfici
1440 330 1538 385 jus-

91 408 201 444 sero,
222 391 478 433 ‘29residebit
507 389 552 429 in
582 388 991 445 republicareliqua
1010 386 1336 441 conjuratorum
1368 401 1536 428 manus.

92 450 159 490 sin
189 459 234 490 tu
266 448 401 503 (quod
432 458 474 488 te
500 446 761 502 jamdudum
792 446 960 495 hortor)
983 444 1155 494 exieris,
1178 443 1457 484 exhaurietur
1481 458 1536 484 ex

93 508 199 548 urbe
229 517 402 546 tuorum
432 505 641 545 comitum
673 518 833 560 magna
860 513 904 544 et
934 501 1176 558 perniciosa
1195 500 1415 541 3Osentina
1436 501 1537 553 [rei-

92 563 314 620 publicae]
377 562 496 609 Quid
523 571 602 613 est,
626 561 843 602 Catilina?
873 575 977 601 num
1009 559 1180 600 dubitas
1212 558 1269 609 id,
1302 572 1370 598 me
1400 558 1537 613 impe-
1553 564 1597 597 13

95 631 231 671 rante,
262 620 418 670 facere,
449 619 564 674 quod
593 619 688 674 jam
720 621 848 658 3¹tua
880 629 1035 672 sponte
1069 615 1285 657 faciebas?
1318 614 1450 656 Exire
1480 628 1536 655 ex
1550 634 1581 663 p.
1602 626 1672 654 100.

93 679 201 724 urbe
230 677 382 718 consul
411 677 579 718 hostem
604 677 747 732 jubet.
779 676 1018 729 interrogas
1049 687 1130 723 me,
1162 674 1202 704 32
1216 688 1319 713 num
1352 673 1397 713 in
1423 672 1587 730 exsi-a3

92 735 229 776 lium?
261 749 347 776 non
372 734 530 790 jubeo:
564 734 637 774 sed
659 734 694 774 si
717 746 786 772 me
807 731 1009 780 consulis,
1032 730 1205 770 suadeo,
1267 731 1386 777 Quid
1406 722 1587 780 enim,()

96 792 299 842 Catilina,
322 802 401 841 est,
423 791 539 847 quod
564 799 604 831 te
628 790 722 844 jam
745 789 790 829 in
820 788 902 829 hac
933 789 1038 828 urbe
1060 786 1272 828 delectare
1302 788 1464 843 possit?
1494 788 1541 828 in

94 864 180 904 qua
210 864 338 890 nemo
368 859 449 900 est,
477 856 601 889 extra
630 848 757 887 istam
788 845 1134 900 conjurationem
1167 846 1432 899 perditorum
1461 845 1542 885 ho-

96 907 278 957 minum,
300 907 374 961 qui
398 915 440 946 te
460 919 548 946 non
569 913 759 953 metuat,
791 917 933 953 nemo,
955 905 995 933 33
1010 902 1083 957 qui
1106 916 1194 941 non
1216 902 1370 943 oderit.
1427 902 1541 949 Quae

96 974 202 1009 nota
223 963 474 1005 domesticae
495 961 776 1017 turpitudinis
800 975 886 1001 non
910 960 1053 1000 inusta
1072 959 1173 1000 vitae
1197 968 1282 1000 tuae
1305 962 1394 1002 est?
1425 959 1541 1014 quod

97 1022 362 1078 privatarum
383 1034 524 1060 rerum
545 1019 730 1060 dedecus
751 1019 889 1059 34non
913 1017 1049 1058 haeret
1073 1016 1294 1058 infamiae?
1324 1031 1422 1072 quae
1445 1016 1542 1057 libi·
1599 1041 1601 1044 -

97 1079 154 1120 do
185 1080 240 1120 ab
270 1077 420 1127 oculis,
447 1077 563 1132 quod
585 1076 753 1117 facinus
785 1091 810 1116 a
837 1075 1036 1115 manibus
1067 1088 1272 1128 umquam
1304 1079 1403 1126 tuis,
1425 1073 1542 1129 quod

98 1136 313 1191 flagitium
338 1150 362 1175 a
384 1144 478 1175 toto
500 1148 680 1190 corpore
703 1133 872 1174 abfuit?
894 1133 964 1173 cui
986 1142 1032 1172 tu
1056 1131 1390 1182 adolescentulo,
1413 1146 1543 1187 quem

97 1192 438 1249 corruptelarum
461 1191 672 1232 illecebris
696 1191 917 1240 irretisses,
936 1204 1023 1230 non
1043 1199 1117 1229 aut
1138 1189 1188 1229 ad
1213 1190 1437 1230 audaciam
1459 1189 1544 1229 fer-

99 1265 209 1301 rum,
240 1259 315 1291 aut
350 1250 403 1290 ad
433 1248 659 1290 libidinem
690 1247 829 1288 facem
863 1247 1120 1303 praetulisti?
1153 1246 1273 1292 Quid
1306 1250 1435 1288 vero?
1465 1248 1607 1292 niz-14

100 1321 192 1362 per,
222 1321 322 1348 cum
354 1316 492 1347 morte
521 1306 752 1362 superioris
784 1305 932 1346 uxoris
965 1304 1088 1345 novis
1118 1304 1283 1359 nuptiis
1313 1307 1354 1335 35
1368 1304 1547 1346 domum

100 1364 425 1413 vacuefecisses,
449 1378 591 1404 nonne.
613 1363 744 1403 etiam
775 1362 858 1403 aiio
882 1361 1124 1403 incredibili
1156 1361 1313 1402 scelere
1342 1362 1427 1403 hoc
1458 1375 1549 1402 sce*

101 1420 168 1462 lus
189 1420 447 1464 cumulasti?
478 1421 594 1476 quod
614 1434 699 1476 ego.
720 1420 1022 1475 praetermitto‚
1043 1428 1087 1459 et
1109 1419 1235 1459 facile
1256 1420 1400 1474 patior
1421 1419 1550 1470 sileri,

103 1493 159 1521 ne
190 1479 233 1519 in
266 1479 346 1520 hac
377 1479 555 1518 civitate
577 1477 686 1518 tanti
708 1477 913 1517 facinoris
946 1477 1191 1516 immanitas
1222 1487 1297 1517 aut
1317 1477 1551 1527 exstitisse,

103 1545 178 1582 aut
201 1551 288 1577 non
311 1535 531 1576 vindicata
551 1549 643 1575 esse
666 1534 877 1575 videatur.
931 1533 1225 1575 Praetermitto
1248 1534 1390 1574 ruinas
1412 1534 1554 1575 fortu-

100 1607 253 1634 narum
275 1602 461 1643 tuarum,
483 1607 589 1648 quas
611 1606 760 1633 omnes
792 1591 1040 1647 impendere
1063 1591 1144 1632 tibi
1167 1592 1207 1622 36
1218 1592 1430 1647 proximis
1463 1591 1554 1632 Idi-

103 1651 183 1691 bus
215 1651 398 1691 senties:
431 1650 484 1690 ad
516 1650 584 1690 illa
616 1649 759 1700 venio,
786 1663 884 1704 quae
917 1663 1003 1690 non
1035 1648 1087 1689 ad
1120 1648 1334 1704 privatam
1364 1649 1554 1705 ignomi-

101 1708 221 1750 niam
241 1710 282 1741 37
296 1707 502 1748 vitiorum
524 1716 712 1757 tuorum,
743 1721 832 1747 non
862 1706 915 1747 ad
939 1708 978 1737 38
991 1706 1274 1748 domesticam
1300 1716 1418 1747 tuam
1440 1706 1555 1747 diffi-

103 1764 309 1808 cultatem
342 1779 393 1806 ac
427 1764 755 1820 turpitudinem,
790 1763 864 1804 sed
899 1764 1002 1804 393d
1041 1778 1253 1805 summam
1287 1764 1556 1820 reipublicae‚

103 1934 234 1964 variant
248 1932 335 1963 libri.
379 1932 443 1963 Sed
457 1942 524 1963 non
539 1938 590 1963 est
602 1932 702 1963 tanti.
726 1933 807 1962 Sen-

105 1986 159 2006 sus
175 1981 242 2006 est:
260 1975 324 2006 duo
341 1975 482 2006 remedia
494 1975 638 2006 adhiberi
655 1980 806 2015 possunt,

107 2018 250 2048 alterurn
267 2018 454 2054 vehemens,
470 2018 611 2048 alterum
626 2017 716 2048 lene:
743 2017 808 2057 pri-

109 2071 200 2090 ·num
217 2066 280 2098 est,
302 2060 488 2090 interficere
505 2061 726 2101 perniciosum
750 2060 809 2090 ho-

106 2103 244 2140 minem,
260 2102 400 2133 alterum
416 2102 530 2142 ejicere
543 2114 583 2133 ex
595 2103 685 2133 urbe.
720 2101 809 2132 Illud

107 2150 157 2175 est
170 2145 311 2185 imperii,
325 2144 347 2174 i.
359 2155 386 2174 e.
401 2145 573 2185 potestatis
586 2144 766 2175 consularis
775 2150 809 2174 et

109 2187 290 2227 disciplinae
312 2188 493 2226 majorum:
529 2187 590 2217 hoc
613 2187 808 2227 prudentiae.

109 2229 192 2270 Mox
206 2230 281 2260 libri
303 2230 417 2269 scripti
436 2230 502 2261 fere
521 2234 552 2260 et
574 2230 618 2260 ad
638 2240 718 2260 com.
734 2239 760 2259 s.
775 2240 810 2260 u.

109 2271 218 2312 Vulgo
231 2277 262 2302 et
279 2272 382 2302 abest.

152 2317 192 2349 29
216 2315 365 2344 residebit
380 2316 413 2344 in
428 2323 456 2344 r.
469 2315 596 2354 reliqua
610 2323 637 2344 c.
651 2313 710 2353 m.]
734 2315 811 2344 reli-

110 2366 176 2397 qua
199 2357 280 2387 mihi
310 2361 500 2397 suspectum
524 2362 584 2387 est.
609 2366 687 2386 nam
711 2355 812 2396 friget

109 2399 220 2430 nimis.
262 2399 314 2430 An
329 2399 470 2438 aliqua?

152 2443 193 2472 30
214 2442 343 2472 sentina
376 2440 472 2480 reip]
507 2440 594 2470 Mihi
621 2444 810 2481 suspectum

109 2488 161 2514 est
175 2484 367 2523 reipublieoe.
412 2483 540 2513 Sufficit
555 2493 594 2512 ex
606 2484 697 2513 urbe.
728 2482 812 2513 Urbs

111 2525 286 2566 respondet
307 2527 404 2556 nam’:
426 2530 465 2555 ut
479 2536 518 2555 ex
535 2526 622 2561 navi,
638 2525 684 2555 sic
698 2536 736 2555 ex
758 2535 813 2556 ur-

110 2567 151 2598 be
185 2567 378 2598 exhauritur
412 2568 553 2598 sentina.
597 2569 650 2598 Sic
684 2569 814 2598 sentina

110 2610 203 2640 urbis
230 2609 329 2640 Catil.
345 2610 391 2647 Π,
408 2613 438 2641 4.
454 2615 488 2640 et
509 2609 550 2640 ad
564 2610 635 2640 Att.
653 2609 680 2646 1,
703 2613 749 2644 19.
765 2611 814 2641 di-

111 2652 208 2682 citur.
262 2652 428 2692 Quorsum
462 2653 564 2691 igitur
590 2651 722 2682 additur
749 2655 813 2683 rei-

105 2695 247 2734 publicoe
258 2695 274 2724 .7
296 2695 356 2725 Est
371 2694 459 2725 haud
475 2695 571 2724 dubie
587 2705 606 2724 a
620 2694 812 2733 glossatore.

155 2739 192 2767 31
219 2742 279 2767 tua
292 2736 572 2777 spontesaciebus]
599 2738 619 2767 i.
636 2737 743 2767 facere
759 2749 814 2768 vo-

113 2778 214 2809 lebas.
228 2789 257 2809 v.
272 2789 343 2819 cap.
355 2779 525 2819 superiori.

155 2823 196 2852 32
210 2831 292 2851 num
306 2823 341 2852 in
353 2822 518 2862 exsilium]
544 2821 566 2852 i.
581 2827 619 2851 ut
633 2821 694 2851 tibi
710 2822 814 2854 redire

114 2872 182 2894 non
197 2863 307 2902 liceat,
323 2870 382 2896 aut
394 2873 563 2904 nunquam
580 2863 701 2896 redeas.

892 1935 932 1963 33
955 1933 1010 1972 qui
1046 1941 1109 1962 non
1137 1932 1255 1971 oderit]
1296 1932 1443 1962 Graevius
1478 1942 1556 1965 eum

849 1975 937 2005 vict.
953 1980 986 2005 et
1002 1975 1134 2005 Manut.
1149 1974 1240 2005 addit
1260 1979 1303 2012 te,
1320 1979 1354 2005 et
1370 1976 1415 2005 sie
1430 1975 1480 2006 ed.
1499 1977 1555 2008 W.

850 2017 937 2048 Mihi
951 2017 1108 2057 languere
1123 2016 1263 2047 videtur.
1497 2041 1500 2042 γ

893 2063 934 2090 34
957 2069 1020 2090 non
1061 2061 1162 2089 lueret
1196 2058 1358 2099 irgtizmioe]
1399 2059 1557 2099 Infamioe

853 2112 966 2133 verum
986 2112 1054 2132 esse
1070 2111 1137 2131 non
1151 2107 1274 2142 potest,
1290 2112 1350 2132 nee
1364 2102 1464 2133 habet
1482 2113 1555 2133 sen-

852 2154 924 2175 sum
955 2144 1177 2174 commodum.
1233 2144 1415 2175 Lambinus
1440 2145 1555 2183 edidit,

853 2187 892 2217 de
908 2188 1110 2226 conjectura,
1123 2185 1284 2224 infanta.
1307 2187 1468 2217 Gruterus
1487 2198 1556 2218 ma-

853 2229 895 2259 lit
909 2228 1104 2268 tuoefizmoe,
1127 2229 1213 2268 quod
1235 2234 1270 2259 et
1285 2229 1394 2269 placet
1414 2229 1556 2261 Graevio.

856 2271 927 2311 Ego
949 2271 1064 2302 malim
1086 2271 1136 2301 vel
1147 2270 1270 2310 fizmoe,
1287 2272 1338 2302 vel
1347 2271 1460 2310 fcmzoe
1478 2276 1556 2310 tuoe,

854 2319 894 2344 ut
918 2323 1018 2353 supra
1040 2314 1116 2344 υἱέα
1136 2318 1220 2343 tuce.-
1243 2323 1320 2344 nam
1344 2320 1377 2344 ct
1403 2314 1475 2345 edd.
1502 2315 1556 2347 W.

859 2359 949 2387 1480.
961 2356 1084 2386 habent
1098 2355 1247 2396 itgfamioe
1260 2361 1335 2386 tuoe.

897 2401 937 2429 35
960 2399 1092 2428 domum
1105 2397 1400 2438 vacuumfecisses]
1417 2399 1471 2429 Sic
1484 2399 1558 2430 vul-

855 2441 935 2480 gati.
961 2441 1051 2471 Bene
1066 2451 1083 2471 e
1098 2441 1187 2471 libris
1203 2451 1263 2471 scr.
1279 2441 1427 2471 Graevius
1441 2451 1559 2472 vacue-

843 2482 990 2522 fecisses.

898 2526 938 2556 36
948 2525 1108 2565 prorz'mz's
1122 2525 1248 2564 Idibus]
1265 2535 1294 2555 v.
1311 2524 1401 2555 Clav.
1417 2525 1451 2555 in
1465 2526 1558 2557 Idus.

898 2570 936 2601 37
961 2568 1117 2598 vitiorum
1139 2567 1286 2607 tuorum]
1315 2568 1462 2599 Tuorum
1481 2579 1557 2599 cum

857 2609 986 2640 Graevio
1001 2620 1041 2640 ex
1052 2609 1124 2640 edd.
1141 2616 1221 2639 vett.
1238 2610 1378 2641 restitui.

898 2655 938 2683 33
961 2653 1167 2682 domesticam
1183 2652 1428 2693 dffeultatem]
1452 2662 1497 2684 se.
1511 2652 1558 2683 roi

857 2695 1063 2735 pecuniariae.
1078 2704 1107 2724 v.
1121 2694 1211 2725 Clav.

899 2739 939 2771 39
962 2737 1008 2767 ad
1033 2747 1198 2767 summam
1230 2736 1329 2777 reip]
1365 2737 1512 2768 Graevius
1540 2746 1559 2766 e

857 2779 921 2809 Ms.
935 2789 1054 2810 summ.
1069 2780 1303 2818 rempublicam
1317 2792 1326 2809 .·
1351 2789 1418 2810 uon
1432 2787 1482 2810 est
1503 2788 1560 2809 ne-

856 2831 953 2853 cesse.
969 2832 998 2853 v.
1015 2821 1107 2852 Clav.
1122 2822 1156 2852 in
1170 2832 1312 2853 semmaa.
