<?xml version="1.0" encoding="UTF-8"?>
<!DOCTYPE html PUBLIC "-//W3C//DTD XHTML 1.0 Transitional//EN"
    "http://www.w3.org/TR/xhtml1/DTD/xhtml1-transitional.dtd">
<html xmlns="http://www.w3.org/1999/xhtml" xml:lang="en" lang="en">
 <head>
  <title>
</title>
<meta http-equiv="Content-Type" content="text/html;charset=utf-8" />
  <meta name='ocr-system' content='tesseract 3.04.00' />
  <meta name='ocr-capabilities' content='ocr_page ocr_carea ocr_par ocr_line ocrx_word'/>
</head>
<body>
  <div class='ocr_page' id='page_1' title='image "./p1operaomnia02ciceuoft_0202.png"; bbox 0 0 1907 3231; ppageno 0'>
   <div class='ocr_carea' id='block_1_1' title="bbox 326 151 1220 196">
    <p class='ocr_par' dir='ltr' id='par_1_1' title="bbox 326 151 1220 196">
     <span class='ocr_line' id='line_1_1' title="bbox 326 151 1220 196; baseline 0.002 -5"><span class='ocrx_word' id='word_1_1' title='bbox 326 156 397 196; x_wconf 74' lang='lat'>176</span> <span class='ocrx_word' id='word_1_2' title='bbox 852 151 919 193; x_wconf 84' lang='lat' dir='ltr'>IN</span> <span class='ocrx_word' id='word_1_3' title='bbox 945 153 1220 193; x_wconf 82' lang='lat' dir='ltr'><strong>VERREM</strong></span> 
     </span>
    </p>
   </div>
   <div class='ocr_carea' id='block_1_2' title="bbox 197 256 1763 2422">
    <p class='ocr_par' dir='ltr' id='par_1_2' title="bbox 197 256 1763 2422">
     <span class='ocr_line' id='line_1_2' title="bbox 327 256 1755 315; baseline 0.002 -18"><span class='ocrx_word' id='word_1_4' title='bbox 327 271 472 307; x_wconf 84' lang='lat' dir='ltr'>canus,</span> <span class='ocrx_word' id='word_1_5' title='bbox 506 256 771 314; x_wconf 78' lang='lat' dir='ltr'>Karthagine</span> <span class='ocrx_word' id='word_1_6' title='bbox 801 257 953 308; x_wconf 89' lang='lat' dir='ltr'>deleta,</span> <span class='ocrx_word' id='word_1_7' title='bbox 993 259 1233 300; x_wconf 87' lang='lat' dir='ltr'>Siculorum</span> <span class='ocrx_word' id='word_1_8' title='bbox 1265 259 1389 300; x_wconf 89' lang='lat' dir='ltr'>urbes</span> <span class='ocrx_word' id='word_1_9' title='bbox 1433 257 1566 315; x_wconf 86' lang='lat' dir='ltr'>signis</span> <span class='ocrx_word' id='word_1_10' title='bbox 1595 272 1755 300; x_wconf 82' lang='lat' dir='ltr'>monu-</span> 
     </span>
     <span class='ocr_line' id='line_1_3' title="bbox 328 314 1748 372; baseline 0.001 -18"><span class='ocrx_word' id='word_1_11' title='bbox 328 314 567 370; x_wconf 84' lang='lat' dir='ltr'>mentisque</span> <span class='ocrx_word' id='word_1_12' title='bbox 590 314 884 371; x_wconf 76' lang='lat' dir='ltr'>pulcherrimis</span> <span class='ocrx_word' id='word_1_13' title='bbox 905 316 1151 357; x_wconf 83' lang='lat' dir='ltr'>exornavit:</span> <span class='ocrx_word' id='word_1_14' title='bbox 1184 326 1245 367; x_wconf 91' lang='lat' dir='ltr'>ut,</span> <span class='ocrx_word' id='word_1_15' title='bbox 1266 331 1374 371; x_wconf 87' lang='lat' dir='ltr'>quos</span> <span class='ocrx_word' id='word_1_16' title='bbox 1392 316 1571 358; x_wconf 87' lang='lat' dir='ltr'>victoria</span> <span class='ocrx_word' id='word_1_17' title='bbox 1599 315 1748 372; x_wconf 89' lang='lat' dir='ltr'>populi</span> 
     </span>
     <span class='ocr_line' id='line_1_4' title="bbox 337 370 1750 436; baseline 0.003 -26"><span class='ocrx_word' id='word_1_18' title='bbox 337 370 518 412; x_wconf 80' lang='lat' dir='ltr'>Romani</span> <span class='ocrx_word' id='word_1_19' title='bbox 542 373 729 413; x_wconf 79' lang='lat' dir='ltr'>maxime</span> <span class='ocrx_word' id='word_1_20' title='bbox 760 371 893 412; x_wconf 61' lang='lat' dir='ltr'>lat-tari</span> <span class='ocrx_word' id='word_1_21' title='bbox 925 372 1225 423; x_wconf 76' lang='lat' dir='ltr'>arbitrabatur,</span> <span class='ocrx_word' id='word_1_22' title='bbox 1248 373 1358 436; x_wconf 87' lang='lat' dir='ltr'>apud</span> <span class='ocrx_word' id='word_1_23' title='bbox 1378 387 1449 413; x_wconf 88' lang='lat' dir='ltr'>eos</span> <span class='ocrx_word' id='word_1_24' title='bbox 1472 381 1750 414; x_wconf 81' lang='lat' dir='ltr'>monumenta</span> 
     </span>
     <span class='ocr_line' id='line_1_5' title="bbox 295 427 1751 485; baseline 0.004 -21"><span class='ocrx_word' id='word_1_25' title='bbox 295 428 523 469; x_wconf 76' lang='lat' dir='ltr'>4victoriae</span> <span class='ocrx_word' id='word_1_26' title='bbox 546 428 725 484; x_wconf 82' lang='lat' dir='ltr'>plurima</span> <span class='ocrx_word' id='word_1_27' title='bbox 747 429 989 469; x_wconf 78' lang='lat' dir='ltr'>collocaret.</span> <span class='ocrx_word' id='word_1_28' title='bbox 1053 427 1249 484; x_wconf 90' lang='lat' dir='ltr'>Denique</span> <span class='ocrx_word' id='word_1_29' title='bbox 1271 429 1338 470; x_wconf 80' lang='lat' dir='ltr'>ille</span> <span class='ocrx_word' id='word_1_30' title='bbox 1361 430 1450 485; x_wconf 86' lang='lat' dir='ltr'>ipse</span> <span class='ocrx_word' id='word_1_31' title='bbox 1474 429 1539 470; x_wconf 91' lang='lat' dir='ltr'>M.</span> <span class='ocrx_word' id='word_1_32' title='bbox 1565 428 1751 470; x_wconf 89' lang='lat' dir='ltr'>Marcel-</span> 
     </span>
     <span class='ocr_line' id='line_1_6' title="bbox 331 483 1753 540; baseline 0.001 -16"><span class='ocrx_word' id='word_1_33' title='bbox 331 483 409 535; x_wconf 89' lang='lat' dir='ltr'><strong>lus,</strong></span> <span class='ocrx_word' id='word_1_34' title='bbox 442 486 564 540; x_wconf 81' lang='lat' dir='ltr'>cujus</span> <span class='ocrx_word' id='word_1_35' title='bbox 596 486 636 526; x_wconf 90' lang='lat' dir='ltr'>in</span> <span class='ocrx_word' id='word_1_36' title='bbox 672 485 818 526; x_wconf 81' lang='lat' dir='ltr'>Sicilia</span> <span class='ocrx_word' id='word_1_37' title='bbox 850 485 1049 525; x_wconf 77' lang='lat' dir='ltr'>virtutem</span> <span class='ocrx_word' id='word_1_38' title='bbox 1087 485 1245 536; x_wconf 85' lang='lat' dir='ltr'>hostes,</span> <span class='ocrx_word' id='word_1_39' title='bbox 1275 487 1606 527; x_wconf 80' lang='lat' dir='ltr'>misericordiam</span> <span class='ocrx_word' id='word_1_40' title='bbox 1632 486 1753 537; x_wconf 89' lang='lat' dir='ltr'>victi,</span> 
     </span>
     <span class='ocr_line' id='line_1_7' title="bbox 330 541 1751 597; baseline 0.002 -16"><span class='ocrx_word' id='word_1_41' title='bbox 330 541 542 597; x_wconf 86' lang='lat' dir='ltr'>fidemque</span> <span class='ocrx_word' id='word_1_42' title='bbox 563 543 692 582; x_wconf 85' lang='lat' dir='ltr'>cctcri</span> <span class='ocrx_word' id='word_1_43' title='bbox 716 541 845 582; x_wconf 75' lang='lat' dir='ltr'>Siculi</span> <span class='ocrx_word' id='word_1_44' title='bbox 868 551 1189 597; x_wconf 80' lang='lat' dir='ltr'>perspexerunt,</span> <span class='ocrx_word' id='word_1_45' title='bbox 1219 558 1302 583; x_wconf 89' lang='lat' dir='ltr'>non</span> <span class='ocrx_word' id='word_1_46' title='bbox 1327 543 1460 583; x_wconf 85' lang='lat' dir='ltr'>solum</span> <span class='ocrx_word' id='word_1_47' title='bbox 1485 544 1611 584; x_wconf 84' lang='lat' dir='ltr'>sociis</span> <span class='ocrx_word' id='word_1_48' title='bbox 1635 543 1676 583; x_wconf 88' lang='lat' dir='ltr'>in</span> <span class='ocrx_word' id='word_1_49' title='bbox 1698 557 1751 584; x_wconf 88' lang='lat' dir='ltr'>eo</span> 
     </span>
     <span class='ocr_line' id='line_1_8' title="bbox 328 597 1751 656; baseline 0.002 -19"><span class='ocrx_word' id='word_1_50' title='bbox 328 597 441 638; x_wconf 77' lang='lat' dir='ltr'>bello</span> <span class='ocrx_word' id='word_1_51' title='bbox 462 598 690 648; x_wconf 79' lang='lat' dir='ltr'>consuluit,</span> <span class='ocrx_word' id='word_1_52' title='bbox 713 613 857 638; x_wconf 73' lang='lat' dir='ltr'>verum</span> <span class='ocrx_word' id='word_1_53' title='bbox 880 599 1009 638; x_wconf 79' lang='lat' dir='ltr'>ctiam</span> <span class='ocrx_word' id='word_1_54' title='bbox 1027 599 1233 654; x_wconf 81' lang='lat' dir='ltr'>superatis</span> <span class='ocrx_word' id='word_1_55' title='bbox 1256 600 1451 640; x_wconf 82' lang='lat' dir='ltr'>hostibus</span> <span class='ocrx_word' id='word_1_56' title='bbox 1483 600 1751 656; x_wconf 84' lang='lat' dir='ltr'>temperavit.</span> 
     </span>
     <span class='ocr_line' id='line_1_9' title="bbox 332 654 1752 711; baseline 0.001 -16"><span class='ocrx_word' id='word_1_57' title='bbox 332 655 490 695; x_wconf 78' lang='lat' dir='ltr'>Urbem</span> <span class='ocrx_word' id='word_1_58' title='bbox 514 655 857 711; x_wconf 80' lang='lat' dir='ltr'>pulcherrimam,</span> <span class='ocrx_word' id='word_1_59' title='bbox 890 654 1134 709; x_wconf 72' lang='lat' dir='ltr'>Syracusas,</span> <span class='ocrx_word' id='word_1_60' title='bbox 1155 670 1252 710; x_wconf 83' lang='lat' dir='ltr'>quae</span> <span class='ocrx_word' id='word_1_61' title='bbox 1275 671 1371 697; x_wconf 89' lang='lat' dir='ltr'>cum</span> <span class='ocrx_word' id='word_1_62' title='bbox 1404 671 1530 698; x_wconf 84' lang='lat' dir='ltr'>manu</span> <span class='ocrx_word' id='word_1_63' title='bbox 1554 657 1752 697; x_wconf 88' lang='lat' dir='ltr'>munitis-</span> 
     </span>
     <span class='ocr_line' id='line_1_10' title="bbox 330 711 1752 763; baseline 0.002 -12"><span class='ocrx_word' id='word_1_64' title='bbox 330 712 436 751; x_wconf 81' lang='lat' dir='ltr'>sima</span> <span class='ocrx_word' id='word_1_65' title='bbox 458 722 580 762; x_wconf 77' lang='lat' dir='ltr'>esset,</span> <span class='ocrx_word' id='word_1_66' title='bbox 603 722 693 752; x_wconf 81' lang='lat' dir='ltr'>tum</span> <span class='ocrx_word' id='word_1_67' title='bbox 717 711 797 753; x_wconf 89' lang='lat' dir='ltr'>loci</span> <span class='ocrx_word' id='word_1_68' title='bbox 820 720 984 761; x_wconf 84' lang='lat' dir='ltr'>natura,</span> <span class='ocrx_word' id='word_1_69' title='bbox 1004 721 1114 752; x_wconf 87' lang='lat' dir='ltr'>terra</span> <span class='ocrx_word' id='word_1_70' title='bbox 1136 727 1184 753; x_wconf 89' lang='lat' dir='ltr'>ac</span> <span class='ocrx_word' id='word_1_71' title='bbox 1207 713 1311 753; x_wconf 88' lang='lat' dir='ltr'>mari</span> <span class='ocrx_word' id='word_1_72' title='bbox 1342 713 1631 763; x_wconf 80' lang='lat' dir='ltr'>claudebatur,</span> <span class='ocrx_word' id='word_1_73' title='bbox 1653 727 1752 754; x_wconf 88' lang='lat' dir='ltr'>cum</span> 
     </span>
     <span class='ocr_line' id='line_1_11' title="bbox 332 768 1753 827; baseline 0.002 -19"><span class='ocrx_word' id='word_1_74' title='bbox 332 768 371 808; x_wconf 83' lang='lat' dir='ltr'>vi</span> <span class='ocrx_word' id='word_1_75' title='bbox 403 769 666 824; x_wconf 82' lang='lat' dir='ltr'>consilioque</span> <span class='ocrx_word' id='word_1_76' title='bbox 695 770 890 825; x_wconf 82' lang='lat' dir='ltr'>cepisset,</span> <span class='ocrx_word' id='word_1_77' title='bbox 922 784 1006 809; x_wconf 90' lang='lat' dir='ltr'>non</span> <span class='ocrx_word' id='word_1_78' title='bbox 1044 769 1179 810; x_wconf 86' lang='lat' dir='ltr'>solum</span> <span class='ocrx_word' id='word_1_79' title='bbox 1218 769 1475 811; x_wconf 88' lang='lat' dir='ltr'>incolumem</span> <span class='ocrx_word' id='word_1_80' title='bbox 1507 784 1655 827; x_wconf 87' lang='lat' dir='ltr'>passus</span> <span class='ocrx_word' id='word_1_81' title='bbox 1687 778 1753 811; x_wconf 85' lang='lat' dir='ltr'>est</span> 
     </span>
     <span class='ocr_line' id='line_1_12' title="bbox 327 825 1752 881; baseline 0.004 -18"><span class='ocrx_word' id='word_1_82' title='bbox 327 838 432 875; x_wconf 75' lang='lat' dir='ltr'>esse,</span> <span class='ocrx_word' id='word_1_83' title='bbox 464 827 535 866; x_wconf 84' lang='lat' dir='ltr'>sed</span> <span class='ocrx_word' id='word_1_84' title='bbox 558 827 616 867; x_wconf 90' lang='lat' dir='ltr'>ita</span> <span class='ocrx_word' id='word_1_85' title='bbox 641 825 810 881; x_wconf 86' lang='lat' dir='ltr'>reliquit</span> <span class='ocrx_word' id='word_1_86' title='bbox 839 836 1048 876; x_wconf 86' lang='lat' dir='ltr'>ornatam,</span> <span class='ocrx_word' id='word_1_87' title='bbox 1071 835 1118 866; x_wconf 89' lang='lat' dir='ltr'>ut</span> <span class='ocrx_word' id='word_1_88' title='bbox 1146 835 1257 867; x_wconf 85' lang='lat' dir='ltr'>esset</span> <span class='ocrx_word' id='word_1_89' title='bbox 1284 826 1395 867; x_wconf 90' lang='lat' dir='ltr'>idem</span> <span class='ocrx_word' id='word_1_90' title='bbox 1427 835 1752 868; x_wconf 87' lang='lat' dir='ltr'>monumentum</span> 
     </span>
     <span class='ocr_line' id='line_1_13' title="bbox 330 882 1754 936; baseline 0.004 -16"><span class='ocrx_word' id='word_1_91' title='bbox 330 882 538 933; x_wconf 65' lang='lat' dir='ltr'>victoriae,</span> <span class='ocrx_word' id='word_1_92' title='bbox 571 883 923 933; x_wconf 65' lang='lat' dir='ltr'>mansuetudinis,</span> <span class='ocrx_word' id='word_1_93' title='bbox 950 883 1253 936; x_wconf 80' lang='lat' dir='ltr'>continentiae3</span> <span class='ocrx_word' id='word_1_94' title='bbox 1283 898 1382 924; x_wconf 90' lang='lat' dir='ltr'>cum</span> <span class='ocrx_word' id='word_1_95' title='bbox 1413 883 1608 926; x_wconf 89' lang='lat' dir='ltr'>homines</span> <span class='ocrx_word' id='word_1_96' title='bbox 1635 884 1754 926; x_wconf 85' lang='lat' dir='ltr'>vide-</span> 
     </span>
     <span class='ocr_line' id='line_1_14' title="bbox 330 941 1752 996; baseline 0.004 -19"><span class='ocrx_word' id='word_1_97' title='bbox 330 952 437 989; x_wconf 88' lang='lat' dir='ltr'>rent,</span> <span class='ocrx_word' id='word_1_98' title='bbox 461 950 503 980; x_wconf 85' lang='lat' dir='ltr'>et</span> <span class='ocrx_word' id='word_1_99' title='bbox 537 941 637 995; x_wconf 87' lang='lat' dir='ltr'>quid</span> <span class='ocrx_word' id='word_1_100' title='bbox 671 949 975 996; x_wconf 80' lang='lat' dir='ltr'>expugnasset,</span> <span class='ocrx_word' id='word_1_101' title='bbox 1006 950 1047 980; x_wconf 86' lang='lat' dir='ltr'>ct</span> <span class='ocrx_word' id='word_1_102' title='bbox 1080 941 1235 995; x_wconf 90' lang='lat' dir='ltr'>quibus</span> <span class='ocrx_word' id='word_1_103' title='bbox 1265 941 1539 996; x_wconf 84' lang='lat' dir='ltr'>pepercisset,</span> <span class='ocrx_word' id='word_1_104' title='bbox 1577 949 1621 982; x_wconf 89' lang='lat' dir='ltr'>et</span> <span class='ocrx_word' id='word_1_105' title='bbox 1653 956 1752 996; x_wconf 86' lang='lat' dir='ltr'>quae</span> 
     </span>
     <span class='ocr_line' id='line_1_15' title="bbox 330 995 1754 1051; baseline 0.003 -16"><span class='ocrx_word' id='word_1_106' title='bbox 330 995 581 1051; x_wconf 79' lang='lat' dir='ltr'>reliquisset.</span> <span class='ocrx_word' id='word_1_107' title='bbox 606 1006 771 1038; x_wconf 85' lang='lat' dir='ltr'>tantum</span> <span class='ocrx_word' id='word_1_108' title='bbox 795 996 862 1037; x_wconf 88' lang='lat' dir='ltr'>ille</span> <span class='ocrx_word' id='word_1_109' title='bbox 892 996 1097 1037; x_wconf 89' lang='lat' dir='ltr'>honorem</span> <span class='ocrx_word' id='word_1_110' title='bbox 1123 997 1279 1038; x_wconf 80' lang='lat' dir='ltr'>Siciliae</span> <span class='ocrx_word' id='word_1_111' title='bbox 1308 998 1551 1039; x_wconf 86' lang='lat' dir='ltr'>habendum</span> <span class='ocrx_word' id='word_1_112' title='bbox 1601 999 1754 1050; x_wconf 88' lang='lat' dir='ltr'>utavit,</span> 
     </span>
     <span class='ocr_line' id='line_1_16' title="bbox 332 1013 1754 1109; baseline 0.004 -17"><span class='ocrx_word' id='word_1_113' title='bbox 332 1062 379 1092; x_wconf 90' lang='lat' dir='ltr'>ut</span> <span class='ocrx_word' id='word_1_114' title='bbox 401 1068 454 1093; x_wconf 86' lang='lat' dir='ltr'>ne</span> <span class='ocrx_word' id='word_1_115' title='bbox 477 1055 663 1095; x_wconf 81' lang='lat' dir='ltr'>hostium</span> <span class='ocrx_word' id='word_1_116' title='bbox 686 1055 859 1109; x_wconf 88' lang='lat' dir='ltr'>quidem</span> <span class='ocrx_word' id='word_1_117' title='bbox 883 1054 1031 1094; x_wconf 88' lang='lat' dir='ltr'>urbem</span> <span class='ocrx_word' id='word_1_118' title='bbox 1053 1068 1106 1094; x_wconf 78' lang='lat' dir='ltr'>ex</span> <span class='ocrx_word' id='word_1_119' title='bbox 1131 1055 1343 1095; x_wconf 84' lang='lat' dir='ltr'>sociorum</span> <span class='ocrx_word' id='word_1_120' title='bbox 1366 1055 1502 1095; x_wconf 84' lang='lat' dir='ltr'>insula</span> <span class='ocrx_word' id='word_1_121' title='bbox 1523 1013 1754 1097; x_wconf 75' lang='lat' dir='ltr'>tollendam</span> 
     </span>
     <span class='ocr_line' id='line_1_17' title="bbox 296 1110 1759 1168; baseline 0.003 -19"><span class='ocrx_word' id='word_1_122' title='bbox 296 1110 620 1156; x_wconf 82' lang='lat' dir='ltr'>5arbitrarctur.</span> <span class='ocrx_word' id='word_1_123' title='bbox 682 1110 832 1166; x_wconf 89' lang='lat' dir='ltr'>Itaque</span> <span class='ocrx_word' id='word_1_124' title='bbox 850 1111 902 1151; x_wconf 89' lang='lat' dir='ltr'>ad</span> <span class='ocrx_word' id='word_1_125' title='bbox 925 1125 1072 1151; x_wconf 88' lang='lat' dir='ltr'>omnes</span> <span class='ocrx_word' id='word_1_126' title='bbox 1093 1125 1157 1152; x_wconf 86' lang='lat' dir='ltr'>res</span> <span class='ocrx_word' id='word_1_127' title='bbox 1180 1111 1327 1152; x_wconf 84' lang='lat' dir='ltr'>Sicilia</span> <span class='ocrx_word' id='word_1_128' title='bbox 1349 1112 1570 1167; x_wconf 82' lang='lat' dir='ltr'>provincia</span> <span class='ocrx_word' id='word_1_129' title='bbox 1587 1125 1759 1168; x_wconf 84' lang='lat' dir='ltr'>semper</span> 
     </span>
     <span class='ocr_line' id='line_1_18' title="bbox 332 1167 1753 1225; baseline 0.003 -19"><span class='ocrx_word' id='word_1_130' title='bbox 332 1167 395 1207; x_wconf 85' lang='lat' dir='ltr'>usi</span> <span class='ocrx_word' id='word_1_131' title='bbox 419 1183 577 1219; x_wconf 83' lang='lat' dir='ltr'>sumus,</span> <span class='ocrx_word' id='word_1_132' title='bbox 600 1178 661 1220; x_wconf 89' lang='lat' dir='ltr'>ut,</span> <span class='ocrx_word' id='word_1_133' title='bbox 683 1168 891 1223; x_wconf 90' lang='lat' dir='ltr'>quidquid</span> <span class='ocrx_word' id='word_1_134' title='bbox 913 1182 966 1208; x_wconf 84' lang='lat' dir='ltr'>ex</span> <span class='ocrx_word' id='word_1_135' title='bbox 989 1181 1078 1208; x_wconf 86' lang='lat' dir='ltr'>sese</span> <span class='ocrx_word' id='word_1_136' title='bbox 1109 1178 1253 1224; x_wconf 86' lang='lat' dir='ltr'>posset</span> <span class='ocrx_word' id='word_1_137' title='bbox 1281 1168 1444 1219; x_wconf 84' lang='lat' dir='ltr'>efferre,</span> <span class='ocrx_word' id='word_1_138' title='bbox 1467 1169 1509 1209; x_wconf 92' lang='lat' dir='ltr'>id</span> <span class='ocrx_word' id='word_1_139' title='bbox 1532 1184 1616 1210; x_wconf 92' lang='lat' dir='ltr'>non</span> <span class='ocrx_word' id='word_1_140' title='bbox 1639 1168 1753 1225; x_wconf 86' lang='lat' dir='ltr'>apud</span> 
     </span>
     <span class='ocr_line' id='line_1_19' title="bbox 330 1225 1754 1281; baseline 0.002 -17"><span class='ocrx_word' id='word_1_141' title='bbox 330 1238 403 1264; x_wconf 89' lang='lat' dir='ltr'>eos</span> <span class='ocrx_word' id='word_1_142' title='bbox 426 1226 557 1276; x_wconf 80' lang='lat' dir='ltr'>nasci,</span> <span class='ocrx_word' id='word_1_143' title='bbox 576 1226 647 1266; x_wconf 89' lang='lat' dir='ltr'>sed</span> <span class='ocrx_word' id='word_1_144' title='bbox 681 1226 830 1266; x_wconf 74' lang='lat' dir='ltr'>⁴d0mi</span> <span class='ocrx_word' id='word_1_145' title='bbox 851 1235 1008 1266; x_wconf 77' lang='lat' dir='ltr'>nostrae</span> <span class='ocrx_word' id='word_1_146' title='bbox 1028 1225 1249 1266; x_wconf 90' lang='lat' dir='ltr'>conditum</span> <span class='ocrx_word' id='word_1_147' title='bbox 1265 1234 1522 1281; x_wconf 87' lang='lat' dir='ltr'>putaremus.</span> <span class='ocrx_word' id='word_1_148' title='bbox 1566 1226 1754 1273; x_wconf 82' lang='lat' dir='ltr'>Quando</span> 
     </span>
     <span class='ocr_line' id='line_1_20' title="bbox 330 1280 1754 1338; baseline 0.001 -16"><span class='ocrx_word' id='word_1_149' title='bbox 330 1280 401 1321; x_wconf 84' lang='lat' dir='ltr'>illa</span> <span class='ocrx_word' id='word_1_150' title='bbox 422 1282 698 1334; x_wconf 85' lang='lat' dir='ltr'>frumentum,</span> <span class='ocrx_word' id='word_1_151' title='bbox 715 1282 828 1338; x_wconf 90' lang='lat' dir='ltr'>quod</span> <span class='ocrx_word' id='word_1_152' title='bbox 851 1282 1038 1333; x_wconf 84' lang='lat' dir='ltr'>deberet,</span> <span class='ocrx_word' id='word_1_153' title='bbox 1060 1297 1145 1322; x_wconf 89' lang='lat' dir='ltr'>non</span> <span class='ocrx_word' id='word_1_154' title='bbox 1180 1282 1232 1323; x_wconf 87' lang='lat' dir='ltr'>ad</span> <span class='ocrx_word' id='word_1_155' title='bbox 1262 1282 1376 1323; x_wconf 90' lang='lat' dir='ltr'>diem</span> <span class='ocrx_word' id='word_1_156' title='bbox 1406 1282 1552 1325; x_wconf 87' lang='lat' dir='ltr'>dedit?</span> <span class='ocrx_word' id='word_1_157' title='bbox 1582 1283 1754 1338; x_wconf 87' lang='lat' dir='ltr'>quando</span> 
     </span>
     <span class='ocr_line' id='line_1_21' title="bbox 331 1337 1755 1396; baseline 0.001 -18"><span class='ocrx_word' id='word_1_158' title='bbox 331 1337 389 1388; x_wconf 92' lang='lat' dir='ltr'>id,</span> <span class='ocrx_word' id='word_1_159' title='bbox 423 1340 535 1393; x_wconf 88' lang='lat' dir='ltr'>quod</span> <span class='ocrx_word' id='word_1_160' title='bbox 559 1355 666 1396; x_wconf 89' lang='lat' dir='ltr'>opus</span> <span class='ocrx_word' id='word_1_161' title='bbox 689 1354 779 1380; x_wconf 87' lang='lat' dir='ltr'>esse</span> <span class='ocrx_word' id='word_1_162' title='bbox 805 1349 987 1395; x_wconf 88' lang='lat' dir='ltr'>putaret,</span> <span class='ocrx_word' id='word_1_163' title='bbox 1014 1354 1099 1379; x_wconf 89' lang='lat' dir='ltr'>non</span> <span class='ocrx_word' id='word_1_164' title='bbox 1120 1339 1230 1379; x_wconf 89' lang='lat' dir='ltr'>ultro</span> <span class='ocrx_word' id='word_1_165' title='bbox 1254 1339 1446 1395; x_wconf 89' lang='lat' dir='ltr'>pollicita</span> <span class='ocrx_word' id='word_1_166' title='bbox 1466 1341 1552 1380; x_wconf 90' lang='lat' dir='ltr'>est?</span> <span class='ocrx_word' id='word_1_167' title='bbox 1582 1339 1755 1395; x_wconf 86' lang='lat' dir='ltr'>quando</span> 
     </span>
     <span class='ocr_line' id='line_1_22' title="bbox 331 1394 1756 1453; baseline 0.002 -19"><span class='ocrx_word' id='word_1_168' title='bbox 331 1394 389 1445; x_wconf 88' lang='lat' dir='ltr'>id,</span> <span class='ocrx_word' id='word_1_169' title='bbox 403 1397 514 1450; x_wconf 88' lang='lat' dir='ltr'>quod</span> <span class='ocrx_word' id='word_1_170' title='bbox 531 1397 822 1452; x_wconf 84' lang='lat' dir='ltr'>imperaretur,</span> <span class='ocrx_word' id='word_1_171' title='bbox 842 1397 1052 1437; x_wconf 78' lang='lat' dir='ltr'>recusavit</span> <span class='ocrx_word' id='word_1_172' title='bbox 1068 1399 1080 1437; x_wconf 85' lang='lat'>?</span> <span class='ocrx_word' id='word_1_173' title='bbox 1104 1395 1255 1451; x_wconf 86' lang='lat' dir='ltr'>Itaque</span> <span class='ocrx_word' id='word_1_174' title='bbox 1268 1396 1336 1436; x_wconf 87' lang='lat' dir='ltr'>ille</span> <span class='ocrx_word' id='word_1_175' title='bbox 1352 1395 1418 1436; x_wconf 89' lang='lat' dir='ltr'>M.</span> <span class='ocrx_word' id='word_1_176' title='bbox 1435 1395 1546 1437; x_wconf 81' lang='lat' dir='ltr'>Cato</span> <span class='ocrx_word' id='word_1_177' title='bbox 1561 1396 1756 1453; x_wconf 82' lang='lat' dir='ltr'>Sapiens,</span> 
     </span>
     <span class='ocr_line' id='line_1_23' title="bbox 331 1451 1758 1509; baseline 0.002 -18"><span class='ocrx_word' id='word_1_178' title='bbox 331 1451 479 1493; x_wconf 87' lang='lat' dir='ltr'>cellam</span> <span class='ocrx_word' id='word_1_179' title='bbox 513 1455 729 1509; x_wconf 87' lang='lat' dir='ltr'>penariam</span> <span class='ocrx_word' id='word_1_180' title='bbox 761 1453 1006 1509; x_wconf 82' lang='lat' dir='ltr'>reipublicae</span> <span class='ocrx_word' id='word_1_181' title='bbox 1037 1462 1209 1504; x_wconf 71' lang='lat' dir='ltr'>nostra‘,</span> <span class='ocrx_word' id='word_1_182' title='bbox 1247 1453 1457 1494; x_wconf 87' lang='lat' dir='ltr'>nutricem</span> <span class='ocrx_word' id='word_1_183' title='bbox 1488 1452 1624 1509; x_wconf 90' lang='lat' dir='ltr'>plebis</span> <span class='ocrx_word' id='word_1_184' title='bbox 1666 1452 1758 1494; x_wconf 87' lang='lat' dir='ltr'>Ro-</span> 
     </span>
     <span class='ocr_line' id='line_1_24' title="bbox 197 1509 1755 1566; baseline 0.004 -20"><span class='ocrx_word' id='word_1_185' title='bbox 197 1519 484 1562; x_wconf 78' lang='lat' dir='ltr'>p.110.manae,</span> <span class='ocrx_word' id='word_1_186' title='bbox 502 1511 691 1552; x_wconf 81' lang='lat' dir='ltr'>Siciliam</span> <span class='ocrx_word' id='word_1_187' title='bbox 707 1510 958 1551; x_wconf 81' lang='lat' dir='ltr'>nominavit.</span> <span class='ocrx_word' id='word_1_188' title='bbox 1003 1510 1094 1550; x_wconf 79' lang='lat' dir='ltr'>Nos</span> <span class='ocrx_word' id='word_1_189' title='bbox 1116 1525 1216 1550; x_wconf 72' lang='lat' dir='ltr'>vero</span> <span class='ocrx_word' id='word_1_190' title='bbox 1238 1510 1403 1566; x_wconf 76' lang='lat' dir='ltr'>experti</span> <span class='ocrx_word' id='word_1_191' title='bbox 1427 1524 1586 1562; x_wconf 89' lang='lat' dir='ltr'>sumus,</span> <span class='ocrx_word' id='word_1_192' title='bbox 1603 1509 1755 1552; x_wconf 89' lang='lat' dir='ltr'>Italico</span> 
     </span>
     <span class='ocr_line' id='line_1_25' title="bbox 286 1567 1756 1623; baseline 0.002 -18"><span class='ocrx_word' id='word_1_193' title='bbox 286 1569 314 1590; x_wconf 55' lang='grc' dir='ltr'>ὃ·</span> <span class='ocrx_word' id='word_1_194' title='bbox 329 1568 520 1608; x_wconf 83' lang='lat' dir='ltr'>maximo</span> <span class='ocrx_word' id='word_1_195' title='bbox 553 1568 891 1622; x_wconf 84' lang='lat' dir='ltr'>difficillimoque</span> <span class='ocrx_word' id='word_1_196' title='bbox 922 1567 1046 1616; x_wconf 88' lang='lat' dir='ltr'>bello,</span> <span class='ocrx_word' id='word_1_197' title='bbox 1079 1567 1268 1608; x_wconf 84' lang='lat' dir='ltr'>Siciliam</span> <span class='ocrx_word' id='word_1_198' title='bbox 1296 1567 1421 1608; x_wconf 88' lang='lat' dir='ltr'>nobis</span> <span class='ocrx_word' id='word_1_199' title='bbox 1458 1581 1542 1608; x_wconf 91' lang='lat' dir='ltr'>non</span> <span class='ocrx_word' id='word_1_200' title='bbox 1574 1582 1652 1623; x_wconf 89' lang='lat' dir='ltr'>pro</span> <span class='ocrx_word' id='word_1_201' title='bbox 1681 1581 1756 1623; x_wconf 81' lang='lat' dir='ltr'>pe·-</span> 
     </span>
     <span class='ocr_line' id='line_1_26' title="bbox 332 1623 1758 1681; baseline 0.003 -18"><span class='ocrx_word' id='word_1_202' title='bbox 332 1624 452 1664; x_wconf 86' lang='lat' dir='ltr'>naria</span> <span class='ocrx_word' id='word_1_203' title='bbox 481 1624 600 1675; x_wconf 85' lang='lat' dir='ltr'>cella,</span> <span class='ocrx_word' id='word_1_204' title='bbox 631 1626 703 1666; x_wconf 89' lang='lat' dir='ltr'>sed</span> <span class='ocrx_word' id='word_1_205' title='bbox 727 1639 803 1681; x_wconf 87' lang='lat' dir='ltr'>pro</span> <span class='ocrx_word' id='word_1_206' title='bbox 837 1625 986 1665; x_wconf 79' lang='lat' dir='ltr'>aerario</span> <span class='ocrx_word' id='word_1_207' title='bbox 1021 1624 1091 1664; x_wconf 94' lang='lat' dir='ltr'>illo</span> <span class='ocrx_word' id='word_1_208' title='bbox 1113 1624 1323 1679; x_wconf 88' lang='lat' dir='ltr'>majorum</span> <span class='ocrx_word' id='word_1_209' title='bbox 1348 1633 1488 1664; x_wconf 88' lang='lat' dir='ltr'>vetere</span> <span class='ocrx_word' id='word_1_210' title='bbox 1518 1639 1568 1666; x_wconf 88' lang='lat' dir='ltr'>ac</span> <span class='ocrx_word' id='word_1_211' title='bbox 1598 1623 1758 1667; x_wconf 86' lang='lat' dir='ltr'>referto</span> 
     </span>
     <span class='ocr_line' id='line_1_27' title="bbox 330 1679 1755 1732; baseline 0.002 -13"><span class='ocrx_word' id='word_1_212' title='bbox 330 1679 476 1722; x_wconf 86' lang='lat' dir='ltr'>fuisse.</span> <span class='ocrx_word' id='word_1_213' title='bbox 495 1697 594 1723; x_wconf 86' lang='lat' dir='ltr'>nam</span> <span class='ocrx_word' id='word_1_214' title='bbox 617 1683 706 1722; x_wconf 91' lang='lat' dir='ltr'>siue</span> <span class='ocrx_word' id='word_1_215' title='bbox 724 1681 808 1723; x_wconf 90' lang='lat' dir='ltr'>ullo</span> <span class='ocrx_word' id='word_1_216' title='bbox 823 1691 964 1722; x_wconf 90' lang='lat' dir='ltr'>sumtu</span> <span class='ocrx_word' id='word_1_217' title='bbox 984 1690 1144 1732; x_wconf 88' lang='lat' dir='ltr'>nostro,</span> <span class='ocrx_word' id='word_1_218' title='bbox 1164 1681 1305 1732; x_wconf 82' lang='lat' dir='ltr'>coriis,</span> <span class='ocrx_word' id='word_1_219' title='bbox 1324 1680 1494 1731; x_wconf 87' lang='lat' dir='ltr'>tunicis,</span> <span class='ocrx_word' id='word_1_220' title='bbox 1517 1680 1755 1722; x_wconf 87' lang='lat' dir='ltr'>frumento-</span> 
     </span>
     <span class='ocr_line' id='line_1_28' title="bbox 331 1737 1755 1795; baseline 0 -17"><span class='ocrx_word' id='word_1_221' title='bbox 331 1751 414 1792; x_wconf 87' lang='lat' dir='ltr'>que</span> <span class='ocrx_word' id='word_1_222' title='bbox 430 1739 718 1795; x_wconf 83' lang='lat' dir='ltr'>suppeditato,</span> <span class='ocrx_word' id='word_1_223' title='bbox 733 1739 944 1779; x_wconf 85' lang='lat' dir='ltr'>maximos</span> <span class='ocrx_word' id='word_1_224' title='bbox 965 1738 1180 1779; x_wconf 79' lang='lat' dir='ltr'>exereitus</span> <span class='ocrx_word' id='word_1_225' title='bbox 1206 1747 1372 1778; x_wconf 83' lang='lat' dir='ltr'>nostros</span> <span class='ocrx_word' id='word_1_226' title='bbox 1396 1741 1414 1768; x_wconf 87' lang='grc'><strong>5</strong></span> <span class='ocrx_word' id='word_1_227' title='bbox 1428 1738 1613 1790; x_wconf 83' lang='lat' dir='ltr'>vestivit,</span> <span class='ocrx_word' id='word_1_228' title='bbox 1635 1737 1755 1789; x_wconf 90' lang='lat' dir='ltr'>aluit,</span> 
     </span>
     <span class='ocr_line' id='line_1_29' title="bbox 284 1785 1759 1851; baseline 0.002 -18"><span class='ocrx_word' id='word_1_229' title='bbox 284 1785 527 1836; x_wconf 82' lang='lat' dir='ltr'>3armavit.</span> <span class='ocrx_word' id='word_1_230' title='bbox 589 1796 706 1842; x_wconf 83' lang='lat' dir='ltr'>Quid</span> <span class='ocrx_word' id='word_1_231' title='bbox 730 1796 814 1847; x_wconf 87' lang='lat' dir='ltr'>illa,</span> <span class='ocrx_word' id='word_1_232' title='bbox 836 1810 932 1851; x_wconf 87' lang='lat' dir='ltr'>quae</span> <span class='ocrx_word' id='word_1_233' title='bbox 966 1795 1145 1836; x_wconf 86' lang='lat' dir='ltr'>forsitan</span> <span class='ocrx_word' id='word_1_234' title='bbox 1177 1809 1230 1835; x_wconf 89' lang='lat' dir='ltr'>ne</span> <span class='ocrx_word' id='word_1_235' title='bbox 1253 1795 1457 1835; x_wconf 89' lang='lat' dir='ltr'>sentimus</span> <span class='ocrx_word' id='word_1_236' title='bbox 1480 1794 1759 1850; x_wconf 86' lang='lat' dir='ltr'>quidem,ju-</span> 
     </span>
     <span class='ocr_line' id='line_1_30' title="bbox 294 1851 1758 1908; baseline 0.002 -18"><span class='ocrx_word' id='word_1_237' title='bbox 294 1851 460 1902; x_wconf 85' lang='lat' dir='ltr'>6diccs,</span> <span class='ocrx_word' id='word_1_238' title='bbox 492 1862 651 1908; x_wconf 84' lang='lat' dir='ltr'>quanta</span> <span class='ocrx_word' id='word_1_239' title='bbox 687 1855 814 1894; x_wconf 88' lang='lat' dir='ltr'>sunt?</span> <span class='ocrx_word' id='word_1_240' title='bbox 858 1851 973 1908; x_wconf 90' lang='lat' dir='ltr'>quod</span> <span class='ocrx_word' id='word_1_241' title='bbox 1011 1851 1156 1892; x_wconf 91' lang='lat' dir='ltr'>multis</span> <span class='ocrx_word' id='word_1_242' title='bbox 1197 1851 1548 1907; x_wconf 85' lang='lat' dir='ltr'>locupletioribus</span> <span class='ocrx_word' id='word_1_243' title='bbox 1589 1851 1758 1893; x_wconf 82' lang='lat' dir='ltr'>civibus</span> 
     </span>
     <span class='ocr_line' id='line_1_31' title="bbox 328 1908 1758 1966; baseline 0.001 -18"><span class='ocrx_word' id='word_1_244' title='bbox 328 1910 504 1961; x_wconf 89' lang='lat' dir='ltr'>utimur,</span> <span class='ocrx_word' id='word_1_245' title='bbox 535 1910 650 1966; x_wconf 84' lang='lat' dir='ltr'>quod</span> <span class='ocrx_word' id='word_1_246' title='bbox 681 1910 842 1951; x_wconf 88' lang='lat' dir='ltr'>habent</span> <span class='ocrx_word' id='word_1_247' title='bbox 871 1909 1171 1965; x_wconf 83' lang='lat' dir='ltr'>propinquam,</span> <span class='ocrx_word' id='word_1_248' title='bbox 1195 1909 1379 1959; x_wconf 88' lang='lat' dir='ltr'>fidelem,</span> <span class='ocrx_word' id='word_1_249' title='bbox 1409 1908 1758 1964; x_wconf 84' lang='lat' dir='ltr'>fructuosamque</span> 
     </span>
     <span class='ocr_line' id='line_1_32' title="bbox 327 1965 1757 2022; baseline 0 -16"><span class='ocrx_word' id='word_1_250' title='bbox 327 1967 610 2020; x_wconf 86' lang='lat' dir='ltr'>provinciam,</span> <span class='ocrx_word' id='word_1_251' title='bbox 652 1982 737 2022; x_wconf 90' lang='lat' dir='ltr'>quo</span> <span class='ocrx_word' id='word_1_252' title='bbox 782 1967 906 2008; x_wconf 85' lang='lat' dir='ltr'>facile</span> <span class='ocrx_word' id='word_1_253' title='bbox 938 1975 1181 2018; x_wconf 81' lang='lat' dir='ltr'>excurrant,</span> <span class='ocrx_word' id='word_1_254' title='bbox 1217 1967 1291 2007; x_wconf 91' lang='lat' dir='ltr'>ubi</span> <span class='ocrx_word' id='word_1_255' title='bbox 1322 1965 1504 2007; x_wconf 86' lang='lat' dir='ltr'>libenter</span> <span class='ocrx_word' id='word_1_256' title='bbox 1533 1965 1757 2021; x_wconf 85' lang='lat' dir='ltr'>negotium</span> 
     </span>
     <span class='ocr_line' id='line_1_33' title="bbox 329 2023 1759 2080; baseline 0.001 -18"><span class='ocrx_word' id='word_1_257' title='bbox 329 2034 505 2077; x_wconf 80' lang='lat' dir='ltr'>gerant3</span> <span class='ocrx_word' id='word_1_258' title='bbox 536 2039 642 2079; x_wconf 89' lang='lat' dir='ltr'>quos</span> <span class='ocrx_word' id='word_1_259' title='bbox 665 2024 735 2065; x_wconf 87' lang='lat' dir='ltr'>illa</span> <span class='ocrx_word' id='word_1_260' title='bbox 756 2024 911 2080; x_wconf 87' lang='lat' dir='ltr'>partim</span> <span class='ocrx_word' id='word_1_261' title='bbox 933 2024 1146 2065; x_wconf 85' lang='lat' dir='ltr'>mercibus</span> <span class='ocrx_word' id='word_1_262' title='bbox 1175 2023 1498 2080; x_wconf 86' lang='lat' dir='ltr'>suppeditandis</span> <span class='ocrx_word' id='word_1_263' title='bbox 1520 2037 1617 2064; x_wconf 90' lang='lat' dir='ltr'>cum</span> <span class='ocrx_word' id='word_1_264' title='bbox 1639 2037 1759 2077; x_wconf 87' lang='lat' dir='ltr'>quae-</span> 
     </span>
     <span class='ocr_line' id='line_1_34' title="bbox 329 2080 1760 2137; baseline 0.001 -18"><span class='ocrx_word' id='word_1_265' title='bbox 329 2089 398 2119; x_wconf 85' lang='lat' dir='ltr'>stu</span> <span class='ocrx_word' id='word_1_266' title='bbox 431 2082 773 2137; x_wconf 83' lang='lat' dir='ltr'>compendioque</span> <span class='ocrx_word' id='word_1_267' title='bbox 811 2080 1006 2131; x_wconf 86' lang='lat' dir='ltr'>dimittit,</span> <span class='ocrx_word' id='word_1_268' title='bbox 1049 2081 1206 2136; x_wconf 87' lang='lat' dir='ltr'>partim</span> <span class='ocrx_word' id='word_1_269' title='bbox 1248 2081 1418 2131; x_wconf 87' lang='lat' dir='ltr'>retinet,</span> <span class='ocrx_word' id='word_1_270' title='bbox 1449 2088 1498 2120; x_wconf 88' lang='lat' dir='ltr'>ut</span> <span class='ocrx_word' id='word_1_271' title='bbox 1536 2093 1668 2130; x_wconf 88' lang='lat' dir='ltr'>arare,</span> <span class='ocrx_word' id='word_1_272' title='bbox 1711 2088 1760 2120; x_wconf 87' lang='lat' dir='ltr'>ut</span> 
     </span>
     <span class='ocr_line' id='line_1_35' title="bbox 330 2136 1759 2194; baseline 0.001 -17"><span class='ocrx_word' id='word_1_273' title='bbox 330 2151 516 2192; x_wconf 87' lang='lat' dir='ltr'>pascere,</span> <span class='ocrx_word' id='word_1_274' title='bbox 540 2148 588 2179; x_wconf 90' lang='lat' dir='ltr'>ut</span> <span class='ocrx_word' id='word_1_275' title='bbox 608 2137 819 2194; x_wconf 84' lang='lat' dir='ltr'>negotiari</span> <span class='ocrx_word' id='word_1_276' title='bbox 843 2137 988 2187; x_wconf 84' lang='lat' dir='ltr'>libeat,</span> <span class='ocrx_word' id='word_1_277' title='bbox 1010 2146 1058 2178; x_wconf 88' lang='lat' dir='ltr'>ut</span> <span class='ocrx_word' id='word_1_278' title='bbox 1079 2137 1263 2194; x_wconf 88' lang='lat' dir='ltr'>denique</span> <span class='ocrx_word' id='word_1_279' title='bbox 1285 2137 1402 2178; x_wconf 86' lang='lat' dir='ltr'>sedes</span> <span class='ocrx_word' id='word_1_280' title='bbox 1423 2151 1473 2178; x_wconf 84' lang='lat' dir='ltr'>ac</span> <span class='ocrx_word' id='word_1_281' title='bbox 1491 2136 1759 2178; x_wconf 88' lang='lat' dir='ltr'>domicilium</span> 
     </span>
     <span class='ocr_line' id='line_1_36' title="bbox 329 2193 1759 2250; baseline 0 -16"><span class='ocrx_word' id='word_1_282' title='bbox 329 2193 553 2236; x_wconf 87' lang='lat' dir='ltr'>collocare.</span> <span class='ocrx_word' id='word_1_283' title='bbox 586 2195 702 2250; x_wconf 90' lang='lat' dir='ltr'>quod</span> <span class='ocrx_word' id='word_1_284' title='bbox 734 2195 1010 2236; x_wconf 85' lang='lat' dir='ltr'>commodum</span> <span class='ocrx_word' id='word_1_285' title='bbox 1038 2208 1124 2235; x_wconf 91' lang='lat' dir='ltr'>non</span> <span class='ocrx_word' id='word_1_286' title='bbox 1154 2194 1368 2236; x_wconf 90' lang='lat' dir='ltr'>mediocre</span> <span class='ocrx_word' id='word_1_287' title='bbox 1398 2193 1545 2250; x_wconf 87' lang='lat' dir='ltr'>populi</span> <span class='ocrx_word' id='word_1_288' title='bbox 1570 2193 1759 2235; x_wconf 86' lang='lat' dir='ltr'>Romani</span> 
     </span>
     <span class='ocr_line' id='line_1_37' title="bbox 329 2251 1759 2307; baseline 0.001 -17"><span class='ocrx_word' id='word_1_289' title='bbox 329 2259 415 2304; x_wconf 88' lang='lat' dir='ltr'>est;</span> <span class='ocrx_word' id='word_1_290' title='bbox 447 2261 614 2293; x_wconf 89' lang='lat' dir='ltr'>tantum</span> <span class='ocrx_word' id='word_1_291' title='bbox 648 2252 839 2293; x_wconf 77' lang='lat' dir='ltr'>6civium</span> <span class='ocrx_word' id='word_1_292' title='bbox 864 2251 1158 2292; x_wconf 85' lang='lat' dir='ltr'>Romanorum</span> <span class='ocrx_word' id='word_1_293' title='bbox 1179 2265 1416 2301; x_wconf 87' lang='lat' dir='ltr'>numerum,</span> <span class='ocrx_word' id='word_1_294' title='bbox 1439 2260 1526 2291; x_wconf 87' lang='lat' dir='ltr'>tam</span> <span class='ocrx_word' id='word_1_295' title='bbox 1549 2265 1683 2307; x_wconf 90' lang='lat' dir='ltr'>prope</span> <span class='ocrx_word' id='word_1_296' title='bbox 1704 2251 1759 2292; x_wconf 85' lang='lat' dir='ltr'>ab</span> 
     </span>
     <span class='ocr_line' id='line_1_38' title="bbox 292 2306 1758 2364; baseline 0.001 -17"><span class='ocrx_word' id='word_1_297' title='bbox 292 2307 473 2359; x_wconf 86' lang='lat' dir='ltr'>7d0m0,</span> <span class='ocrx_word' id='word_1_298' title='bbox 492 2318 579 2349; x_wconf 85' lang='lat' dir='ltr'>tam</span> <span class='ocrx_word' id='word_1_299' title='bbox 604 2309 727 2350; x_wconf 89' lang='lat' dir='ltr'>bonis</span> <span class='ocrx_word' id='word_1_300' title='bbox 748 2308 1061 2363; x_wconf 88' lang='lat' dir='ltr'>fructuosisque</span> <span class='ocrx_word' id='word_1_301' title='bbox 1082 2309 1206 2349; x_wconf 89' lang='lat' dir='ltr'>rebus</span> <span class='ocrx_word' id='word_1_302' title='bbox 1228 2307 1422 2349; x_wconf 90' lang='lat' dir='ltr'>detineri.</span> <span class='ocrx_word' id='word_1_303' title='bbox 1476 2306 1532 2348; x_wconf 92' lang='lat' dir='ltr'>Et</span> <span class='ocrx_word' id='word_1_304' title='bbox 1553 2307 1758 2364; x_wconf 88' lang='lat' dir='ltr'>quoniam</span> 
     </span>
     <span class='ocr_line' id='line_1_39' title="bbox 328 2364 1763 2422; baseline 0.001 -17"><span class='ocrx_word' id='word_1_305' title='bbox 328 2367 448 2419; x_wconf 86' lang='lat' dir='ltr'>quasi</span> <span class='ocrx_word' id='word_1_306' title='bbox 471 2366 669 2421; x_wconf 89' lang='lat' dir='ltr'>quaedam</span> <span class='ocrx_word' id='word_1_307' title='bbox 691 2365 853 2422; x_wconf 87' lang='lat' dir='ltr'>praedia</span> <span class='ocrx_word' id='word_1_308' title='bbox 868 2365 1016 2422; x_wconf 88' lang='lat' dir='ltr'>populi</span> <span class='ocrx_word' id='word_1_309' title='bbox 1032 2364 1217 2407; x_wconf 84' lang='lat' dir='ltr'>Romani</span> <span class='ocrx_word' id='word_1_310' title='bbox 1235 2374 1348 2417; x_wconf 88' lang='lat' dir='ltr'>sunt,</span> <span class='ocrx_word' id='word_1_311' title='bbox 1364 2365 1594 2421; x_wconf 84' lang='lat' dir='ltr'>vectigalia</span> <span class='ocrx_word' id='word_1_312' title='bbox 1613 2372 1763 2406; x_wconf 82' lang='lat' dir='ltr'>nostra</span> 
     </span>
    </p>
   </div>
   <div class='ocr_carea' id='block_1_3' title="bbox 318 2498 1761 2915">
    <p class='ocr_par' dir='ltr' id='par_1_3' title="bbox 318 2498 1761 2749">
     <span class='ocr_line' id='line_1_40' title="bbox 366 2498 1759 2540; baseline 0.001 -11"><span class='ocrx_word' id='word_1_313' title='bbox 366 2500 389 2529; x_wconf 81' lang='lat'>4</span> <span class='ocrx_word' id='word_1_314' title='bbox 402 2498 488 2529; x_wconf 77' lang='lat' dir='ltr'>domi</span> <span class='ocrx_word' id='word_1_315' title='bbox 503 2504 619 2531; x_wconf 76' lang='lat' dir='ltr'>naseroe</span> <span class='ocrx_word' id='word_1_316' title='bbox 632 2499 812 2540; x_wconf 74' lang='lat' dir='ltr'>conditum]</span> <span class='ocrx_word' id='word_1_317' title='bbox 839 2499 866 2530; x_wconf 90' lang='lat' dir='ltr'>E</span> <span class='ocrx_word' id='word_1_318' title='bbox 882 2498 946 2530; x_wconf 89' lang='lat' dir='ltr'>Ms.</span> <span class='ocrx_word' id='word_1_319' title='bbox 962 2508 1020 2529; x_wconf 87' lang='lat' dir='ltr'>an-</span> <span class='ocrx_word' id='word_1_320' title='bbox 1062 2499 1162 2538; x_wconf 85' lang='lat' dir='ltr'>con&#39;a,</span> <span class='ocrx_word' id='word_1_321' title='bbox 1178 2508 1245 2530; x_wconf 85' lang='lat' dir='ltr'>non</span> <span class='ocrx_word' id='word_1_322' title='bbox 1257 2502 1340 2536; x_wconf 83' lang='lat' dir='ltr'>tam,</span> <span class='ocrx_word' id='word_1_323' title='bbox 1357 2498 1434 2538; x_wconf 79' lang='lat' dir='ltr'>quia</span> <span class='ocrx_word' id='word_1_324' title='bbox 1445 2499 1543 2530; x_wconf 83' lang='lat' dir='ltr'>coriis</span> <span class='ocrx_word' id='word_1_325' title='bbox 1562 2504 1672 2531; x_wconf 78' lang='lat' dir='ltr'>texere</span> <span class='ocrx_word' id='word_1_326' title='bbox 1685 2502 1759 2532; x_wconf 85' lang='lat' dir='ltr'>ten-</span> 
     </span>
     <span class='ocr_line' id='line_1_41' title="bbox 325 2539 1760 2580; baseline 0.002 -10"><span class='ocrx_word' id='word_1_327' title='bbox 325 2539 418 2580; x_wconf 82' lang='lat' dir='ltr'>tiquo</span> <span class='ocrx_word' id='word_1_328' title='bbox 441 2541 589 2572; x_wconf 81' lang='lat' dir='ltr'>addidere</span> <span class='ocrx_word' id='word_1_329' title='bbox 605 2542 755 2572; x_wconf 88' lang='lat' dir='ltr'>nonnulli</span> <span class='ocrx_word' id='word_1_330' title='bbox 771 2552 844 2572; x_wconf 74' lang='lat' dir='ltr'>cum</span> <span class='ocrx_word' id='word_1_331' title='bbox 858 2541 1020 2572; x_wconf 84' lang='lat' dir='ltr'>Lambino</span> <span class='ocrx_word' id='word_1_332' title='bbox 1062 2543 1160 2579; x_wconf 87' lang='lat' dir='ltr'>toria,</span> <span class='ocrx_word' id='word_1_333' title='bbox 1177 2546 1211 2572; x_wconf 89' lang='lat' dir='ltr'>et</span> <span class='ocrx_word' id='word_1_334' title='bbox 1224 2542 1257 2571; x_wconf 89' lang='lat' dir='ltr'>in</span> <span class='ocrx_word' id='word_1_335' title='bbox 1271 2540 1492 2572; x_wconf 81' lang='lat' dir='ltr'>obsidionibus</span> <span class='ocrx_word' id='word_1_336' title='bbox 1507 2550 1630 2579; x_wconf 89' lang='lat' dir='ltr'>muros,</span> <span class='ocrx_word' id='word_1_337' title='bbox 1646 2541 1760 2574; x_wconf 74' lang='lat' dir='ltr'>adver-</span> 
     </span>
     <span class='ocr_line' id='line_1_42' title="bbox 318 2579 1761 2623; baseline 0.003 -12"><span class='ocrx_word' id='word_1_338' title='bbox 318 2579 398 2622; x_wconf 78' lang='lat' dir='ltr'>jam</span> <span class='ocrx_word' id='word_1_339' title='bbox 426 2584 516 2613; x_wconf 77' lang='lat' dir='ltr'>cond.</span> <span class='ocrx_word' id='word_1_340' title='bbox 540 2593 619 2622; x_wconf 87' lang='lat' dir='ltr'>quos</span> <span class='ocrx_word' id='word_1_341' title='bbox 645 2590 775 2614; x_wconf 85' lang='lat' dir='ltr'>secutus</span> <span class='ocrx_word' id='word_1_342' title='bbox 794 2589 842 2614; x_wconf 79' lang='lat' dir='ltr'>est</span> <span class='ocrx_word' id='word_1_343' title='bbox 867 2584 1023 2614; x_wconf 80' lang='lat' dir='ltr'>Graevius.</span> <span class='ocrx_word' id='word_1_344' title='bbox 1065 2593 1119 2614; x_wconf 88' lang='lat' dir='ltr'>sus</span> <span class='ocrx_word' id='word_1_345' title='bbox 1143 2585 1206 2614; x_wconf 82' lang='lat' dir='ltr'>vim</span> <span class='ocrx_word' id='word_1_346' title='bbox 1223 2583 1462 2620; x_wconf 79' lang='lat' dir='ltr'>machinarum,</span> <span class='ocrx_word' id='word_1_347' title='bbox 1480 2584 1536 2614; x_wconf 82' lang='lat' dir='ltr'>sed</span> <span class='ocrx_word' id='word_1_348' title='bbox 1554 2584 1668 2620; x_wconf 86' lang='lat' dir='ltr'>etiam,</span> <span class='ocrx_word' id='word_1_349' title='bbox 1684 2584 1761 2623; x_wconf 74' lang='lat' dir='ltr'>quia</span> 
     </span>
     <span class='ocr_line' id='line_1_43' title="bbox 329 2623 1761 2665; baseline 0.002 -11"><span class='ocrx_word' id='word_1_350' title='bbox 329 2624 382 2653; x_wconf 85' lang='lat' dir='ltr'>Sic</span> <span class='ocrx_word' id='word_1_351' title='bbox 387 2623 466 2664; x_wconf 81' lang='lat' dir='ltr'>jam</span> <span class='ocrx_word' id='word_1_352' title='bbox 489 2626 635 2655; x_wconf 75' lang='lat' dir='ltr'>condiens</span> <span class='ocrx_word' id='word_1_353' title='bbox 647 2633 695 2656; x_wconf 64' lang='lat' dir='ltr'>cst</span> <span class='ocrx_word' id='word_1_354' title='bbox 710 2627 809 2656; x_wconf 78' lang='lat' dir='ltr'>etiarn</span> <span class='ocrx_word' id='word_1_355' title='bbox 825 2626 955 2662; x_wconf 84' lang='lat' dir='ltr'>Muren.</span> <span class='ocrx_word' id='word_1_356' title='bbox 971 2628 1023 2656; x_wconf 67' lang='lat'>24.</span> <span class='ocrx_word' id='word_1_357' title='bbox 1066 2626 1100 2656; x_wconf 89' lang='lat' dir='ltr'>in</span> <span class='ocrx_word' id='word_1_358' title='bbox 1124 2626 1225 2656; x_wconf 87' lang='lat' dir='ltr'>scutis</span> <span class='ocrx_word' id='word_1_359' title='bbox 1251 2630 1285 2656; x_wconf 86' lang='lat' dir='ltr'>et</span> <span class='ocrx_word' id='word_1_360' title='bbox 1307 2624 1428 2665; x_wconf 78' lang='lat' dir='ltr'>clypeis</span> <span class='ocrx_word' id='word_1_361' title='bbox 1461 2631 1566 2657; x_wconf 85' lang='lat' dir='ltr'>crates</span> <span class='ocrx_word' id='word_1_362' title='bbox 1593 2625 1761 2658; x_wconf 74' lang='lat' dir='ltr'>inducitur</span> 
     </span>
     <span class='ocr_line' id='line_1_44' title="bbox 327 2665 1301 2705; baseline 0.001 -9"><span class='ocrx_word' id='word_1_363' title='bbox 327 2665 411 2696; x_wconf 84' lang='lat' dir='ltr'>Mihi</span> <span class='ocrx_word' id='word_1_364' title='bbox 436 2666 468 2696; x_wconf 90' lang='lat' dir='ltr'>id</span> <span class='ocrx_word' id='word_1_365' title='bbox 490 2667 644 2705; x_wconf 74' lang='lat' dir='ltr'>languere</span> <span class='ocrx_word' id='word_1_366' title='bbox 666 2668 699 2698; x_wconf 92' lang='lat' dir='ltr'>in</span> <span class='ocrx_word' id='word_1_367' title='bbox 714 2667 862 2698; x_wconf 83' lang='lat' dir='ltr'>oratione</span> <span class='ocrx_word' id='word_1_368' title='bbox 875 2673 946 2699; x_wconf 86' lang='lat' dir='ltr'>tam</span> <span class='ocrx_word' id='word_1_369' title='bbox 960 2665 1024 2698; x_wconf 88' lang='lat' dir='ltr'>ele·</span> <span class='ocrx_word' id='word_1_370' title='bbox 1065 2669 1152 2698; x_wconf 88' lang='lat' dir='ltr'>corio</span> <span class='ocrx_word' id='word_1_371' title='bbox 1167 2667 1301 2698; x_wconf 89' lang='lat' dir='ltr'>bubulo.</span> 
     </span>
     <span class='ocr_line' id='line_1_45' title="bbox 327 2708 1759 2749; baseline 0.003 -12"><span class='ocrx_word' id='word_1_372' title='bbox 327 2714 427 2747; x_wconf 85' lang='lat' dir='ltr'>gante</span> <span class='ocrx_word' id='word_1_373' title='bbox 443 2708 580 2739; x_wconf 72' lang='lat' dir='ltr'>videtur.</span> <span class='ocrx_word' id='word_1_374' title='bbox 1104 2710 1125 2740; x_wconf 88' lang='lat'>6</span> <span class='ocrx_word' id='word_1_375' title='bbox 1137 2711 1259 2740; x_wconf 61' lang='lat' dir='ltr'>cittium</span> <span class='ocrx_word' id='word_1_376' title='bbox 1272 2709 1382 2749; x_wconf 75' lang='lat' dir='ltr'>Rom]</span> <span class='ocrx_word' id='word_1_377' title='bbox 1409 2708 1504 2740; x_wconf 82' lang='lat' dir='ltr'>Rom.</span> <span class='ocrx_word' id='word_1_378' title='bbox 1518 2709 1664 2740; x_wconf 82' lang='lat' dir='ltr'>deletum</span> <span class='ocrx_word' id='word_1_379' title='bbox 1675 2713 1728 2741; x_wconf 72' lang='lat' dir='ltr'>est</span> <span class='ocrx_word' id='word_1_380' title='bbox 1737 2719 1759 2743; x_wconf 72' lang='lat' dir='ltr'>a</span> 
     </span>
    </p>

    <p class='ocr_par' dir='ltr' id='par_1_4' title="bbox 323 2750 1759 2915">
     <span class='ocr_line' id='line_1_46' title="bbox 369 2750 1759 2792; baseline 0.002 -12"><span class='ocrx_word' id='word_1_381' title='bbox 369 2753 387 2780; x_wconf 87' lang='lat'>5</span> <span class='ocrx_word' id='word_1_382' title='bbox 402 2751 539 2786; x_wconf 73' lang='lat' dir='ltr'>vestivit,</span> <span class='ocrx_word' id='word_1_383' title='bbox 554 2750 654 2788; x_wconf 79' lang='lat' dir='ltr'>aluit,</span> <span class='ocrx_word' id='word_1_384' title='bbox 667 2751 826 2791; x_wconf 76' lang='lat' dir='ltr'>armavit]</span> <span class='ocrx_word' id='word_1_385' title='bbox 852 2751 1021 2782; x_wconf 86' lang='lat' dir='ltr'>Concinne</span> <span class='ocrx_word' id='word_1_386' title='bbox 1061 2750 1177 2782; x_wconf 84' lang='lat' dir='ltr'>Lamb.</span> <span class='ocrx_word' id='word_1_387' title='bbox 1191 2757 1226 2782; x_wconf 85' lang='lat' dir='ltr'>et</span> <span class='ocrx_word' id='word_1_388' title='bbox 1239 2751 1379 2788; x_wconf 85' lang='lat' dir='ltr'>Graevio‚</span> <span class='ocrx_word' id='word_1_389' title='bbox 1404 2753 1481 2791; x_wconf 85' lang='lat' dir='ltr'>quia</span> <span class='ocrx_word' id='word_1_390' title='bbox 1499 2761 1568 2782; x_wconf 90' lang='lat' dir='ltr'>non</span> <span class='ocrx_word' id='word_1_391' title='bbox 1591 2756 1759 2792; x_wconf 84' lang='lat' dir='ltr'>repertum</span> 
     </span>
     <span class='ocr_line' id='line_1_47' title="bbox 326 2791 1757 2832; baseline 0.002 -11"><span class='ocrx_word' id='word_1_392' title='bbox 326 2791 390 2821; x_wconf 83' lang='lat' dir='ltr'>ista</span> <span class='ocrx_word' id='word_1_393' title='bbox 417 2792 612 2832; x_wconf 81' lang='lat' dir='ltr'>respondent</span> <span class='ocrx_word' id='word_1_394' title='bbox 646 2793 877 2832; x_wconf 81' lang='lat' dir='ltr'>superioribus,</span> <span class='ocrx_word' id='word_1_395' title='bbox 912 2795 1020 2831; x_wconf 73' lang='lat' dir='ltr'>coriis,</span> <span class='ocrx_word' id='word_1_396' title='bbox 1063 2799 1113 2824; x_wconf 85' lang='lat' dir='ltr'>est</span> <span class='ocrx_word' id='word_1_397' title='bbox 1128 2795 1162 2824; x_wconf 87' lang='lat' dir='ltr'>in</span> <span class='ocrx_word' id='word_1_398' title='bbox 1177 2793 1240 2824; x_wconf 83' lang='lat' dir='ltr'>Ms.</span> <span class='ocrx_word' id='word_1_399' title='bbox 1254 2799 1377 2824; x_wconf 83' lang='lat' dir='ltr'>vetere.</span> <span class='ocrx_word' id='word_1_400' title='bbox 1419 2793 1463 2824; x_wconf 85' lang='lat' dir='ltr'>Et</span> <span class='ocrx_word' id='word_1_401' title='bbox 1475 2803 1553 2824; x_wconf 87' lang='lat' dir='ltr'>sane</span> <span class='ocrx_word' id='word_1_402' title='bbox 1567 2802 1634 2824; x_wconf 75' lang='lat' dir='ltr'>non</span> <span class='ocrx_word' id='word_1_403' title='bbox 1645 2793 1757 2825; x_wconf 78' lang='lat' dir='ltr'>admo-</span> 
     </span>
     <span class='ocr_line' id='line_1_48' title="bbox 325 2833 1759 2876; baseline 0.003 -12"><span class='ocrx_word' id='word_1_404' title='bbox 325 2835 456 2872; x_wconf 72' lang='lat' dir='ltr'>tunicis,</span> <span class='ocrx_word' id='word_1_405' title='bbox 459 2833 646 2873; x_wconf 79' lang='lat' dir='ltr'>frumento.</span> <span class='ocrx_word' id='word_1_406' title='bbox 691 2835 799 2872; x_wconf 81' lang='lat' dir='ltr'>Patet,</span> <span class='ocrx_word' id='word_1_407' title='bbox 819 2845 932 2874; x_wconf 73' lang='lat' dir='ltr'>sag-um</span> <span class='ocrx_word' id='word_1_408' title='bbox 953 2845 1021 2866; x_wconf 81' lang='lat' dir='ltr'>esse</span> <span class='ocrx_word' id='word_1_409' title='bbox 1064 2835 1142 2866; x_wconf 87' lang='lat' dir='ltr'>dum</span> <span class='ocrx_word' id='word_1_410' title='bbox 1158 2836 1276 2876; x_wconf 77' lang='lat' dir='ltr'>placet.</span> <span class='ocrx_word' id='word_1_411' title='bbox 1304 2835 1388 2867; x_wconf 78' lang='lat' dir='ltr'>Edd.</span> <span class='ocrx_word' id='word_1_412' title='bbox 1396 2840 1478 2867; x_wconf 85' lang='lat' dir='ltr'>vett.</span> <span class='ocrx_word' id='word_1_413' title='bbox 1490 2839 1681 2868; x_wconf 75' lang='lat' dir='ltr'>comtantei·</span> <span class='ocrx_word' id='word_1_414' title='bbox 1692 2843 1759 2868; x_wconf 68' lang='lat' dir='ltr'>Ser-⁵</span> 
     </span>
     <span class='ocr_line' id='line_1_49' title="bbox 323 2877 1154 2915; baseline 0.005 -10"><span class='ocrx_word' id='word_1_415' title='bbox 323 2884 429 2915; x_wconf 77' lang='lat' dir='ltr'>genus</span> <span class='ocrx_word' id='word_1_416' title='bbox 461 2877 598 2907; x_wconf 82' lang='lat' dir='ltr'>tunicae.</span> <span class='ocrx_word' id='word_1_417' title='bbox 631 2878 777 2908; x_wconf 72' lang='lat' dir='ltr'>armavit</span> <span class='ocrx_word' id='word_1_418' title='bbox 806 2878 946 2909; x_wconf 77' lang='lat' dir='ltr'>refertur</span> <span class='ocrx_word' id='word_1_419' title='bbox 979 2877 1021 2909; x_wconf 81' lang='lat' dir='ltr'>ad</span> <span class='ocrx_word' id='word_1_420' title='bbox 1065 2882 1154 2909; x_wconf 79' lang='lat' dir='ltr'>vant.</span> 
     </span>
    </p>
   </div>
  </div>
 </body>
</html>
