1907 3231
335 132 414 169 460
932 125 1179 165 ORATIO

328 231 516 288 judicia,
533 238 608 273 aut
628 231 998 274 distrahendarum
1016 227 1419 280 controversiarum,
1442 235 1517 270 aut
1537 228 1775 285 puniendo-

339 304 435 331 rum
457 289 766 331 maleficiorum
788 303 917 329 causa
947 296 1113 342 reperta
1135 295 1252 328 sunt:
1291 300 1475 341 quorum
1506 286 1686 327 alterum
1717 286 1776 329 le-

323 348 435 391 ‚vius
457 357 536 398 est,
561 356 787 402 propterea
808 344 923 400 quod
945 353 989 383 et
1018 343 1160 383 minus
1190 342 1325 395 laedit,
1347 352 1391 383 et
1422 357 1613 399 persaepe
1639 344 1776 390 disce-

339 413 510 461 ptatore
546 404 783 446 domestico
818 401 1105 455 dijudicatur:
1139 399 1318 441 alterum
1353 409 1418 440 est
1452 400 1776 442 vehementissi-

338 476 474 514 mum,
498 462 613 517 quod
635 470 678 500 et
699 460 751 500 ad
775 458 991 513 graviores
1014 471 1079 497 res
1103 457 1305 513 pertinet,
1327 470 1369 497 et
1391 472 1476 498 non
1499 457 1774 504 honorariam

340 534 517 574 operam
558 517 700 567 amici,
743 515 815 555 sed
857 515 1129 555 severitatem
1163 513 1326 568 judicis
1367 529 1416 555 ac
1458 515 1545 555 vim
1581 514 1774 570 requirit.

303 576 473 622 7Quod
495 583 560 616 est
589 573 776 629 gravius,
799 580 843 611 et
873 571 995 626 cujus
1028 571 1087 612 rei
1118 585 1247 611 causa
1270 571 1458 612 maxime
1483 572 1653 627 judicia
1673 587 1776 613 con-

342 634 494 674 stituta
515 643 627 680 sunt,
651 630 693 670 id
708 629 803 684 jam
825 628 937 669 mala
958 627 1269 669 consuetudine
1289 627 1545 670 dissolutum
1565 638 1644 670 est.
1675 644 1776 672 nam

341 699 389 731 ut
411 701 594 744 quaeque
616 701 680 727 res
702 695 766 727 est
789 686 1061 741 turpissima;
1094 685 1154 726 sic
1185 684 1374 725 maxime
1395 697 1440 725 et
1459 686 1776 728 4maturissime

333 745 572 801 judicanda
601 752 689 786 est:
722 752 766 784 at
795 757 858 795 ea,
880 743 924 783 in
957 758 1042 798 qua
1069 741 1404 783 existimationis
1431 743 1668 798 periculum
1696 754 1775 795 est,

291 799 327 847 3
344 802 581 844 tardissime
603 801 841 857 judicatur.
903 801 990 847 Qui
1023 800 1156 856 igitur
1177 799 1395 850 convenit,
1417 814 1513 854 quae
1535 815 1664 842 causa
1684 800 1777 842 fue-

338 861 397 901 rit
426 860 479 901 ad
501 858 852 901 constituendum
874 857 1106 913 judicium,
1128 857 1307 898 eandem
1328 871 1493 897 moram
1515 871 1606 898 esse
1627 858 1681 899 ad
1703 858 1778 913 ju-

338 917 603 959 dicandum?
634 916 680 957 Si
716 916 827 971 quis,
860 915 974 970 quod
1011 914 1260 971 spopondit,
1289 929 1375 969 qua
1405 913 1449 954 in
1487 929 1532 955 re
1565 916 1696 956 verbo
1732 930 1776 956 se

338 990 425 1016 uno
447 973 674 1031 obligavit,
706 973 748 1014 id
781 987 868 1013 non
890 972 1009 1023 facit,
1041 983 1210 1014 maturo
1233 971 1419 1027 judiciO,
1449 971 1540 1012 sine
1570 971 1656 1013 ulla
1681 972 1779 1014 reli-

337 1033 468 1089 gione
494 1031 657 1087 judicis
689 1030 1021 1072 condemnatur:
1054 1030 1128 1084 qui
1158 1043 1234 1085 per
1265 1028 1456 1080 tutelam,
1489 1038 1564 1069 aut
1596 1029 1778 1071 societa-

337 1100 441 1141 tem,
470 1099 545 1130 aut
574 1102 663 1129 rem
696 1087 957 1137 mandatam,
987 1095 1063 1127 aut
1086 1086 1283 1127 5fiduciae
1313 1086 1541 1137 rationem,
1563 1085 1779 1128 fraudavit

338 1145 602 1203 quempiam,
624 1145 666 1186 in
690 1159 756 1196 eo,
778 1159 864 1200 quo
887 1143 1091 1184 delictum
1117 1143 1254 1198 majus
1277 1152 1355 1193 est,
1377 1157 1428 1183 eo
1452 1157 1585 1198 poena
1605 1153 1670 1185 est
1692 1153 1777 1185 tar-

338 1204 448 1245 dior.
510 1202 586 1243 Est
618 1202 733 1243 enim
767 1210 891 1257 turpe
925 1201 1158 1257 judicium.
1191 1210 1236 1241 et
1267 1200 1383 1240 facto
1421 1200 1596 1255 quidem
1637 1210 1777 1257 turpe.

298 1261 495 1304 SVidete
528 1260 662 1316 igitur
694 1274 824 1314 quam
857 1259 1004 1314 inique
1035 1258 1218 1309 accidat,
1254 1257 1357 1312 quia
1391 1271 1455 1298 res
1489 1258 1670 1314 indigna
1707 1259 1776 1310 sit,

292 1318 324 1349 b.
337 1319 435 1360 ideo
458 1328 627 1374 turpem
650 1316 1018 1358 existimationem
1049 1316 1193 1370 sequi:
1226 1315 1328 1370 quia
1350 1314 1485 1370 turpis
1510 1315 1777 1356 existimatio

335 1385 552 1431 sequatur,
585 1375 682 1416 ideo
715 1388 805 1415 rem
842 1373 1064 1429 indignam
1102 1387 1191 1413 non
1227 1372 1430 1428 judicari.
1484 1371 1574 1412 6At
1612 1373 1646 1414 si
1681 1372 1777 1427 quis

333 1433 441 1475 mihi
465 1433 549 1474 hoc
569 1432 709 1488 judex
731 1441 1059 1486 recuperatorve
1081 1430 1219 1480 dicat;
1253 1433 1280 1451 “
1298 1428 1482 1470 Potuisti
1504 1429 1609 1470 enim
1630 1429 1778 1471 leviore

333 1494 361 1514 “
383 1491 543 1532 actione
564 1488 798 1545 confligere:
822 1488 996 1543 potuisti
1024 1486 1080 1528 ad
1102 1494 1216 1528 tuum
1235 1486 1310 1542 jus
1324 1484 1526 1542 faciliore
1547 1493 1583 1528 et
1605 1501 1776 1528 commo-

331 1551 360 1571 “
383 1547 495 1588 diore
513 1546 678 1603 judicio
703 1546 931 1600 pervenire.
953 1559 1079 1600 quare
1107 1551 1180 1585 aut
1211 1550 1324 1584 mata
1346 1543 1559 1595 actionem,
1588 1551 1662 1584 ant
1692 1544 1777 1585 noli

332 1609 362 1628 “
384 1605 485 1646 milii
507 1605 671 1654 instare,
694 1609 739 1644 ut
755 1602 990 1659 ι]ἰιαίῗει,ηη;”
1022 1610 1165 1642 tamen
1189 1601 1223 1641 is
1254 1609 1329 1641 aut
1350 1601 1544 1641 timidior
1565 1601 1775 1652 videatur,

331 1677 462 1718 quam
497 1661 668 1711 fortem,
700 1670 775 1700 aut
804 1660 1015 1715 cupidior,
1047 1673 1175 1713 quam
1206 1658 1443 1713 sapientem
1466 1657 1660 1713 judicem
1685 1672 1776 1700 esse

333 1734 506 1775 aequum
528 1729 607 1769 est,
636 1718 671 1759 si
702 1727 777 1758 aut
807 1717 914 1757 mihi
947 1716 1213 1772 praescribat,
1236 1715 1601 1770 quemadmodum
1631 1731 1776 1757 meum

324 1777 400 1832 jus
424 1790 667 1834 persequar,
689 1784 763 1816 aut
794 1775 885 1831 ipse
916 1774 974 1826 id,
997 1773 1112 1829 quod
1144 1773 1195 1813 ad
1227 1786 1270 1813 se
1292 1772 1480 1813 delatum
1500 1773 1569 1821 sit,
1592 1788 1679 1813 non
1700 1789 1776 1814 au-

332 1834 660 1890 deatjutiicare.
722 1831 897 1872 Etenim
928 1832 961 1871 si
994 1839 1154 1886 praetor
1176 1830 1226 1881 is,
1249 1830 1322 1884 qui
1347 1829 1517 1885 judicia
1539 1829 1628 1881 dat,
1650 1845 1775 1872 num-

333 1907 462 1946 quam
486 1890 658 1947 petitori
683 1889 932 1945 praestituit,
955 1903 1039 1944 qua
1060 1888 1230 1929 actione
1254 1886 1374 1928 illum
1396 1888 1460 1928 uti
1482 1887 1609 1929 velit:
1633 1888 1776 1929 videte

333 1963 464 2004 quam
496 1948 692 2003 iniquum
727 1947 796 1997 sit,
829 1947 1068 1988 constituta
1094 1945 1187 2000 jam
1227 1959 1285 1996 re,
1312 1944 1522 2000 judicem,
1561 1945 1664 2000 quid
1702 1946 1775 2001 agi

365 2006 538 2056 otuerit,
573 2014 649 2046 aut
682 2005 785 2060 quid
825 2004 976 2060 possit,
1014 2017 1101 2043 non
1137 2002 1241 2058 quid
1279 2011 1424 2043 actum
1461 2002 1530 2054 sit,
1568 2017 1775 2058 quaerere.

297 2075 321 2108 9
375 2073 640 2105 erumtamen
674 2062 821 2103 nimiae
852 2070 1006 2102 vestrae
1039 2059 1300 2116 benignitati
1336 2074 1594 2116 pareremuS,
1629 2060 1663 2100 si
1692 2060 1776 2101 alia

332 2121 499 2162 ratione
515 2120 588 2176 jus
611 2129 806 2161 nostrum
829 2132 1080 2174 recuperare
1099 2131 1336 2173 possemus
1397 2117 1439 2158 N
1445 2132 1528 2158 unc
1554 2130 1655 2158 vero
1678 2117 1773 2172 quis

329 2187 409 2230 est,
439 2178 512 2233 qui
544 2186 618 2219 aut
639 2177 727 2218 vim
761 2177 935 2217 armatis
967 2175 1215 2216 hominibus
1246 2174 1405 2215 factam
1434 2174 1616 2229 relinqui
1650 2184 1775 2230 putet

329 2245 544 2292 oportere,
567 2244 642 2276 aut
662 2234 755 2290 ejus
777 2234 838 2275 rei
860 2233 1063 2274 leviorem
1087 2232 1303 2273 actionem
1335 2232 1460 2273 nobis
1490 2231 1678 2286 aliquam
1700 2232 1775 2276 de,-

328 2303 568 2334 monstrare
590 2293 754 2348 possit?
788 2291 855 2333 Ex
878 2306 964 2347 quo
989 2304 1144 2346 genere
1166 2289 1348 2345 peccati,
1371 2298 1420 2330 ut
1449 2288 1510 2329 illi
1532 2288 1772 2341 clamitant,

331 2349 399 2391 vel
420 2350 689 2406 injuriarum,
712 2348 779 2390 vel
801 2349 955 2405 capitis
971 2347 1141 2403 judicia
1163 2346 1400 2388 constituta
1422 2354 1535 2395 sunt,
1556 2345 1601 2386 in
1623 2360 1675 2387 eo
1694 2361 1775 2402 po-

331 2408 453 2448 testis
475 2408 748 2448 atrocitatem
770 2416 962 2447 nostram
986 2404 1310 2460 reprehendere,
1332 2418 1431 2445 cum
1453 2403 1634 2444 videatis
1664 2403 1775 2449 nihil

331 2465 446 2506 aliud
469 2474 630 2515 actum,
652 2465 734 2505 nisi
757 2464 1070 2520 possessionem
1093 2476 1169 2518 per
1196 2462 1474 2502 interdictum
1495 2474 1586 2501 esse
1616 2461 1775 2517 repeti-

283 2523 448 2570 4tam?
480 2522 642 2563 Verum
673 2521 762 2563 sive
796 2537 869 2563 vos
892 2519 1227 2561 existimationis
1258 2518 1370 2560 illius
1400 2517 1654 2574 periculum,
1684 2518 1775 2559 sive

322 2579 436 2634 juris
467 2579 683 2621 dubitatio
705 2579 913 2620 tardiores
944 2577 1050 2619 fecit
1078 2576 1219 2618 adhuc
1250 2576 1303 2617 ad
1325 2575 1637 2632 judicandum:
1669 2574 1776 2617 alte-

369 2713 391 2741 4
414 2710 636 2740 maturissime
657 2707 849 2749 judicanda
867 2708 928 2748 est]
963 2708 1027 2738 Ms.
1072 2708 1179 2737 ciam.-
1201 2706 1279 2746 quia
1301 2711 1379 2736 ante
1399 2709 1450 2736 est
1470 2715 1542 2736 rem
1564 2704 1774 2741 mandatam,

328 2752 398 2783 Erf.
421 2752 621 2787 vindicatur,
644 2751 731 2790 quod
754 2751 863 2791 placet
885 2751 1025 2781 Graevio.
1072 2754 1111 2779 ut
1134 2748 1275 2788 aequalia
1296 2749 1445 2779 membra
1458 2751 1580 2785 essent,
1594 2747 1725 2788 scripsit
1734 2746 1772 2787 f.

327 2796 460 2825 frustra.
477 2804 552 2825 mox
567 2798 618 2824 est
642 2798 774 2824 maturo
787 2793 927 2834 judicio,
943 2793 1030 2833 quod
1072 2792 1246 2822 rationem.

327 2837 406 2869 huic
422 2835 607 2877 respondet.
1115 2833 1135 2864 6
1157 2834 1202 2864 Al
1224 2834 1252 2863 εἰ
1274 2831 1358 2873 quis]
1385 2832 1600 2865 Scribendum
1623 2836 1686 2869 est,
1704 2830 1778 2871 opi-

370 2882 388 2910 5
409 2879 548 2921 fiducioe
571 2878 747 2919 rationem]
774 2878 837 2910 Pro
855 2887 920 2919 per
933 2877 1030 2918 fidu-
1073 2886 1152 2908 nor:
1176 2876 1225 2906 Ae
1238 2886 1263 2907 s.
1278 2885 1308 2916 q.
