1907 3231
296 131 373 169 280
821 134 890 172 IN
923 132 1200 173 VERREM

299 234 488 285 audebit,
526 250 684 293 magno
726 251 771 278 se
810 237 1010 279 decumas
1051 238 1306 288 vendidisse,
1339 252 1438 279 cum
1478 251 1532 278 ex
1573 234 1726 282 eodem

299 306 420 347 agro,
452 292 630 335 dimid-io
661 294 753 350 plus
787 294 878 350 ipse
910 296 1148 346 abstulerit,
1179 310 1305 350 quam
1338 294 1497 351 populo
1529 293 1728 335 Romano

268 370 270 372 v
299 349 490 391 miserit?
524 364 669 392 ccxvi
708 351 901 392 modium
934 352 1121 393 millibus
1158 352 1357 393 decumas
1396 352 1488 408 agri
1524 351 1727 392 Leontini

299 406 544 448 vendidisti.
572 407 606 448 si
637 422 692 448 ex
721 408 829 464 lege,
858 423 1042 464 magno:
1075 409 1125 459 si,
1153 417 1202 449 ut
1232 408 1301 449 lex
1332 418 1443 450 esset
1476 407 1610 449 libido
1640 414 1730 458 tua,

301 464 341 493 14
353 477 510 518 parvo:
542 464 590 515 si,
622 473 684 515 ut,
706 479 802 520 quae
833 465 1023 505 dimidiae
1055 473 1207 516 essent,
1235 466 1428 507 decumae
1459 472 1729 514 vocarentur,

301 534 433 576 parvo
465 521 706 562 vendidisti.
739 520 875 562 multo
905 521 1019 562 enim
1049 522 1180 577 pluris
1214 521 1377 563 fructus
1406 523 1536 563 annui
1569 521 1730 563 Sieiliae

300 577 446 618 venire
482 586 729 633 potuerunt,
759 577 792 618 si
833 578 876 618 id
910 587 952 619 te
982 588 1151 619 senatus
1179 588 1254 619 aut
1286 579 1467 635 populus
1505 579 1730 620 Romanus

301 631 441 674 facere
464 635 678 675 voluisset.
701 634 859 675 etenim
881 649 996 691 saepe
1025 636 1216 676 decumae
1240 636 1348 676 tanti
1371 636 1607 686 venierunt,
1629 649 1730 677 cum

301 688 395 746 lege
431 690 666 732 Hieronica
698 691 907 743 venirent,
944 693 1094 747 quanti
1126 707 1241 733 nunc
1272 692 1366 748 lege
1398 692 1557 733 Verrea
1586 692 1731 733 venie-

300 756 413 788 runt.
475 747 594 789 Cedo
623 747 730 789 mihi
763 748 814 789 C.
839 748 1032 790 Norbani
1063 749 1263 790 decumas
1297 749 1505 790 venditas.
1539 763 1580 790 c.
1606 762 1731 790 NOR-

303 817 425 845 ΒΑΜ
469 818 684 847 DECUMAE
722 819 955 847 vENmTAE
991 820 1110 848 AGRI
1153 820 1415 847 LEONTINI.
1473 805 1608 862 Atqui
1636 815 1730 847 tum

298 874 438 915 neque
463 862 678 917 judicium
710 863 763 903 de
795 863 924 904 modo
955 862 1159 919 jugerum
1201 863 1407 905 dabatur:
1438 877 1576 918 neque
1613 863 1729 904 enim

300 928 390 959 erat
411 917 708 960 Artemidorus
733 919 958 961 Cornelius
987 932 1280 977 recuperator:
1312 934 1450 974 neque
1480 921 1534 961 ab
1563 929 1730 961 aratore

297 976 573 1031 magistratus
604 977 771 1018 Siculus
798 986 965 1017 tantum
989 978 1207 1033 exigebat,
1229 986 1437 1032 quantum
1466 977 1727 1018 decumanus

297 1032 512 1075 ediderat:
544 1048 623 1075 nec
646 1034 903 1075 beneficium
923 1036 1148 1090 petebatur
1178 1050 1202 1075 a
1231 1035 1483 1085 decumano,
1505 1044 1554 1075 ut
1582 1034 1624 1074 in
1655 1033 1730 1089 ju-

298 1104 401 1145 gera
431 1091 600 1146 singula
628 1091 759 1131 ternis
789 1091 1016 1132 medimnis
1038 1091 1232 1132 decidere
1262 1091 1432 1132 liceret:
1465 1106 1545 1132 nec
1575 1105 1728 1132 numo·
1763 1115 1765 1117 ·

298 1160 394 1187 rum
422 1149 709 1188 accessionem
742 1148 978 1203 cogebatur
1008 1158 1149 1189 arator
1177 1148 1292 1199 dare,
1324 1163 1403 1189 nec
1434 1157 1572 1189 ternas
1603 1148 1730 1203 quin-

300 1205 569 1260 quagesimas
607 1204 811 1246 frumenti
853 1205 1030 1247 addere:
1063 1216 1105 1246 et
1147 1215 1290 1246 tamen
1330 1205 1488 1261 populo
1528 1204 1729 1246 Romano

218 1260 482 1317 50magnus
523 1261 726 1305 frumenti
768 1277 967 1302 numerus
1009 1263 1274 1303 mittebatur.
1336 1262 1454 1309 Quid
1491 1276 1592 1302 vero
1632 1262 1728 1303 istae

216 1334 287 1368 113
302 1318 382 1359 sibi
412 1319 795 1376 quinquagesimae,
824 1319 926 1374 quid
956 1334 1083 1375 porro
1113 1334 1341 1360 numorum
1368 1319 1631 1360 accessiones
1655 1334 1730 1360 vo-

257 1374 419 1418 b.lunt?
450 1391 535 1431 quo
576 1377 619 1418 id
654 1377 767 1432 jure,
806 1381 979 1431 l5atque
1020 1377 1141 1427 adeo,
1177 1392 1261 1432 quo
1304 1377 1346 1417 id
1385 1376 1570 1433 [potius]
1610 1389 1729 1417 more

299 1431 468 1474 fecisti?
500 1434 712 1475 Nummos
743 1434 873 1475 dabat
904 1443 1059 1474 arator.
1090 1434 1334 1489 quomodo?
1365 1443 1440 1474 aut
1469 1434 1608 1475 unde?
1638 1433 1728 1489 qui,

299 1490 333 1530 si
369 1489 630 1546 largissimus
669 1505 760 1531 esse
801 1490 939 1541 vellet,
972 1492 1254 1532 cumulatiore
1288 1504 1487 1531 mensura
1522 1499 1727 1540 uteretur,

298 1555 346 1587 ut
378 1557 504 1589 antea
535 1548 730 1589 solebant
765 1548 905 1588 facere
937 1548 982 1588 in
1018 1549 1223 1598 decumis,
1260 1561 1357 1589 cum
1395 1563 1518 1602 aequa
1553 1547 1648 1603 lege
1685 1555 1729 1588 et

297 1604 546 1646 conditione
579 1606 797 1646 venibant.
859 1605 900 1646 Is
938 1620 1116 1646 numum
1157 1605 1300 1646 dabat.
1361 1605 1513 1647 Unde?
1543 1605 1596 1645 de
1638 1604 1727 1645 fru-

296 1665 471 1704 mento?
502 1663 622 1718 quasi
660 1662 892 1713 habuisset,
928 1672 968 1702 te
1003 1672 1200 1718 praetore,
1234 1662 1349 1716 quod
1382 1662 1598 1702 venderet.
1661 1660 1726 1702 De

296 1717 396 1759 vivo
419 1719 551 1775 igitur
571 1728 661 1760 erat
684 1719 845 1774 aliquid
866 1720 1157 1769 resecandum,
1180 1728 1228 1759 ut
1249 1729 1372 1769 esset,
1398 1719 1507 1759 unde
1530 1718 1726 1774 Apronio

296 1775 348 1816 ad
372 1775 463 1816 illos
486 1777 650 1817 fructus
672 1777 912 1817 arationum
936 1776 1017 1817 hoc
1040 1776 1309 1817 corollarium
1340 1790 1568 1817 numorum
1598 1775 1727 1816 adde-

295 1842 424 1873 retur.
483 1834 583 1875 Jam
622 1834 665 1874 id
702 1848 829 1890 porro
862 1844 1005 1874 utrum
1046 1833 1242 1884 libentes,
1280 1848 1333 1873 an
1373 1833 1497 1874 inviti
1535 1833 1724 1874 dabant?

295 1888 503 1932 libentes?
535 1892 751 1941 amabant,
784 1891 926 1941 credo,
959 1890 1214 1946 Apronium.
1246 1890 1398 1931 inviti?
1429 1905 1515 1945 qua
1550 1904 1609 1941 re,
1642 1889 1724 1931 nisi

295 1947 337 1986 vi
367 1958 409 1988 et
439 1948 567 1998 malo,
589 1949 882 2003 cogebantur?
913 1946 1009 1989 Jam
1043 1948 1136 1999 iste,
1168 1948 1298 1988 homo
1326 1947 1657 1997 amentissimus,
1681 1946 1726 1989 in

294 2005 532 2045 vendundis
562 2005 752 2046 decumis
783 2020 1011 2046 numorum
1041 2004 1228 2047 faciebat
1259 2005 1522 2046 accessiones
1555 2004 1607 2045 ad
1640 2004 1726 2045 sin-

294 2061 415 2116 gulas
446 2062 670 2104 decumas:
702 2076 840 2117 neque
870 2062 1077 2113 multum3
1114 2063 1212 2103 bina
1238 2070 1312 2102 aut
1341 2070 1461 2102 terna
1491 2061 1624 2102 millia
1652 2061 1726 2102 ad-

293 2118 437 2159 debat.
471 2119 579 2159 fiunt
609 2134 684 2175 per
714 2120 946 2160 triennium
984 2118 1081 2160 H-S
1112 2120 1292 2162 fortasse
1334 2132 1380 2160 ιο
1415 2118 1562 2159 millia.
1624 2118 1726 2160 Hoc

293 2189 432 2230 neque
467 2176 666 2232 exemplo
699 2176 967 2232 cujusquam,
1000 2190 1138 2231 neque
1174 2176 1259 2218 ullo
1291 2175 1407 2230 jure'
1427 2175 1555 2217 fecit:
1587 2189 1726 2231 neque

292 2246 385 2272 eam
409 2233 634 2288 pecuniam
658 2233 826 2275 retulit:
859 2247 996 2288 neque
1024 2233 1107 2275 hoc
1137 2247 1315 2289 parvum
1337 2233 1498 2274 crimen
1519 2232 1725 2287 quemad-

291 2289 469 2330 modum
490 2290 740 2332 defensurus
761 2291 828 2342 sit,
853 2292 890 2322 16
904 2291 1033 2332 homo
1055 2291 1281 2358 quisquam
1312 2304 1518 2348 umquam
1547 2289 1726 2346 excogi-

292 2346 417 2388 tabit.
1070 2363 1073 2366 ’
1167 2362 1172 2368 ·
1402 2359 1406 2364 ’

339 2503 376 2532 14
392 2512 509 2541 parvo,
525 2502 565 2542 εἴ]
593 2503 674 2533 Haec
688 2503 751 2533 duo
769 2503 866 2534 verba
881 2503 988 2534 deleta
1031 2513 1126 2535 more.
1169 2503 1214 2534 At
1234 2502 1304 2533 haec
1326 2506 1377 2534 est
1396 2502 1494 2534 lectio
1510 2500 1579 2532 edd.
1594 2511 1641 2542 pr.
1660 2502 1727 2548 ρνσ

293 2543 365 2574 vult
381 2544 562 2575 Manut'iuS.
607 2545 694 2575 Nam
709 2555 786 2576 sane
801 2545 858 2575 illa
872 2547 988 2585 repeti·
1030 2551 1080 2576 est
1102 2547 1142 2576 ab
1156 2546 1251 2582 Aldo,
1268 2545 1354 2575 unde
1376 2545 1418 2575 ad
1430 2549 1553 2575 ceteras
1570 2543 1640 2574 edd.
1664 2545 1725 2576 flu-

293 2586 342 2615 tio
373 2587 458 2616 verbi
488 2597 594 2626 parra
622 2588 766 2627 languet.
811 2587 873 2618 Sed
898 2593 988 2618 totus
1032 2589 1089 2618 xit.
1134 2588 1219 2618 Mihi
1235 2598 1322 2618 more
1335 2596 1447 2617 verum
1462 2586 1599 2616 videtur.
1635 2587 1724 2617 Nam

293 2627 385 2657 locus
406 2628 487 2658 mihi
511 2638 578 2661 non
601 2630 680 2659 satis
700 2629 820 2668 placet,
835 2633 869 2659 et
894 2640 988 2669 argu-
1032 2630 1066 2659 in
1089 2630 1154 2660 fine
1177 2630 1272 2669 hujus
1295 2629 1589 2669 argumentationis
1604 2629 1724 2669 repetit

293 2670 455 2700 mentatio
480 2671 610 2701 videtur
633 2671 827 2708 claudicare,
846 2678 884 2701 ut
908 2673 988 2703 mihi
1029 2673 1246 2702 sententiam:
1272 2673 1327 2702 hoc
1342 2681 1441 2710 neque
1454 2671 1596 2710 exemplo
1616 2669 1726 2711 cujus-

292 2711 346 2741 hic
360 2711 483 2750 aliquid
498 2713 568 2743 vitii
583 2713 685 2743 latere
700 2713 857 2743 videatur.
902 2714 988 2744 Nam
1031 2724 1142 2754 quam,
1158 2724 1256 2753 neque
1270 2716 1336 2744 ullo
1341 2712 1424 2753 jure
1425 2711 1520 2753 fecit.
1565 2713 1604 2743 In
1618 2722 1727 2747 exem,

290 2763 319 2783 v,
335 2764 362 2784 c.
377 2754 540 2792 quomodo
553 2759 661 2795 potest
675 2765 796 2793 magno
809 2757 986 2786 vendidisse
1029 2756 1083 2796 plo
1105 2761 1154 2786 est
1177 2766 1258 2786 mos.
1303 2756 1458 2786 Ceterum
1479 2756 1580 2785 etiam
1595 2755 1674 2785 adeo
1687 2755 1723 2786 et

289 2796 366 2831 dici,
382 2795 408 2826 si
422 2806 460 2826 ex
475 2796 546 2835 lege
561 2797 729 2833 vendidit,>
1020 2799 1132 2837 potius
1152 2798 1275 2837 frigent
1293 2798 1487 2836 tautologia.
1532 2797 1649 2828 Potius
1669 2797 1725 2827 de-

335 2841 371 2868 15
407 2842 503 2877 atque
530 2839 620 2876 culeo,
649 2849 708 2878 quo
737 2840 774 2870 id
792 2841 902 2879 potius
931 2851 986 2871 ore
1028 2839 1162 2870 lendum
1176 2840 1305 2871 videtur
1319 2845 1357 2870 ut
1370 2840 1477 2879 glossa
1491 2840 1530 2870 τῦ
1541 2841 1628 2870 adeo.

274 2878 406 2922 fecisti]
435 2881 581 2912 Graevius
605 2893 622 2914 e
646 2882 711 2914 Ms.
735 2882 846 2914 Franz.
871 2878 985 2918 iaudat
1073 2883 1110 2914 16
1132 2884 1222 2915 homo
1236 2884 1407 2925 quisquam
1419 2891 1576 2924 umquam
1597 2881 1728 2920 excogiae
