1907 3231
351 145 374 178 4
941 142 1190 183 ORATIO

357 244 533 287 'uelum
561 245 823 289 adversarius
844 247 1006 289 nullum
1034 249 1213 304 jecerit:
1248 249 1328 290 illis
1358 259 1501 291 autem
1533 248 1574 290 id
1610 257 1778 305 tempus

354 301 629 360 impugnandi
653 304 790 355 detur,
812 319 910 346 cum
931 316 974 346 et
999 306 1158 347 vitandi
1190 306 1355 347 illorum
1384 307 1567 363 impetus
1590 314 1779 362 potestas

351 359 550 416 adempta
581 362 702 402 nobis
735 363 836 413 erit3
867 370 924 413 ct,
955 363 988 403 si
1023 378 1107 418 qua
1139 364 1180 404 in
1213 378 1270 414 re,
1299 364 1339 404 id
1368 364 1481 418 quod
1529 363 1648 404 ›arati
1679 372 1779 403 sunt

354 415 505 466 faccrc,
530 418 724 459 ¹⁵falsum
748 420 906 459 crimen
931 421 1049 475 quasi
1075 430 1340 461 venenatum
1358 378 1529 475 aliquod
1555 421 1685 461 telum
1709 419 1778 474 je-

316 473 503 524 9ceriut,
529 475 750 516 medicinae
778 475 982 517 faciendae
1007 476 1122 518 locus
1143 492 1227 517 non
1249 478 1344 517 erit.
1406 477 1453 518 ld
1478 477 1634 518 accidit
1665 490 1776 532 prae-

354 530 455 571 toris
487 532 710 587 iniquitate
739 542 781 573 et
817 533 995 588 injuria:
1030 534 1211 589 primum
1251 534 1364 589 quod
1401 543 1549 575 contra
1583 534 1776 574 omnium

351 589 716 639 consuetudinem,
740 589 955 644 judiciuin
986 590 1101 645 prius
1119 591 1170 631 de
1194 592 1364 645 probro,
1385 605 1512 645 quam
1535 589 1587 630 de
1609 604 1666 640 re,
1689 603 1779 630 ma-

351 643 427 684 luit
452 645 563 686 fieri:
595 646 762 696 deinde,
785 646 898 701 quod
931 646 990 687 ita
1011 647 1236 688 constituit
1269 648 1452 702 idipsum
1477 646 1708 701 judicium,
1729 655 1778 687 ut

351 715 458 751 reus,
481 712 707 757 antequam
732 704 907 744 verbum
931 705 1189 744 accusatoris·
1219 704 1420 753 audisset,
1442 717 1613 744 causam
1635 703 1779 744 dicere

349 769 596 813 cogeretur3
628 760 742 815 quod
765 774 910 801 eorum
943 761 1081 816 gratia
1102 771 1143 801 et
1176 761 1366 816 potentia
1397 761 1555 801 factum
1586 769 1664 809 est,
1686 760 1778 815 qui,

348 816 467 869 quasi
500 830 660 858 suares
696 826 769 857 ant
798 817 933 857 lionos
963 827 1127 873 agatur,
1162 818 1218 857 ita
1249 817 1475 872 diligenter
1506 817 1607 858 Sex.
1632 816 1776 857 Naevii

351 872 491 912 studio
522 883 573 913 et,
597 874 822 929 cupiditati
854 889 1014 914 morem
1051 883 1225 929 gerunt:
1257 883 1299 914 et
1336 875 1375 914 in
1407 874 1616 928 ejusmodi
1650 873 1777 914 rebus

348 943 449 984 opes
473 945 566 970 suas
589 931 881 986 experiuntur,
905 931 946 971 in
970 931 1139 985 quibus,
1159 945 1243 985 quo
1266 931 1358 986 plus
1381 939 1554 986 propter
1576 930 1776 971 virtutem

351 986 704 1042 nobilitatemque
728 996 919 1043 possunt,
942 1002 991 1028 eo
1012 989 1166 1037 minus,
1188 998 1392 1043 quantum
1419 987 1596 1043 possint,
1619 987 1777 1028 debent

291 1043 339 1079 10
351 1044 586 1084 ostendere.
648 1044 760 1084 Cum
782 1053 845 1084 tot
867 1045 1080 1099 tantisque
1100 1045 1424 1085 difficultatibus
1445 1044 1624 1085 affectus
1647 1052 1778 1098 atque

349 1099 547 1149 afflictus,
579 1101 618 1140 in
654 1110 785 1150 tuam,
815 1100 865 1141 C.
897 1100 1072 1155 Aquilli,
1103 1101 1246 1150 fidem,
1270 1102 1506 1152 veritatem,
1536 1101 1776 1142 misericor-

347 1156 458 1196 diam
488 1156 535 1197 l'.
561 1157 766 1203 Quintius
797 1156 1066 1213 confugerit:
1097 1172 1194 1198 cum
1225 1158 1364 1198 adhue
1395 1158 1449 1208 ei,
1483 1166 1657 1214 propter
1686 1157 1773 1199 vim

345 1213 697 1265 adversariorum,
727 1229 813 1254 non
846 1214 919 1268 jus
950 1229 1039 1270 par,
1072 1229 1156 1255 non
1194 1215 1347 1270 agendi
1388 1223 1576 1270 potestas
1608 1215 1775 1265 eadem,

344 1284 429 1310 non
453 1271 726 1326 magistratus
757 1286 904 1325 aequus
927 1271 1099 1326 reperiri
1124 1271 1334 1327 potuerit:
1367 1286 1465 1312 cum
1487 1271 1541 1321 ei,
1565 1285 1773 1312 summam

344 1341 418 1381 per
452 1327 667 1382 injuriam,
698 1329 843 1368 omnia
874 1328 1049 1368 inimica
1078 1337 1205 1383 atque
1237 1328 1391 1369 infesta
1422 1329 1606 1370 fuerint:
1638 1338 1694 1379 te,
1719 1327 1774 1370 C.

344 1382 521 1438 Aquilli,
548 1386 584 1415 16
595 1399 771 1440 vosque,
800 1385 871 1439 qui
908 1385 950 1425 in
973 1385 1152 1426 consilio
1175 1385 1345 1436 adestis,
1366 1394 1460 1426 orat
1491 1394 1625 1440 atque.
1648 1386 1774 1426 obse-

345 1450 450 1489 crat,
473 1451 521 1481 ut
542 1441 686 1482 multis
709 1442 876 1495 injuriis
893 1441 1103 1497 jactatam
1127 1452 1252 1497 atque
1279 1442 1485 1498 agitatam
1508 1442 1774 1498 aequitatem,

298 1483 331 1529 3
347 1497 388 1536 iu
412 1497 494 1538 lioc
517 1498 689 1539 tandem
714 1498 806 1539 loco
829 1498 1061 1540 consistere
1089 1508 1132 1539 et
1158 1499 1398 1540 confirmari
1423 1498 1662 1554 patiamini.
1722 1498 1775 1540 Id

287 1557 432 1608 llquo
456 1553 621 1595 facilius
644 1555 782 1596 facere
805 1555 989 1611 possitis,
1008 1555 1120 1596 dabo
1142 1570 1329 1612 operam,
1347 1566 1395 1597 ut
1416 1570 1440 1595 a
1462 1555 1689 1612 principio,
1712 1570 1778 1597 res

344 1611 703 1665 quemadmodum
728 1621 847 1668 gesta
869 1621 911 1652 et
933 1621 1153 1654 eontracta
1173 1613 1240 1663 sit,
1259 1613 1546 1669 cognoscatis.

301 1675 330 1704 b.
402 1667 453 1709 C.
478 1669 683 1715 Quintius
707 1668 788 1709 fuit
813 1668 861 1709 P.
886 1669 1056 1715 Quintii
1080 1669 1207 1724 liujus
1231 1669 1384 1720 frater;
1415 1683 1514 1710 sane
1534 1678 1772 1711 ceterarum

343 1739 482 1765 rerum
506 1725 809 1781 paterfamilias
832 1735 874 1766 et
896 1726 1079 1782 prudens
1101 1738 1145 1767 et
1165 1735 1368 1776 attent1is,
1391 1727 1539 1767 una-in
1563 1740 1606 1767 re
1628 1726 1772 1782 paullo

342 1782 482 1822 minus
505 1782 811 1833 consideratus,
833 1784 906 1838 qui
941 1783 1190 1824 societatem
1219 1798 1318 1825 cum
1349 1786 1449 1824 Sex.
1475 1783 1630 1825 Naevio
1659 1782 1773 1825 fece-

345 1838 413 1889 rit,
437 1839 527 1879 viro
551 1840 680 1889 bono,
704 1849 994 1880 verumtamen
1018 1855 1103 1881 non
1126 1841 1186 1881 ita
1209 1841 1422 1891 instituto,
1444 1849 1492 1881 ut
1513 1840 1615 1896 jura
1635 1840 1772 1882 socie-

346 1896 444 1936 tatis
467 1906 509 1936 et
532 1896 676 1938 officia
696 1897 800 1937 certi
834 1896 1149 1952 patrisfamilias
1171 1912 1295 1938 nosse
1319 1905 1486 1953 posset:
1517 1911 1605 1938 non
1625 1911 1712 1953 quo
1732 1897 1772 1940 ei

340 1951 504 1993 deesset
535 1953 776 2009 ingenium:
812 1958 929 2006 (nam
956 1968 1094 2009 neque
1123 1969 1273 2010 parum
1304 1955 1469 1996 facetus
1497 1968 1642 1995 scurra
1671 1954 1775 1996 Sex.

342 2008 534 2060 Naevius,
558 2024 694 2064 neque
717 2009 972 2051 inhumanus
996 2025 1137 2066 praeco
1159 2021 1223 2052 est
1245 2025 1447 2068 umquam
1465 2011 1773 2063 existimatus.)

343 2066 458 2112 Quid
485 2081 588 2122 ergo
610 2069 699 2108 est?
722 2066 834 2108 Cum
856 2068 895 2108 ei
918 2077 1069 2108 natura
1088 2069 1193 2109 nihil
1215 2069 1365 2110 melius
1383 2082 1511 2123 quam
1531 2082 1680 2110 vocem
1697 2068 1773 2110 de-

341 2123 491 2174 disset,
512 2132 631 2179 pater
661 2123 767 2164 nihil
795 2134 952 2180 praetei·
982 2125 1220 2166 libertatem
1250 2125 1512 2181 reliquisset3
1543 2138 1695 2167 vocem
1727 2125 1771 2167 in

341 2189 554 2234 quaestum
577 2180 784 2222 contulit:
816 2181 1012 2222 libertate
1043 2197 1140 2223 usus
1171 2192 1249 2234 est,
1280 2197 1365 2238 quo
1397 2182 1614 2238 impunius
1642 2181 1771 2224 dicax

282 2241 328 2275 12
342 2247 465 2277 esset.
526 2238 670 2284 Quare
692 2238 806 2293 quod
830 2239 993 2280 socium
1016 2239 1095 2279 tibi
1118 2253 1216 2280 eum
1238 2239 1364 2281 velles
1389 2239 1639 2295 adjungere,
1659 2238 1769 2280 nihil

341 2304 444 2344 erat,
475 2295 554 2335 nisi
588 2303 635 2335 ut
669 2295 711 2335 in
743 2304 816 2336 tua
848 2296 1032 2351 pecunia
1053 2297 1333 2348 condisceret,
1358 2297 1432 2352 qui
1465 2296 1660 2352 pecuniae
1679 2295 1770 2337 fru-

337 2361 430 2390 ctus
462 2362 587 2392 esset.
622 2361 764 2392 tamen
802 2352 1004 2394 inductus
1040 2354 1349 2394 consuetudine
1385 2369 1435 2395 ac
1474 2352 1765 2394 familiaritate

339 2408 542 2453 Quintius
576 2407 694 2460 fecit,
722 2418 770 2450 ut
803 2409 911 2461 dixi,
945 2410 1195 2451 societatem
1223 2424 1369 2451 earum
1403 2423 1557 2463 rerum,
1584 2423 1682 2465 quae
1717 2409 1762 2451 in

380 2539 416 2567 14
438 2543 463 2567 t.
489 2548 520 2569 α,
536 2538 670 2579 jecerit]
708 2539 768 2570 Ed.
795 2538 834 2569 R.
854 2539 909 2570 W.
935 2540 973 2571 B.
995 2547 1029 2571 et
1073 2540 1159 2572 delet
1172 2540 1368 2572 Lambinus:
1391 2539 1561 2579 eleganter
1571 2548 1667 2571 sane:
1691 2548 1768 2570 nam

334 2578 494 2610 aliaevett.
505 2581 584 2611 item
599 2581 796 2621 Mss.plures
809 2583 934 2620 legerit.
945 2584 1030 2622 quod
1061 2583 1157 2623 J‘calso
1183 2583 1315 2613 crimini
1342 2591 1410 2612 non
1438 2579 1610 2622 respondet
1636 2581 1766 2612 medici-

335 2621 419 2651 male
433 2623 583 2653 nonnulli
602 2623 829 2661 defenderunt,
845 2629 883 2654 ut
897 2623 1030 2655 demon·
1073 2635 1153 2656 nam
1161 2623 1293 2665 fixe-ere,
1310 2623 1367 2654 sed
1385 2627 1542 2654 venenato
1561 2625 1634 2661 telo,
1651 2627 1766 2663 estque

333 2669 417 2693 strat
442 2664 617 2694 Victorius.
662 2665 815 2695 Ceterum
842 2668 1028 2698 consecutio
1070 2668 1160 2699 locus
1184 2671 1276 2698 totus
1301 2665 1504 2705 allegoricus.
1548 2665 1614 2696 Hie
1638 2674 1766 2705 quoque

332 2705 488 2736 orationis
511 2707 655 2747 postulat
671 2706 754 2747 jecit
765 2720 774 2736 .·
789 2717 863 2737 cum
877 2709 1029 2739 adversa·
1072 2709 1211 2748 legerint
1222 2708 1293 2739 edd.
1308 2707 1349 2738 R.
1361 2707 1415 2738 W.
1429 2707 1468 2738 B.
1482 2708 1540 2739 διο.

330 2748 401 2783 rius
426 2749 556 2778 nullum
583 2750 682 2779 celum
698 2749 1021 2790 jecit—-cum—pote-
1110 2752 1147 2781 16
1166 2760 1292 2790 vosque,
1305 2750 1410 2790 quiin
1423 2758 1506 2780 cons.
1520 2748 1590 2789 ad]
1626 2748 1765 2780 Videtur

330 2793 398 2818 etas
411 2790 498 2820 nobis
511 2791 643 2821 ademta
656 2792 728 2821 erit.
751 2790 1023 2824 Videnturlibra-
1058 2793 1184 2834 judices
1210 2792 1350 2832 alloqui:
1373 2791 1429 2822 sed
1455 2796 1535 2822 sunt
1557 2790 1705 2822 advocati
1728 2796 1763 2822 et

332 2832 368 2861 rii
382 2832 426 2860 sic
439 2831 573 2870 dedisse,
591 2834 666 2872 quia
682 2837 754 2872 post
767 2833 812 2862 sic
826 2839 886 2863 est.
1066 2835 1254 2871 consiliarii,
1281 2843 1361 2874 quos
1386 2833 1445 2864 sibi
1465 2833 1646 2865 adsciverat
1663 2833 1764 2873 Aqui-

374 2876 409 2903 15
420 2873 554 2913 sulcum
567 2876 701 2912 crimen,
714 2874 820 2915 quari]
846 2885 904 2915 pro
919 2875 1025 2915 glossa
1067 2877 1142 2916 lius,
1156 2876 1212 2916 qui
1227 2882 1302 2917 post
1317 2882 1487 2907 assessores
1499 2875 1589 2907 dicti.
