1907 3231
266 144 340 181 136

216 244 221 247 “
266 247 428 299 monio,

189 286 318 347 16ac
349 306 377 346 fl

787 140 858 184 IN
893 141 1174 185 VERREM

448 255 540 290 tum
559 246 697 289 multo
722 249 852 291 etiam
874 264 929 291 ex
949 251 1141 292 maxima
1170 257 1305 307 parte,
1327 248 1450 292 istius
1481 249 1696 293 furtorum

381 306 611 362 agitiorum
633 306 796 348 invidia
817 308 1115 364 conflagravit.

1177 307 1295 354 Quid
1325 306 1408 350 hoe
1437 308 1612 349 homine
1634 306 1699 348 fa·-

206 365 256 400 42
269 363 420 405 ciatis?
450 372 523 404 aut
545 364 597 404 ad
623 378 752 418 quam
782 379 901 420 spem
932 375 1020 407 tam
1050 363 1342 421 perfidiosum,
1365 373 1453 406 tam
1483 366 1698 420 importu-'

266 435 372 461 num
402 421 558 461 animal
593 422 842 464 reservetis?
874 422 947 477 qui
977 422 1070 462 35in
1103 421 1186 463 Cn.
1219 421 1418 464 Carbone
1449 433 1621 472 sortem,
1651 421 1698 462 in

267 476 351 519 Cn.
376 477 602 519 Dolabella
631 478 895 520 voluntatem
925 478 1165 534 neglexerit
1190 493 1241 520 ac
1270 479 1454 531 violarit,
1484 481 1526 511 36
1537 491 1697 534 eosque

267 536 416 576 ambos
439 550 525 576 non
549 535 685 576 solum
706 535 952 587 deseruerit,
972 536 1044 576 sed
1065 536 1194 576 etiam
1217 536 1452 591 prodiderit
1469 547 1598 592 atque
1620 550 1699 591 op-

266 592 484 648 pugnarit.
545 592 707 643 Nolite,
726 608 889 648 quaeso,
913 593 1099 649 judices,
1122 593 1332 634 brevitate
1362 595 1568 635 orationis
1589 605 1697 633 meae

266 650 426 705 potius,
449 663 577 705 quam
604 664 744 690 rerum
776 650 962 706 ipsarum
994 649 1305 706 magnitudine,
1328 651 1508 692 crimina
1538 650 1701 707 ponde-

268 721 373 747 rare.
397 707 504 747 milii
527 707 641 747 enim
664 708 978 763 properandum
1010 707 1247 748 necessario
1279 716 1357 758 est,
1387 719 1436 749 ut
1457 708 1603 749 omnia
1623 722 1700 748 vo-

205 756 254 790 43
271 764 349 814 bis,
382 764 607 819 quaemihi
641 765 877 806 constituta
907 774 1020 815 sunt,
1051 765 1211 820 possim
1242 779 1471 820 exponere.
1533 765 1699 811 Quam-

267 822 430 872 obrem,
447 831 663 877 quaestura
684 822 806 862 istius
821 823 1124 872 demonstrata,
1138 822 1350 877 primique
1369 823 1644 878 magistratus
1656 828 1703 862 et'

267 878 382 919 furto
405 888 446 918 et
469 878 623 919 scelere
646 889 885 935 perspecto,
908 879 1070 934 reliqua
1100 879 1323 920 attendite.
1356 879 1400 919 in
1422 879 1577 934 quibus
1596 878 1700 919 illud

266 944 436 991 tempus
473 935 740 977 Sullanarum
774 937 1136 993 proscriptionum
1168 951 1218 976 ac
1250 937 1493 992 rapinarum
1525 944 1703 991 praeter-

264 993 461 1034 mittam:
494 1007 631 1048 neque
650 1008 731 1049 ego
764 995 893 1035 istum
925 994 1006 1034 sibi
1038 1008 1091 1034 ex
1119 994 1338 1034 communi
1362 993 1605 1035 calamitate
1628 993 1702 1034 de-

267 1048 505 1091 fensionem
529 1050 656 1090 ullam
681 1051 816 1091 sinam
841 1065 1020 1092 sumere.
1048 1051 1132 1091 suis
1155 1065 1252 1091 eum
1277 1051 1403 1092 certis
1435 1050 1704 1107 propriisque

267 1107 519 1148 criminibus
569 1109 796 1149 accusabo.

857 1109 1167 1158 Quamobrem,
1209 1107 1292 1148 hoc
1343 1109 1460 1149 omni
1509 1118 1703 1163 tempore

269 1163 443 1205 Sullano
465 1179 519 1204 ex
539 1166 812 1207 accusatione
831 1166 1172 1222 circumscripto,
1194 1165 1453 1221 legationem
1476 1164 1567 1220 ejus
1591 1179 1702 1221 prae-

269 1220 425 1262 claram
449 1222 713 1277 cognoscite.

207 1288 257 1321 44

329 1279 614 1334 Posteaquam
648 1279 730 1320 Cn.
759 1279 997 1321 Dolabella}
1029 1279 1251 1335 provincia
1282 1280 1438 1322 Cilicia
1467 1279 1705 1321 constituta

159 1339 359 1387 r·85-est;
391 1351 416 1377 o
439 1337 498 1377 dii
522 1337 806 1379 immortales!
840 1346 1001 1392 quanta
1031 1339 1111 1378 iste
1143 1337 1394 1393 cupiditate,
1418 1339 1574 1393 quibus
1605 1336 1705 1378 alle—

229 1390 520 1448 a'gationibtis
547 1393 662 1434 illam
694 1395 776 1435 sibi
804 1394 1067 1450 legationem
1089 1395 1385 1450 expugnavit?
1417 1396 1460 1436 id
1482 1395 1597 1451 quod
1621 1393 1705 1435 Cn.

273 1450 509 1491 Dolabellae
545 1452 805 1507 principium
837 1452 1039 1492 maximae
1070 1452 1324 1492 calamitatis
1355 1451 1452 1493 fuit.

1513 1452 1627 1492 Nam
1659 1459 1707 1492 ut

267 1507 349 1548 iste
376 1507 593 1563 profectus
617 1520 694 1559 est,
717 1523 987 1564 quacumque
1018 1510 1098 1549 iter
1120 1508 1239 1559 fecit,
1261 1508 1473 1563 ejusmodi
1498 1509 1595 1559 fuit,
1617 1522 1705 1549 non

270 1574 318 1606 ut
339 1565 504 1621 legatus
527 1566 673 1622 populi
702 1566 901 1617 Romani,
924 1566 996 1606 scd
1018 1577 1066 1606 ut
1095 1566 1290 1620 quaedam
1316 1566 1534 1607 calamitas
1557 1580 1708 1622 perva-

190 1616 256 1669 17
272 1623 369 1663 dere
399 1622 626 1663 videretur.

689 1623 740 1664 In
774 1623 940 1664 Achaia
971 1623 1319 1679 (praetermittam
1351 1624 1517 1664 minora
1547 1623 1708 1673 onmia,

271 1694 451 1735 quorum
477 1680 613 1721 simile
636 1679 814 1722 forsitan
839 1681 944 1722 alius
967 1695 1137 1736 quoque
1160 1680 1317 1735 aliquid
1343 1680 1571 1736 aliquando
1594 1680 1708 1721 fece-

271 1737 351 1777 rit:
384 1736 489 1777 nibil
512 1737 667 1788 dicam,
690 1738 770 1780 nisi
805 1738 1032 1794 singulare,
1055 1738 1135 1778 nisi
1159 1738 1289 1793 quod,
1312 1737 1345 1778 si
1369 1738 1411 1778 in
1435 1738 1565 1779 alium
1588 1751 1707 1779 reum

271 1793 497 1844 diceretur,
537 1794 786 1836 incredibile
826 1796 1073 1846 videretur)
1112 1795 1412 1850 magistratum
1455 1795 1708 1850 Sicyonium

272 1865 470 1892 nummos
496 1853 707 1907 poposcit.
758 1854 825 1894 Ne
847 1853 903 1893 sit
924 1852 1007 1894 hoc
1030 1852 1190 1893 crimen
1215 1853 1258 1892 in
1281 1852 1482 1894 Verrem:
1515 1854 1711 1894 fecerunt.

272 1907 358 1948 alii.
382 1923 479 1948 cum
503 1909 571 1950 ille
594 1925 679 1950 non
702 1910 836 1961 daret,
859 1910 1175 1951 animadvertit.

209 1963 259 2004 45
274 1965 528 2006 inauditum.

1237 1908 1506 1965 Improbum,
1526 1909 1598 1950 sed
1620 1924 1709 1950 non

591 1967 738 2008 Genus
762 1967 1141 2009 animadversionis
1165 1966 1330 2008 videte:
1363 1967 1578 2022 quaeretis,
1600 1969 1639 2000 37
1653 1981 1709 2007 ex

271 2037 357 2077 quo
381 2037 536 2078 genere
557 2023 782 2065 hominum
806 2025 932 2065 istum
960 2024 1182 2079 judicetis.

1244 2024 1397 2080 Ignem
1418 2039 1472 2065 ex
1495 2024 1623 2079 lignis
1645 2023 1710 2064 vi-

269 2079 433 2120 ridibus
456 2091 583 2135 atque
605 2082 793 2122 humidis
816 2082 860 2122 in
882 2081 977 2122 loco
1000 2091 1184 2137 angusto
1207 2081 1299 2122 fieri
1319 2081 1464 2136 jussit.
1488 2081 1549 2121 ibi
1569 2080 1710 2121 homi-

269 2151 368 2178 nem
399 2136 651 2194 ingenuum,
673 2139 791 2180 domi
822 2138 1025 2190 nobilem,
1048 2138 1197 2195 populi
1231 2139 1418 2180 Romani
1450 2138 1615 2179 socium
1645 2145 1711 2178 at-

312 2312 351 2341 35
374 2312 409 2341 in
428 2311 569 2342 Carbone
582 2321 607 2341 S.
623 2311 656 2341 in
673 2310 842 2342 Dolabella
856 2310 900 2352 zm]
919 2311 970 2341 Sic

268 2353 354 2383 edidi
370 2364 428 2394 pro
448 2354 635 2390 Carbonem,
651 2353 871 2389 Dolabellam,
887 2353 973 2393 quod

269 2394 394 2426 habent
412 2396 482 2426 edd.
506 2400 586 2425 vett.
610 2405 710 2435 usque
732 2396 774 2426 ad
796 2396 830 2426 P.
854 2396 973 2426 Manu-

271 2437 369 2472 tium,
386 2438 440 2476 qui
455 2437 500 2468 sic
515 2439 668 2474 correxit,
684 2443 722 2468 ut
742 2447 800 2468 nos
816 2438 973 2468 dedimus.

271 2479 431 2509 Gruterus
454 2480 549 2516 nibil,
572 2485 610 2510 ut
632 2480 770 2515 solebat,
793 2480 855 2510 nisi
877 2484 970 2510 vetu-

271 2524 392 2551 statem
413 2521 573 2552 librorum
600 2523 772 2563 spectavit,
795 2532 892 2552 sensu
915 2532 970 2552 ne-

271 2562 390 2601 glecto.
433 2564 579 2594 Graevius
600 2565 705 2595 voluit
727 2565 900 2604 explicare,
923 2565 970 2594 di-

272 2605 383 2643 xitque
397 2606 433 2635 in
446 2616 513 2636 esse
529 2616 608 2645 erga
622 2620 631 2639 ;
649 2606 734 2645 quod
749 2612 798 2637 est
814 2606 970 2637 alienum.

270 2645 359 2685 Quid
380 2653 430 2678 est
451 2657 519 2678 sors
539 2658 619 2686 erga
643 2650 783 2688 aliquem
798 2650 814 2678 ,7
840 2648 883 2678 Et
904 2659 970 2680 non

271 2697 378 2718 sermo
393 2694 443 2719 est
464 2689 503 2719 de
525 2690 695 2720 voluntate
717 2700 795 2729 erga
816 2690 971 2721 Dolabel-

270 2729 352 2765 lam,
380 2731 435 2761 sed
462 2731 500 2761 de
523 2731 693 2762 voluntate
716 2732 899 2763 Dolabeilae
921 2743 971 2763 er-

271 2781 314 2811 ga
327 2772 474 2809 Verrem,
489 2773 543 2812 qui
564 2773 652 2804 hunc
673 2774 820 2813 legatum
843 2775 902 2805 sibi
926 2775 970 2805 fe-

272 2818 375 2851 cerat,
398 2821 432 2845 et
454 2825 512 2855 pro
535 2822 695 2854 quaestore
723 2826 790 2847 esse
814 2818 969 2854 jusserat.

273 2855 361 2895 Ergo
377 2866 488 2887 sensus
497 2861 547 2887 est
558 2858 750 2894 necessario,
760 2864 895 2895 sortem,
904 2859 970 2889 sive

274 2898 467 2939 religionem
483 2900 592 2938 sortis,
607 2904 647 2930 ut
668 2904 745 2931 ante
760 2900 853 2939 di-xit,
871 2899 970 2932 viola-

1013 2310 1060 2340 vit
1077 2310 1110 2341 in
1133 2310 1281 2341 Carbone
1303 2308 1490 2347 deserendo,
1506 2314 1541 2340 et
1562 2309 1712 2350 benigni-

1013 2357 1118 2383 tatem
1141 2354 1201 2383 sibi
1215 2353 1472 2383 demonstratam
1490 2352 1524 2382 in
1539 2351 1716 2383 Dolabella

1016 2395 1191 2436 prodenda
1200 2394 1419 2425 Conferantur
1431 2394 1611 2435 superiora:
1622 2393 1713 2424 haud

1015 2439 1078 2469 scio
1092 2448 1137 2468 αη
1150 2435 1394 2478 major—sortis
1407 2437 1529 2467 debeat.

1055 2481 1096 2511 36
1117 2489 1227 2518 eosque
1247 2478 1370 2517 ambos]
1400 2478 1465 2508 Alii
1489 2478 1563 2509 inde
1579 2477 1712 2508 aLam-

1014 2522 1091 2554 bino
1107 2523 1214 2557 ambo,
1229 2520 1316 2560 quod
1330 2529 1397 2550 non
1419 2520 1610 2561 displicebat
1624 2520 1711 2550 Gru-

1013 2569 1098 2601 tero,
1114 2564 1298 2603 recepitque
1321 2562 1487 2592 Graevius:
1512 2568 1550 2592 ut
1571 2562 1642 2592 aliis
1664 2561 1714 2592 lo-

1015 2607 1060 2636 cis
1073 2616 1157 2646 saepe
1170 2606 1229 2635 viri
1244 2603 1333 2634 docti
1344 2605 1449 2641 ambo,
1459 2605 1521 2635 duo
1533 2604 1715 2646 praeferunt

1015 2648 1078 2685 his,
1093 2649 1214 2684 cwnbos,
1228 2647 1317 2677 daos.

1056 2693 1095 2724 37
1118 2700 1158 2720 e.c
1183 2699 1243 2729 quo
1268 2697 1387 2727 genere
1413 2687 1594 2727 hominum]
1623 2687 1709 2722 Edd.

1014 2743 1063 2772 pr.
1091 2732 1152 2762 Ms.
1176 2732 1238 2762 Gu.
1267 2732 1439 2767 hominem,
1463 2730 1549 2769 quod
1567 2731 1714 2762 restituit

1015 2774 1172 2804 Graevius.
1217 2773 1303 2812 Quia
1314 2782 1390 2811 gen.
1406 2774 1573 2803 hominum
1594 2772 1712 2803 melius

1015 2816 1189 2856 respondet
1211 2815 1273 2851 illi,
1288 2824 1393 2854 genus
1407 2815 1711 2852 animadversionis,

1013 2864 1047 2888 et
1067 2859 1112 2888 sic
1127 2860 1198 2898 jam
1213 2857 1315 2888 Aldus
1324 2858 1400 2895 jun.
1415 2856 1528 2896 edidit,
1544 2857 1711 2897 magisque

1013 2900 1164 2943 placebat
1179 2900 1239 2941 ipsi
1255 2899 1396 2938 Graevio,
1412 2898 1445 2930 id
1461 2898 1594 2930 sen-avi.
