<?xml version="1.0" encoding="UTF-8"?>
<!DOCTYPE html PUBLIC "-//W3C//DTD XHTML 1.0 Transitional//EN"
    "http://www.w3.org/TR/xhtml1/DTD/xhtml1-transitional.dtd">
<html xmlns="http://www.w3.org/1999/xhtml" xml:lang="en" lang="en">
 <head>
  <title>
</title>
<meta http-equiv="Content-Type" content="text/html;charset=utf-8" />
  <meta name='ocr-system' content='tesseract 3.04.00' />
  <meta name='ocr-capabilities' content='ocr_page ocr_carea ocr_par ocr_line ocrx_word'/>
</head>
<body>
  <div class='ocr_page' id='page_1' title='image "./p1operaomnia02ciceuoft_0260.png"; bbox 0 0 1907 3231; ppageno 0'>
   <div class='ocr_carea' id='block_1_1' title="bbox 268 114 1174 159">
    <p class='ocr_par' dir='ltr' id='par_1_1' title="bbox 268 114 1174 159">
     <span class='ocr_line' id='line_1_1' title="bbox 268 114 1174 159; baseline 0.002 -2"><span class='ocrx_word' id='word_1_1' title='bbox 268 123 347 158; x_wconf 70' lang='lat'>236</span> <span class='ocrx_word' id='word_1_2' title='bbox 802 120 872 158; x_wconf 89' lang='lat' dir='ltr'>IN</span> <span class='ocrx_word' id='word_1_3' title='bbox 897 114 1174 159; x_wconf 83' lang='lat' dir='ltr'>VERREM</span> 
     </span>
    </p>
   </div>
   <div class='ocr_carea' id='block_1_2' title="bbox 184 222 1734 2051">
    <p class='ocr_par' dir='ltr' id='par_1_2' title="bbox 267 222 1706 565">
     <span class='ocr_line' id='line_1_2' title="bbox 269 222 1700 280; baseline 0.001 -17"><span class='ocrx_word' id='word_1_4' title='bbox 269 230 425 274; x_wconf 83' lang='lat' dir='ltr'>essent,</span> <span class='ocrx_word' id='word_1_5' title='bbox 459 223 501 259; x_wconf 83' lang='lat'>96</span> <span class='ocrx_word' id='word_1_6' title='bbox 514 222 643 264; x_wconf 88' lang='lat' dir='ltr'>istum</span> <span class='ocrx_word' id='word_1_7' title='bbox 677 223 768 265; x_wconf 88' lang='lat' dir='ltr'>sine</span> <span class='ocrx_word' id='word_1_8' title='bbox 797 224 930 267; x_wconf 91' lang='lat' dir='ltr'>dubio</span> <span class='ocrx_word' id='word_1_9' title='bbox 959 225 1308 276; x_wconf 86' lang='lat' dir='ltr'>condemnarent,</span> <span class='ocrx_word' id='word_1_10' title='bbox 1340 224 1394 266; x_wconf 89' lang='lat' dir='ltr'>de</span> <span class='ocrx_word' id='word_1_11' title='bbox 1423 238 1509 280; x_wconf 92' lang='lat' dir='ltr'>quo</span> <span class='ocrx_word' id='word_1_12' title='bbox 1538 222 1700 266; x_wconf 79' lang='lat' dir='ltr'><strong>litteras</strong></span> 
     </span>
     <span class='ocr_line' id='line_1_3' title="bbox 269 280 1701 336; baseline 0.002 -16"><span class='ocrx_word' id='word_1_13' title='bbox 269 294 355 332; x_wconf 83' lang='lat' dir='ltr'>eas,</span> <span class='ocrx_word' id='word_1_14' title='bbox 386 295 482 336; x_wconf 83' lang='lat' dir='ltr'>quae</span> <span class='ocrx_word' id='word_1_15' title='bbox 506 280 628 322; x_wconf 87' lang='lat' dir='ltr'>istius</span> <span class='ocrx_word' id='word_1_16' title='bbox 650 280 764 322; x_wconf 88' lang='lat' dir='ltr'>furta</span> <span class='ocrx_word' id='word_1_17' title='bbox 785 282 1037 334; x_wconf 83' lang='lat' dir='ltr'>indicarent,</span> <span class='ocrx_word' id='word_1_18' title='bbox 1061 293 1103 323; x_wconf 90' lang='lat' dir='ltr'>et</span> <span class='ocrx_word' id='word_1_19' title='bbox 1124 284 1176 324; x_wconf 89' lang='lat' dir='ltr'>ad</span> <span class='ocrx_word' id='word_1_20' title='bbox 1200 297 1243 323; x_wconf 91' lang='lat' dir='ltr'>se</span> <span class='ocrx_word' id='word_1_21' title='bbox 1269 283 1433 333; x_wconf 88' lang='lat' dir='ltr'>missas,</span> <span class='ocrx_word' id='word_1_22' title='bbox 1464 291 1507 323; x_wconf 90' lang='lat' dir='ltr'>et</span> <span class='ocrx_word' id='word_1_23' title='bbox 1530 296 1606 322; x_wconf 86' lang='lat' dir='ltr'>suo</span> <span class='ocrx_word' id='word_1_24' title='bbox 1628 282 1701 323; x_wconf 86' lang='lat' dir='ltr'>de·</span> 
     </span>
     <span class='ocr_line' id='line_1_4' title="bbox 270 339 1706 396; baseline 0.001 -19"><span class='ocrx_word' id='word_1_25' title='bbox 270 346 388 378; x_wconf 87' lang='lat' dir='ltr'>creto</span> <span class='ocrx_word' id='word_1_26' title='bbox 421 350 605 379; x_wconf 85' lang='lat' dir='ltr'>remotas</span> <span class='ocrx_word' id='word_1_27' title='bbox 639 339 796 379; x_wconf 87' lang='lat' dir='ltr'>scirent</span> <span class='ocrx_word' id='word_1_28' title='bbox 824 353 927 379; x_wconf 87' lang='lat' dir='ltr'>esse.</span> <span class='ocrx_word' id='word_1_29' title='bbox 990 340 1130 386; x_wconf 82' lang='lat' dir='ltr'><strong>Quem</strong></span> <span class='ocrx_word' id='word_1_30' title='bbox 1161 340 1294 396; x_wconf 86' lang='lat' dir='ltr'>igitur</span> <span class='ocrx_word' id='word_1_31' title='bbox 1325 340 1379 380; x_wconf 91' lang='lat' dir='ltr'>ab</span> <span class='ocrx_word' id='word_1_32' title='bbox 1407 340 1458 380; x_wconf 93' lang='lat' dir='ltr'>iis</span> <span class='ocrx_word' id='word_1_33' title='bbox 1484 339 1706 394; x_wconf 55' lang='lat' dir='ltr'>equitibus*</span> 
     </span>
     <span class='ocr_line' id='line_1_5' title="bbox 272 393 1701 452; baseline 0.001 -18"><span class='ocrx_word' id='word_1_34' title='bbox 272 393 496 446; x_wconf 83' lang='lat' dir='ltr'>Romanis,</span> <span class='ocrx_word' id='word_1_35' title='bbox 527 396 599 450; x_wconf 87' lang='lat' dir='ltr'>qui</span> <span class='ocrx_word' id='word_1_36' title='bbox 623 395 744 435; x_wconf 86' lang='lat' dir='ltr'>istius</span> <span class='ocrx_word' id='word_1_37' title='bbox 767 410 895 436; x_wconf 88' lang='lat' dir='ltr'>causa</span> <span class='ocrx_word' id='word_1_38' title='bbox 921 397 1102 452; x_wconf 88' lang='lat' dir='ltr'>cupiunt</span> <span class='ocrx_word' id='word_1_39' title='bbox 1131 397 1289 447; x_wconf 83' lang='lat' dir='ltr'>omnia,</span> <span class='ocrx_word' id='word_1_40' title='bbox 1320 397 1392 452; x_wconf 90' lang='lat' dir='ltr'>qui</span> <span class='ocrx_word' id='word_1_41' title='bbox 1421 397 1475 437; x_wconf 88' lang='lat' dir='ltr'>ab</span> <span class='ocrx_word' id='word_1_42' title='bbox 1508 410 1558 436; x_wconf 92' lang='lat' dir='ltr'>eo</span> <span class='ocrx_word' id='word_1_43' title='bbox 1581 396 1701 437; x_wconf 89' lang='lat' dir='ltr'>beni·</span> 
     </span>
     <span class='ocr_line' id='line_1_6' title="bbox 272 451 1700 506; baseline 0.001 -15"><span class='ocrx_word' id='word_1_44' title='bbox 272 451 477 506; x_wconf 81' lang='lat' dir='ltr'>gnissime</span> <span class='ocrx_word' id='word_1_45' title='bbox 494 452 663 492; x_wconf 83' lang='lat' dir='ltr'>tractati</span> <span class='ocrx_word' id='word_1_46' title='bbox 686 460 799 502; x_wconf 86' lang='lat' dir='ltr'>sunt,</span> <span class='ocrx_word' id='word_1_47' title='bbox 816 452 1090 494; x_wconf 88' lang='lat' dir='ltr'>condemnari</span> <span class='ocrx_word' id='word_1_48' title='bbox 1113 468 1283 494; x_wconf 88' lang='lat' dir='ltr'>necesse</span> <span class='ocrx_word' id='word_1_49' title='bbox 1302 463 1433 506; x_wconf 80' lang='lat' dir='ltr'>esset3</span> <span class='ocrx_word' id='word_1_50' title='bbox 1466 454 1501 494; x_wconf 85' lang='lat' dir='ltr'>is</span> <span class='ocrx_word' id='word_1_51' title='bbox 1518 468 1543 493; x_wconf 88' lang='lat' dir='ltr'>a</span> <span class='ocrx_word' id='word_1_52' title='bbox 1564 453 1700 504; x_wconf 75' lang='lat' dir='ltr'>vobis,</span> 
     </span>
     <span class='ocr_line' id='line_1_7' title="bbox 267 508 1336 565; baseline 0.003 -17"><span class='ocrx_word' id='word_1_53' title='bbox 267 508 452 563; x_wconf 84' lang='lat' dir='ltr'>judices,</span> <span class='ocrx_word' id='word_1_54' title='bbox 480 512 518 542; x_wconf 76' lang='grc'>97</span> <span class='ocrx_word' id='word_1_55' title='bbox 533 508 617 549; x_wconf 85' lang='lat' dir='ltr'>ulla</span> <span class='ocrx_word' id='word_1_56' title='bbox 638 509 678 548; x_wconf 86' lang='lat' dir='ltr'>vi</span> <span class='ocrx_word' id='word_1_57' title='bbox 701 517 775 549; x_wconf 88' lang='lat' dir='ltr'>aut</span> <span class='ocrx_word' id='word_1_58' title='bbox 795 509 960 550; x_wconf 87' lang='lat' dir='ltr'>ratione</span> <span class='ocrx_word' id='word_1_59' title='bbox 981 510 1143 550; x_wconf 86' lang='lat' dir='ltr'>absolvi</span> <span class='ocrx_word' id='word_1_60' title='bbox 1167 513 1336 565; x_wconf 86' lang='lat' dir='ltr'>potest?</span> 
     </span>
    </p>

    <p class='ocr_par' dir='ltr' id='par_1_3' title="bbox 187 563 1704 965">
     <span class='ocr_line' id='line_1_8' title="bbox 187 563 1704 623; baseline 0.001 -17"><span class='ocrx_word' id='word_1_61' title='bbox 187 563 258 597; x_wconf 79' lang='lat'>181</span> <span class='ocrx_word' id='word_1_62' title='bbox 330 564 410 616; x_wconf 90' lang='lat' dir='ltr'>Ac,</span> <span class='ocrx_word' id='word_1_63' title='bbox 431 579 484 605; x_wconf 90' lang='lat' dir='ltr'>ne</span> <span class='ocrx_word' id='word_1_64' title='bbox 507 564 617 606; x_wconf 87' lang='lat' dir='ltr'>forte</span> <span class='ocrx_word' id='word_1_65' title='bbox 637 579 700 615; x_wconf 87' lang='lat' dir='ltr'>ea,</span> <span class='ocrx_word' id='word_1_66' title='bbox 733 579 829 620; x_wconf 87' lang='lat' dir='ltr'>quae</span> <span class='ocrx_word' id='word_1_67' title='bbox 851 575 1017 607; x_wconf 87' lang='lat' dir='ltr'>remota</span> <span class='ocrx_word' id='word_1_68' title='bbox 1037 567 1089 607; x_wconf 92' lang='lat' dir='ltr'>de</span> <span class='ocrx_word' id='word_1_69' title='bbox 1110 567 1267 618; x_wconf 88' lang='lat' dir='ltr'>medio,</span> <span class='ocrx_word' id='word_1_70' title='bbox 1301 576 1428 622; x_wconf 89' lang='lat' dir='ltr'>atque</span> <span class='ocrx_word' id='word_1_71' title='bbox 1459 576 1605 623; x_wconf 87' lang='lat' dir='ltr'>erepta</span> <span class='ocrx_word' id='word_1_72' title='bbox 1627 581 1704 608; x_wconf 76' lang='lat' dir='ltr'>vo-</span> 
     </span>
     <span class='ocr_line' id='line_1_9' title="bbox 275 622 1702 679; baseline 0.001 -17"><span class='ocrx_word' id='word_1_73' title='bbox 275 622 338 662; x_wconf 86' lang='lat' dir='ltr'>bis</span> <span class='ocrx_word' id='word_1_74' title='bbox 361 630 473 672; x_wconf 87' lang='lat' dir='ltr'>sunt,</span> <span class='ocrx_word' id='word_1_75' title='bbox 505 623 650 663; x_wconf 87' lang='lat' dir='ltr'>omnia</span> <span class='ocrx_word' id='word_1_76' title='bbox 672 622 733 662; x_wconf 92' lang='lat' dir='ltr'>ita</span> <span class='ocrx_word' id='word_1_77' title='bbox 754 623 928 663; x_wconf 88' lang='lat' dir='ltr'>condita</span> <span class='ocrx_word' id='word_1_78' title='bbox 948 623 1093 674; x_wconf 85' lang='lat' dir='ltr'>fuisse,</span> <span class='ocrx_word' id='word_1_79' title='bbox 1124 632 1253 679; x_wconf 85' lang='lat' dir='ltr'>atque</span> <span class='ocrx_word' id='word_1_80' title='bbox 1284 624 1345 664; x_wconf 88' lang='lat' dir='ltr'>ita</span> <span class='ocrx_word' id='word_1_81' title='bbox 1365 625 1510 665; x_wconf 84' lang='lat' dir='ltr'>abdite</span> <span class='ocrx_word' id='word_1_82' title='bbox 1531 624 1702 664; x_wconf 85' lang='lat' dir='ltr'>latuisse</span> 
     </span>
     <span class='ocr_line' id='line_1_10' title="bbox 273 678 1703 737; baseline 0.002 -18"><span class='ocrx_word' id='word_1_83' title='bbox 273 679 510 729; x_wconf 87' lang='lat' dir='ltr'>videantur,</span> <span class='ocrx_word' id='word_1_84' title='bbox 547 688 595 719; x_wconf 85' lang='lat' dir='ltr'>ut</span> <span class='ocrx_word' id='word_1_85' title='bbox 621 683 662 713; x_wconf 81' lang='grc'>98</span> <span class='ocrx_word' id='word_1_86' title='bbox 674 678 755 720; x_wconf 79' lang='lat' dir='ltr'>hac</span> <span class='ocrx_word' id='word_1_87' title='bbox 787 679 1025 736; x_wconf 82' lang='lat' dir='ltr'>diligentia,</span> <span class='ocrx_word' id='word_1_88' title='bbox 1056 694 1184 735; x_wconf 86' lang='lat' dir='ltr'>quam</span> <span class='ocrx_word' id='word_1_89' title='bbox 1211 695 1293 737; x_wconf 86' lang='lat' dir='ltr'>ego</span> <span class='ocrx_word' id='word_1_90' title='bbox 1320 696 1344 721; x_wconf 92' lang='lat' dir='ltr'>a</span> <span class='ocrx_word' id='word_1_91' title='bbox 1366 695 1435 721; x_wconf 90' lang='lat' dir='ltr'>me</span> <span class='ocrx_word' id='word_1_92' title='bbox 1461 681 1703 737; x_wconf 81' lang='lat' dir='ltr'>exspectari</span> 
     </span>
     <span class='ocr_line' id='line_1_11' title="bbox 270 735 1703 795; baseline 0.003 -20"><span class='ocrx_word' id='word_1_93' title='bbox 270 736 460 776; x_wconf 83' lang='lat' dir='ltr'>maxime</span> <span class='ocrx_word' id='word_1_94' title='bbox 480 745 602 792; x_wconf 80' lang='lat' dir='ltr'>puto,</span> <span class='ocrx_word' id='word_1_95' title='bbox 633 735 739 777; x_wconf 88' lang='lat' dir='ltr'>nihil</span> <span class='ocrx_word' id='word_1_96' title='bbox 762 736 915 778; x_wconf 87' lang='lat' dir='ltr'>horum</span> <span class='ocrx_word' id='word_1_97' title='bbox 937 737 1202 794; x_wconf 80' lang='lat' dir='ltr'>investigari,</span> <span class='ocrx_word' id='word_1_98' title='bbox 1234 737 1342 778; x_wconf 83' lang='lat' dir='ltr'>nihil</span> <span class='ocrx_word' id='word_1_99' title='bbox 1363 738 1528 793; x_wconf 82' lang='lat' dir='ltr'>assequi</span> <span class='ocrx_word' id='word_1_100' title='bbox 1551 747 1703 795; x_wconf 90' lang='lat' dir='ltr'>potue-</span> 
     </span>
     <span class='ocr_line' id='line_1_12' title="bbox 269 792 1703 850; baseline 0.001 -17"><span class='ocrx_word' id='word_1_101' title='bbox 269 792 352 844; x_wconf 78' lang='lat' dir='ltr'>rit3</span> <span class='ocrx_word' id='word_1_102' title='bbox 384 807 480 847; x_wconf 85' lang='lat' dir='ltr'>quae</span> <span class='ocrx_word' id='word_1_103' title='bbox 502 792 682 833; x_wconf 89' lang='lat' dir='ltr'>consilio</span> <span class='ocrx_word' id='word_1_104' title='bbox 705 793 848 849; x_wconf 88' lang='lat' dir='ltr'>aliquo</span> <span class='ocrx_word' id='word_1_105' title='bbox 871 803 944 834; x_wconf 86' lang='lat' dir='ltr'>aut</span> <span class='ocrx_word' id='word_1_106' title='bbox 966 796 1130 835; x_wconf 82' lang='lat' dir='ltr'>ratione</span> <span class='ocrx_word' id='word_1_107' title='bbox 1155 795 1336 835; x_wconf 83' lang='lat' dir='ltr'>inveniri</span> <span class='ocrx_word' id='word_1_108' title='bbox 1359 804 1605 850; x_wconf 89' lang='lat' dir='ltr'>potuerunt,</span> <span class='ocrx_word' id='word_1_109' title='bbox 1637 795 1703 836; x_wconf 90' lang='lat' dir='ltr'>in-</span> 
     </span>
     <span class='ocr_line' id='line_1_13' title="bbox 270 850 1702 908; baseline 0.003 -19"><span class='ocrx_word' id='word_1_110' title='bbox 270 857 400 890; x_wconf 84' lang='lat' dir='ltr'>venta</span> <span class='ocrx_word' id='word_1_111' title='bbox 422 859 536 901; x_wconf 89' lang='lat' dir='ltr'>sunt,</span> <span class='ocrx_word' id='word_1_112' title='bbox 552 850 738 905; x_wconf 87' lang='lat' dir='ltr'>judices.</span> <span class='ocrx_word' id='word_1_113' title='bbox 760 851 999 892; x_wconf 83' lang='lat' dir='ltr'>manifestis</span> <span class='ocrx_word' id='word_1_114' title='bbox 1017 853 1059 893; x_wconf 93' lang='lat' dir='ltr'>in</span> <span class='ocrx_word' id='word_1_115' title='bbox 1079 853 1204 893; x_wconf 89' lang='lat' dir='ltr'>rebus</span> <span class='ocrx_word' id='word_1_116' title='bbox 1223 852 1441 892; x_wconf 88' lang='lat' dir='ltr'>hominem</span> <span class='ocrx_word' id='word_1_117' title='bbox 1456 851 1549 908; x_wconf 84' lang='lat' dir='ltr'>jam</span> <span class='ocrx_word' id='word_1_118' title='bbox 1570 852 1702 893; x_wconf 89' lang='lat' dir='ltr'>teneri</span> 
     </span>
     <span class='ocr_line' id='line_1_14' title="bbox 271 906 1702 965; baseline 0.003 -19"><span class='ocrx_word' id='word_1_119' title='bbox 271 906 489 948; x_wconf 80' lang='lat' dir='ltr'>videbitis.</span> <span class='ocrx_word' id='word_1_120' title='bbox 534 908 649 948; x_wconf 86' lang='lat' dir='ltr'>Nam</span> <span class='ocrx_word' id='word_1_121' title='bbox 671 909 786 963; x_wconf 91' lang='lat' dir='ltr'>quod</span> <span class='ocrx_word' id='word_1_122' title='bbox 808 909 852 949; x_wconf 92' lang='lat' dir='ltr'>in</span> <span class='ocrx_word' id='word_1_123' title='bbox 874 909 1200 964; x_wconf 83' lang='lat' dir='ltr'>publicanorum</span> <span class='ocrx_word' id='word_1_124' title='bbox 1224 910 1362 950; x_wconf 87' lang='lat' dir='ltr'>causis</span> <span class='ocrx_word' id='word_1_125' title='bbox 1384 908 1451 949; x_wconf 87' lang='lat' dir='ltr'>vel</span> <span class='ocrx_word' id='word_1_126' title='bbox 1472 908 1702 965; x_wconf 89' lang='lat' dir='ltr'>plurimum</span> 
     </span>
    </p>

    <p class='ocr_par' dir='ltr' id='par_1_4' title="bbox 226 964 1705 1134">
     <span class='ocr_line' id='line_1_15' title="bbox 226 964 1704 1022; baseline 0.002 -18"><span class='ocrx_word' id='word_1_127' title='bbox 226 964 412 1008; x_wconf 76' lang='lat' dir='ltr'>b,aetatis</span> <span class='ocrx_word' id='word_1_128' title='bbox 434 979 540 1005; x_wconf 80' lang='lat' dir='ltr'>meae</span> <span class='ocrx_word' id='word_1_129' title='bbox 563 979 722 1016; x_wconf 77' lang='lat' dir='ltr'>versor,</span> <span class='ocrx_word' id='word_1_130' title='bbox 752 965 1110 1022; x_wconf 87' lang='lat' dir='ltr'>vehementerque</span> <span class='ocrx_word' id='word_1_131' title='bbox 1141 966 1260 1007; x_wconf 85' lang='lat' dir='ltr'>illum</span> <span class='ocrx_word' id='word_1_132' title='bbox 1285 966 1478 1007; x_wconf 84' lang='lat' dir='ltr'>ordinem</span> <span class='ocrx_word' id='word_1_133' title='bbox 1507 966 1704 1018; x_wconf 89' lang='lat' dir='ltr'>observo,</span> 
     </span>
     <span class='ocr_line' id='line_1_16' title="bbox 273 1021 1705 1066; baseline 0.002 -5"><span class='ocrx_word' id='word_1_134' title='bbox 273 1021 374 1061; x_wconf 86' lang='lat' dir='ltr'>satis</span> <span class='ocrx_word' id='word_1_135' title='bbox 396 1022 622 1062; x_wconf 89' lang='lat' dir='ltr'>commode</span> <span class='ocrx_word' id='word_1_136' title='bbox 652 1022 761 1062; x_wconf 86' lang='lat' dir='ltr'>mihi</span> <span class='ocrx_word' id='word_1_137' title='bbox 782 1023 930 1064; x_wconf 88' lang='lat' dir='ltr'>videor</span> <span class='ocrx_word' id='word_1_138' title='bbox 951 1037 1100 1064; x_wconf 88' lang='lat' dir='ltr'>eorum</span> <span class='ocrx_word' id='word_1_139' title='bbox 1129 1024 1486 1066; x_wconf 83' lang='lat' dir='ltr'>consuetudinem</span> <span class='ocrx_word' id='word_1_140' title='bbox 1512 1038 1589 1064; x_wconf 90' lang='lat' dir='ltr'>usu</span> <span class='ocrx_word' id='word_1_141' title='bbox 1620 1033 1705 1064; x_wconf 89' lang='lat' dir='ltr'>tra-</span> 
     </span>
     <span class='ocr_line' id='line_1_17' title="bbox 272 1078 760 1134; baseline 0.004 -16"><span class='ocrx_word' id='word_1_142' title='bbox 272 1078 515 1133; x_wconf 88' lang='lat' dir='ltr'>ctandoque</span> <span class='ocrx_word' id='word_1_143' title='bbox 536 1093 760 1134; x_wconf 81' lang='lat' dir='ltr'>cognosse.</span> 
     </span>
    </p>

    <p class='ocr_par' dir='ltr' id='par_1_5' title="bbox 189 1123 1706 1193">
     <span class='ocr_line' id='line_1_18' title="bbox 189 1123 1706 1193; baseline 0.001 -18"><span class='ocrx_word' id='word_1_144' title='bbox 189 1123 262 1176; x_wconf 75' lang='lat'>74¹</span> <span class='ocrx_word' id='word_1_145' title='bbox 331 1135 484 1189; x_wconf 81' lang='lat' dir='ltr'>Itaque</span> <span class='ocrx_word' id='word_1_146' title='bbox 516 1144 564 1176; x_wconf 92' lang='lat' dir='ltr'>ut</span> <span class='ocrx_word' id='word_1_147' title='bbox 591 1136 675 1178; x_wconf 88' lang='lat' dir='ltr'>hoc</span> <span class='ocrx_word' id='word_1_148' title='bbox 700 1136 907 1193; x_wconf 90' lang='lat' dir='ltr'>comperi,</span> <span class='ocrx_word' id='word_1_149' title='bbox 938 1145 1122 1178; x_wconf 91' lang='lat' dir='ltr'>remotas</span> <span class='ocrx_word' id='word_1_150' title='bbox 1154 1151 1245 1178; x_wconf 88' lang='lat' dir='ltr'>esse</span> <span class='ocrx_word' id='word_1_151' title='bbox 1272 1137 1434 1178; x_wconf 87' lang='lat' dir='ltr'>litteras</span> <span class='ocrx_word' id='word_1_152' title='bbox 1467 1136 1706 1189; x_wconf 84' lang='lat' dir='ltr'>societatis;</span> 
     </span>
    </p>

    <p class='ocr_par' dir='ltr' id='par_1_6' title="bbox 187 1191 1734 1936">
     <span class='ocr_line' id='line_1_19' title="bbox 187 1191 1704 1250; baseline 0.005 -22"><span class='ocrx_word' id='word_1_153' title='bbox 187 1193 258 1228; x_wconf 78' lang='lat'>182</span> <span class='ocrx_word' id='word_1_154' title='bbox 271 1191 403 1232; x_wconf 88' lang='lat' dir='ltr'>habui</span> <span class='ocrx_word' id='word_1_155' title='bbox 425 1193 634 1233; x_wconf 83' lang='lat' dir='ltr'>rationem</span> <span class='ocrx_word' id='word_1_156' title='bbox 667 1208 890 1245; x_wconf 88' lang='lat' dir='ltr'>annorum,</span> <span class='ocrx_word' id='word_1_157' title='bbox 922 1208 998 1250; x_wconf 88' lang='lat' dir='ltr'>per</span> <span class='ocrx_word' id='word_1_158' title='bbox 1026 1209 1134 1250; x_wconf 88' lang='lat' dir='ltr'>quos</span> <span class='ocrx_word' id='word_1_159' title='bbox 1166 1195 1247 1235; x_wconf 90' lang='lat' dir='ltr'>iste</span> <span class='ocrx_word' id='word_1_160' title='bbox 1280 1195 1324 1235; x_wconf 89' lang='lat' dir='ltr'>in</span> <span class='ocrx_word' id='word_1_161' title='bbox 1354 1193 1501 1235; x_wconf 84' lang='lat' dir='ltr'>Sicilia</span> <span class='ocrx_word' id='word_1_162' title='bbox 1528 1194 1704 1236; x_wconf 84' lang='lat' dir='ltr'>fuisset:</span> 
     </span>
     <span class='ocr_line' id='line_1_20' title="bbox 269 1249 1705 1308; baseline 0.001 -18"><span class='ocrx_word' id='word_1_163' title='bbox 269 1249 424 1290; x_wconf 90' lang='lat' dir='ltr'>deinde</span> <span class='ocrx_word' id='word_1_164' title='bbox 445 1251 640 1305; x_wconf 83' lang='lat' dir='ltr'>quaesivi,</span> <span class='ocrx_word' id='word_1_165' title='bbox 671 1251 786 1306; x_wconf 89' lang='lat' dir='ltr'>quod</span> <span class='ocrx_word' id='word_1_166' title='bbox 808 1261 899 1291; x_wconf 86' lang='lat' dir='ltr'>erat</span> <span class='ocrx_word' id='word_1_167' title='bbox 920 1252 1097 1292; x_wconf 88' lang='lat' dir='ltr'>inventu</span> <span class='ocrx_word' id='word_1_168' title='bbox 1120 1251 1386 1303; x_wconf 88' lang='lat' dir='ltr'>facillimum,</span> <span class='ocrx_word' id='word_1_169' title='bbox 1419 1251 1492 1306; x_wconf 92' lang='lat' dir='ltr'>qui</span> <span class='ocrx_word' id='word_1_170' title='bbox 1515 1266 1591 1308; x_wconf 91' lang='lat' dir='ltr'>per</span> <span class='ocrx_word' id='word_1_171' title='bbox 1611 1265 1705 1291; x_wconf 81' lang='lat' dir='ltr'>eos-</span> 
     </span>
     <span class='ocr_line' id='line_1_21' title="bbox 267 1307 1706 1364; baseline 0.001 -17"><span class='ocrx_word' id='word_1_172' title='bbox 267 1307 366 1347; x_wconf 87' lang='lat' dir='ltr'>dem</span> <span class='ocrx_word' id='word_1_173' title='bbox 387 1322 522 1348; x_wconf 89' lang='lat' dir='ltr'>annos</span> <span class='ocrx_word' id='word_1_174' title='bbox 543 1312 584 1343; x_wconf 89' lang='lat'>99</span> <span class='ocrx_word' id='word_1_175' title='bbox 594 1308 790 1364; x_wconf 82' lang='lat' dir='ltr'>magistri</span> <span class='ocrx_word' id='word_1_176' title='bbox 813 1308 935 1349; x_wconf 85' lang='lat' dir='ltr'>istius</span> <span class='ocrx_word' id='word_1_177' title='bbox 959 1309 1175 1350; x_wconf 87' lang='lat' dir='ltr'>societatis</span> <span class='ocrx_word' id='word_1_178' title='bbox 1198 1309 1363 1350; x_wconf 86' lang='lat' dir='ltr'>fuisset.</span> <span class='ocrx_word' id='word_1_179' title='bbox 1387 1309 1574 1349; x_wconf 84' lang='lat' dir='ltr'>sciebam</span> <span class='ocrx_word' id='word_1_180' title='bbox 1589 1309 1706 1349; x_wconf 88' lang='lat' dir='ltr'>enim</span> 
     </span>
     <span class='ocr_line' id='line_1_22' title="bbox 265 1363 1705 1421; baseline 0.002 -18"><span class='ocrx_word' id='word_1_181' title='bbox 265 1363 379 1406; x_wconf 88' lang='lat' dir='ltr'>hanc</span> <span class='ocrx_word' id='word_1_182' title='bbox 420 1364 740 1420; x_wconf 78' lang='lat' dir='ltr'>magistrorum,</span> <span class='ocrx_word' id='word_1_183' title='bbox 771 1366 844 1421; x_wconf 84' lang='lat' dir='ltr'>qui</span> <span class='ocrx_word' id='word_1_184' title='bbox 887 1366 1053 1406; x_wconf 88' lang='lat' dir='ltr'>tabulas</span> <span class='ocrx_word' id='word_1_185' title='bbox 1095 1366 1318 1417; x_wconf 82' lang='lat' dir='ltr'>haberent,</span> <span class='ocrx_word' id='word_1_186' title='bbox 1349 1365 1705 1407; x_wconf 85' lang='lat' dir='ltr'>consuetudinem</span> 
     </span>
     <span class='ocr_line' id='line_1_23' title="bbox 267 1422 1704 1479; baseline 0.001 -18"><span class='ocrx_word' id='word_1_187' title='bbox 267 1435 371 1472; x_wconf 88' lang='lat' dir='ltr'>esse,</span> <span class='ocrx_word' id='word_1_188' title='bbox 404 1430 466 1472; x_wconf 91' lang='lat' dir='ltr'>ut,</span> <span class='ocrx_word' id='word_1_189' title='bbox 489 1437 588 1463; x_wconf 89' lang='lat' dir='ltr'>cum</span> <span class='ocrx_word' id='word_1_190' title='bbox 609 1423 776 1463; x_wconf 83' lang='lat' dir='ltr'>tabulas</span> <span class='ocrx_word' id='word_1_191' title='bbox 798 1437 911 1463; x_wconf 92' lang='lat' dir='ltr'>novo</span> <span class='ocrx_word' id='word_1_192' title='bbox 934 1424 1141 1479; x_wconf 80' lang='lat' dir='ltr'>magistro</span> <span class='ocrx_word' id='word_1_193' title='bbox 1164 1424 1393 1474; x_wconf 83' lang='lat' dir='ltr'>traderent,</span> <span class='ocrx_word' id='word_1_194' title='bbox 1415 1422 1613 1479; x_wconf 87' lang='lat' dir='ltr'>exempla</span> <span class='ocrx_word' id='word_1_195' title='bbox 1632 1422 1704 1463; x_wconf 92' lang='lat' dir='ltr'>lit-</span> 
     </span>
     <span class='ocr_line' id='line_1_24' title="bbox 268 1478 1734 1536; baseline 0.001 -19"><span class='ocrx_word' id='word_1_196' title='bbox 268 1486 452 1519; x_wconf 82' lang='lat' dir='ltr'>terarum</span> <span class='ocrx_word' id='word_1_197' title='bbox 490 1479 571 1535; x_wconf 88' lang='lat' dir='ltr'>ipsi</span> <span class='ocrx_word' id='word_1_198' title='bbox 607 1479 765 1520; x_wconf 90' lang='lat' dir='ltr'>habere</span> <span class='ocrx_word' id='word_1_199' title='bbox 801 1494 886 1520; x_wconf 94' lang='lat' dir='ltr'>non</span> <span class='ocrx_word' id='word_1_200' title='bbox 919 1480 1096 1521; x_wconf 88' lang='lat' dir='ltr'>nollent.</span> <span class='ocrx_word' id='word_1_201' title='bbox 1159 1480 1312 1536; x_wconf 88' lang='lat' dir='ltr'>Itaque</span> <span class='ocrx_word' id='word_1_202' title='bbox 1338 1478 1399 1520; x_wconf 50' lang='lat' dir='ltr'>ad¹</span> <span class='ocrx_word' id='word_1_203' title='bbox 1428 1480 1477 1521; x_wconf 85' lang='lat' dir='ltr'>L.</span> <span class='ocrx_word' id='word_1_204' title='bbox 1511 1480 1734 1530; x_wconf 84' lang='lat' dir='ltr'>Vibium,-</span> 
     </span>
     <span class='ocr_line' id='line_1_25' title="bbox 264 1535 1704 1593; baseline 0.001 -18"><span class='ocrx_word' id='word_1_205' title='bbox 264 1535 455 1590; x_wconf 87' lang='lat' dir='ltr'>equitem</span> <span class='ocrx_word' id='word_1_206' title='bbox 499 1536 758 1588; x_wconf 86' lang='lat' dir='ltr'>Romanum,</span> <span class='ocrx_word' id='word_1_207' title='bbox 796 1537 933 1577; x_wconf 90' lang='lat' dir='ltr'>virum</span> <span class='ocrx_word' id='word_1_208' title='bbox 973 1538 1237 1593; x_wconf 86' lang='lat' dir='ltr'>primarium,</span> <span class='ocrx_word' id='word_1_209' title='bbox 1272 1552 1400 1593; x_wconf 89' lang='lat' dir='ltr'>quem</span> <span class='ocrx_word' id='word_1_210' title='bbox 1439 1537 1704 1593; x_wconf 86' lang='lat' dir='ltr'>reperiebam</span> 
     </span>
     <span class='ocr_line' id='line_1_26' title="bbox 264 1592 1702 1650; baseline 0.001 -17"><span class='ocrx_word' id='word_1_211' title='bbox 264 1592 521 1648; x_wconf 86' lang='lat' dir='ltr'>magistrum</span> <span class='ocrx_word' id='word_1_212' title='bbox 543 1594 674 1634; x_wconf 86' lang='lat' dir='ltr'>fuisse</span> <span class='ocrx_word' id='word_1_213' title='bbox 702 1608 754 1634; x_wconf 92' lang='lat' dir='ltr'>eo</span> <span class='ocrx_word' id='word_1_214' title='bbox 778 1594 871 1649; x_wconf 84' lang='lat' dir='ltr'>ipso</span> <span class='ocrx_word' id='word_1_215' title='bbox 893 1609 1021 1645; x_wconf 84' lang='lat' dir='ltr'>anno,</span> <span class='ocrx_word' id='word_1_216' title='bbox 1043 1595 1116 1650; x_wconf 85' lang='lat' dir='ltr'>qui</span> <span class='ocrx_word' id='word_1_217' title='bbox 1148 1595 1254 1635; x_wconf 85' lang='lat' dir='ltr'>mihi</span> <span class='ocrx_word' id='word_1_218' title='bbox 1288 1595 1477 1635; x_wconf 87' lang='lat' dir='ltr'>maxime</span> <span class='ocrx_word' id='word_1_219' title='bbox 1507 1608 1702 1649; x_wconf 84' lang='lat' dir='ltr'>quaeren-</span> 
     </span>
     <span class='ocr_line' id='line_1_27' title="bbox 264 1649 1704 1707; baseline 0.001 -18"><span class='ocrx_word' id='word_1_220' title='bbox 264 1649 342 1689; x_wconf 77' lang='lat' dir='ltr'>dus</span> <span class='ocrx_word' id='word_1_221' title='bbox 376 1660 480 1701; x_wconf 85' lang='lat' dir='ltr'>erat,</span> <span class='ocrx_word' id='word_1_222' title='bbox 518 1651 704 1706; x_wconf 85' lang='lat' dir='ltr'>primum</span> <span class='ocrx_word' id='word_1_223' title='bbox 736 1651 848 1692; x_wconf 80' lang='lat' dir='ltr'>veni.</span> <span class='ocrx_word' id='word_1_224' title='bbox 911 1651 1021 1693; x_wconf 86' lang='lat' dir='ltr'>Sane</span> <span class='ocrx_word' id='word_1_225' title='bbox 1064 1653 1229 1693; x_wconf 87' lang='lat' dir='ltr'>homini</span> <span class='ocrx_word' id='word_1_226' title='bbox 1269 1660 1424 1707; x_wconf 81' lang='lat' dir='ltr'>praeter</span> <span class='ocrx_word' id='word_1_227' title='bbox 1453 1651 1704 1707; x_wconf 87' lang='lat' dir='ltr'>opinionem</span> 
     </span>
     <span class='ocr_line' id='line_1_28' title="bbox 266 1706 1703 1765; baseline 0.001 -19"><span class='ocrx_word' id='word_1_228' title='bbox 266 1706 502 1763; x_wconf 88' lang='lat' dir='ltr'>improviso</span> <span class='ocrx_word' id='word_1_229' title='bbox 553 1708 699 1749; x_wconf 87' lang='lat' dir='ltr'>incidi.</span> <span class='ocrx_word' id='word_1_230' title='bbox 744 1717 956 1749; x_wconf 82' lang='lat' dir='ltr'>scrutatus</span> <span class='ocrx_word' id='word_1_231' title='bbox 994 1724 1101 1759; x_wconf 87' lang='lat' dir='ltr'>sum,</span> <span class='ocrx_word' id='word_1_232' title='bbox 1135 1725 1232 1764; x_wconf 86' lang='lat' dir='ltr'>quae</span> <span class='ocrx_word' id='word_1_233' title='bbox 1262 1709 1400 1765; x_wconf 89' lang='lat' dir='ltr'>potui,</span> <span class='ocrx_word' id='word_1_234' title='bbox 1439 1718 1483 1748; x_wconf 86' lang='lat' dir='ltr'>et</span> <span class='ocrx_word' id='word_1_235' title='bbox 1523 1707 1703 1763; x_wconf 79' lang='lat' dir='ltr'>quaesivi</span> 
     </span>
     <span class='ocr_line' id='line_1_29' title="bbox 265 1764 1705 1818; baseline 0.001 -14"><span class='ocrx_word' id='word_1_236' title='bbox 265 1764 434 1806; x_wconf 87' lang='lat' dir='ltr'>omnia:</span> <span class='ocrx_word' id='word_1_237' title='bbox 467 1765 610 1805; x_wconf 87' lang='lat' dir='ltr'>inveni</span> <span class='ocrx_word' id='word_1_238' title='bbox 645 1766 750 1806; x_wconf 89' lang='lat' dir='ltr'>duos</span> <span class='ocrx_word' id='word_1_239' title='bbox 789 1765 900 1806; x_wconf 85' lang='lat' dir='ltr'>solos</span> <span class='ocrx_word' id='word_1_240' title='bbox 933 1765 1112 1818; x_wconf 87' lang='lat' dir='ltr'>libellos,</span> <span class='ocrx_word' id='word_1_241' title='bbox 1145 1768 1198 1807; x_wconf 91' lang='lat' dir='ltr'>ab</span> <span class='ocrx_word' id='word_1_242' title='bbox 1231 1766 1279 1806; x_wconf 91' lang='lat' dir='ltr'>L.</span> <span class='ocrx_word' id='word_1_243' title='bbox 1312 1765 1520 1807; x_wconf 87' lang='lat' dir='ltr'>Canuleio</span> <span class='ocrx_word' id='word_1_244' title='bbox 1553 1765 1705 1806; x_wconf 89' lang='lat' dir='ltr'>missos</span> 
     </span>
     <span class='ocr_line' id='line_1_30' title="bbox 266 1821 1704 1878; baseline 0.002 -18"><span class='ocrx_word' id='word_1_245' title='bbox 266 1821 393 1862; x_wconf 82' lang='lat' dir='ltr'>sociis</span> <span class='ocrx_word' id='word_1_246' title='bbox 416 1836 470 1862; x_wconf 83' lang='lat' dir='ltr'>ex</span> <span class='ocrx_word' id='word_1_247' title='bbox 492 1831 620 1878; x_wconf 88' lang='lat' dir='ltr'>portu</span> <span class='ocrx_word' id='word_1_248' title='bbox 645 1822 890 1877; x_wconf 71' lang='lat' dir='ltr'>Syracusis:</span> <span class='ocrx_word' id='word_1_249' title='bbox 915 1822 958 1863; x_wconf 89' lang='lat' dir='ltr'>in</span> <span class='ocrx_word' id='word_1_250' title='bbox 980 1824 1136 1878; x_wconf 85' lang='lat' dir='ltr'>quibus</span> <span class='ocrx_word' id='word_1_251' title='bbox 1159 1832 1250 1864; x_wconf 88' lang='lat' dir='ltr'>erat</span> <span class='ocrx_word' id='word_1_252' title='bbox 1271 1823 1380 1864; x_wconf 82' lang='lat' dir='ltr'>ratio</span> <span class='ocrx_word' id='word_1_253' title='bbox 1403 1822 1564 1878; x_wconf 86' lang='lat' dir='ltr'>scripta</span> <span class='ocrx_word' id='word_1_254' title='bbox 1583 1837 1704 1863; x_wconf 84' lang='lat' dir='ltr'>men-</span> 
     </span>
     <span class='ocr_line' id='line_1_31' title="bbox 268 1878 1706 1936; baseline 0.001 -18"><span class='ocrx_word' id='word_1_255' title='bbox 268 1878 378 1919; x_wconf 90' lang='lat' dir='ltr'>sium</span> <span class='ocrx_word' id='word_1_256' title='bbox 413 1880 714 1935; x_wconf 88' lang='lat' dir='ltr'>complurium,</span> <span class='ocrx_word' id='word_1_257' title='bbox 750 1893 891 1921; x_wconf 89' lang='lat' dir='ltr'>rerum</span> <span class='ocrx_word' id='word_1_258' title='bbox 918 1890 1243 1936; x_wconf 80' lang='lat' dir='ltr'>exportatarum</span> <span class='ocrx_word' id='word_1_259' title='bbox 1266 1881 1388 1921; x_wconf 84' lang='lat' dir='ltr'>istius</span> <span class='ocrx_word' id='word_1_260' title='bbox 1410 1879 1585 1921; x_wconf 88' lang='lat' dir='ltr'>nomine</span> <span class='ocrx_word' id='word_1_261' title='bbox 1614 1879 1706 1920; x_wconf 86' lang='lat' dir='ltr'>sine</span> 
     </span>
    </p>

    <p class='ocr_par' dir='ltr' id='par_1_7' title="bbox 184 1936 1705 2051">
     <span class='ocr_line' id='line_1_32' title="bbox 184 1936 1705 1993; baseline 0.002 -20"><span class='ocrx_word' id='word_1_262' title='bbox 184 1937 254 1973; x_wconf 85' lang='lat'>183</span> <span class='ocrx_word' id='word_1_263' title='bbox 269 1936 476 1991; x_wconf 89' lang='lat' dir='ltr'>portorio.</span> <span class='ocrx_word' id='word_1_264' title='bbox 515 1938 660 1991; x_wconf 84' lang='lat' dir='ltr'>itaque</span> <span class='ocrx_word' id='word_1_265' title='bbox 693 1937 919 1993; x_wconf 81' lang='lat' dir='ltr'>obsignavi</span> <span class='ocrx_word' id='word_1_266' title='bbox 955 1938 1115 1979; x_wconf 87' lang='lat' dir='ltr'>statim.</span> <span class='ocrx_word' id='word_1_267' title='bbox 1176 1941 1234 1969; x_wconf 90' lang='lat'>100</span> <span class='ocrx_word' id='word_1_268' title='bbox 1250 1937 1383 1978; x_wconf 85' lang='lat' dir='ltr'>Erant</span> <span class='ocrx_word' id='word_1_269' title='bbox 1419 1937 1515 1978; x_wconf 87' lang='lat' dir='ltr'>haec</span> <span class='ocrx_word' id='word_1_270' title='bbox 1552 1951 1608 1978; x_wconf 84' lang='lat' dir='ltr'>ex</span> <span class='ocrx_word' id='word_1_271' title='bbox 1652 1950 1705 1976; x_wconf 91' lang='lat' dir='ltr'>eo</span> 
     </span>
     <span class='ocr_line' id='line_1_33' title="bbox 267 1994 1705 2051; baseline 0.001 -18"><span class='ocrx_word' id='word_1_272' title='bbox 267 2005 438 2049; x_wconf 86' lang='lat' dir='ltr'>genere,</span> <span class='ocrx_word' id='word_1_273' title='bbox 460 1994 576 2049; x_wconf 91' lang='lat' dir='ltr'>quod</span> <span class='ocrx_word' id='word_1_274' title='bbox 598 2008 679 2050; x_wconf 81' lang='lat' dir='ltr'>ego</span> <span class='ocrx_word' id='word_1_275' title='bbox 702 1995 892 2036; x_wconf 71' lang='lat' dir='ltr'>maxime</span> <span class='ocrx_word' id='word_1_276' title='bbox 921 2009 1056 2051; x_wconf 87' lang='lat' dir='ltr'>genus</span> <span class='ocrx_word' id='word_1_277' title='bbox 1078 2010 1132 2037; x_wconf 81' lang='lat' dir='ltr'>ex</span> <span class='ocrx_word' id='word_1_278' title='bbox 1157 1996 1371 2037; x_wconf 89' lang='lat' dir='ltr'>sociorum</span> <span class='ocrx_word' id='word_1_279' title='bbox 1402 1994 1554 2036; x_wconf 85' lang='lat' dir='ltr'>litteris</span> <span class='ocrx_word' id='word_1_280' title='bbox 1584 2007 1705 2050; x_wconf 85' lang='lat' dir='ltr'>repe-</span> 
     </span>
    </p>
   </div>
   <div class='ocr_carea' id='block_1_3' title="bbox 263 2150 1722 2655">
    <p class='ocr_par' dir='ltr' id='par_1_8' title="bbox 263 2150 1709 2529">
     <span class='ocr_line' id='line_1_34' title="bbox 305 2150 1702 2191; baseline -0.001 -10"><span class='ocrx_word' id='word_1_281' title='bbox 305 2150 347 2185; x_wconf 86' lang='lat'>96</span> <span class='ocrx_word' id='word_1_282' title='bbox 368 2151 468 2181; x_wconf 78' lang='lat' dir='ltr'>istum</span> <span class='ocrx_word' id='word_1_283' title='bbox 490 2151 559 2181; x_wconf 78' lang='lat' dir='ltr'>sine</span> <span class='ocrx_word' id='word_1_284' title='bbox 579 2150 673 2181; x_wconf 81' lang='lat' dir='ltr'>dubio</span> <span class='ocrx_word' id='word_1_285' title='bbox 693 2150 959 2191; x_wconf 78' lang='lat' dir='ltr'>condemnarent]</span> <span class='ocrx_word' id='word_1_286' title='bbox 1005 2160 1078 2181; x_wconf 84' lang='lat' dir='ltr'>sum</span> <span class='ocrx_word' id='word_1_287' title='bbox 1105 2151 1251 2188; x_wconf 87' lang='lat' dir='ltr'>Mureto,</span> <span class='ocrx_word' id='word_1_288' title='bbox 1278 2151 1374 2182; x_wconf 88' lang='lat' dir='ltr'>credo</span> <span class='ocrx_word' id='word_1_289' title='bbox 1404 2151 1598 2181; x_wconf 86' lang='lat' dir='ltr'>Ciceronem</span> <span class='ocrx_word' id='word_1_290' title='bbox 1622 2150 1702 2180; x_wconf 85' lang='lat' dir='ltr'>seri-</span> 
     </span>
     <span class='ocr_line' id='line_1_35' title="bbox 264 2192 1706 2233; baseline 0.001 -10"><span class='ocrx_word' id='word_1_291' title='bbox 264 2192 305 2223; x_wconf 87' lang='lat' dir='ltr'>In</span> <span class='ocrx_word' id='word_1_292' title='bbox 318 2192 381 2223; x_wconf 86' lang='lat' dir='ltr'>hoc</span> <span class='ocrx_word' id='word_1_293' title='bbox 398 2193 470 2223; x_wconf 89' lang='lat' dir='ltr'>loco</span> <span class='ocrx_word' id='word_1_294' title='bbox 485 2193 603 2223; x_wconf 74' lang='lat' dir='ltr'>vitium</span> <span class='ocrx_word' id='word_1_295' title='bbox 620 2203 701 2230; x_wconf 89' lang='lat' dir='ltr'>esse,</span> <span class='ocrx_word' id='word_1_296' title='bbox 716 2200 887 2223; x_wconf 85' lang='lat' dir='ltr'>senserunt</span> <span class='ocrx_word' id='word_1_297' title='bbox 902 2194 963 2224; x_wconf 78' lang='lat' dir='ltr'>viri</span> <span class='ocrx_word' id='word_1_298' title='bbox 1006 2194 1104 2233; x_wconf 89' lang='lat' dir='ltr'>psisse</span> <span class='ocrx_word' id='word_1_299' title='bbox 1118 2196 1183 2224; x_wconf 74' lang='lat' dir='ltr'>Izoec</span> <span class='ocrx_word' id='word_1_300' title='bbox 1198 2193 1509 2232; x_wconf 71' lang='lat' dir='ltr'>‹HL—investigare,</span> <span class='ocrx_word' id='word_1_301' title='bbox 1536 2192 1662 2232; x_wconf 81' lang='lat' dir='ltr'>assequi</span> <span class='ocrx_word' id='word_1_302' title='bbox 1668 2201 1706 2232; x_wconf 84' lang='lat' dir='ltr'>p.</span> 
     </span>
     <span class='ocr_line' id='line_1_36' title="bbox 264 2234 1707 2276; baseline 0.001 -11"><span class='ocrx_word' id='word_1_303' title='bbox 264 2234 366 2272; x_wconf 85' lang='lat' dir='ltr'>docti,</span> <span class='ocrx_word' id='word_1_304' title='bbox 381 2235 436 2266; x_wconf 90' lang='lat' dir='ltr'>sed</span> <span class='ocrx_word' id='word_1_305' title='bbox 451 2244 517 2265; x_wconf 91' lang='lat' dir='ltr'>non</span> <span class='ocrx_word' id='word_1_306' title='bbox 531 2236 692 2274; x_wconf 81' lang='lat' dir='ltr'>corrigere</span> <span class='ocrx_word' id='word_1_307' title='bbox 705 2236 755 2266; x_wconf 88' lang='lat' dir='ltr'>vel</span> <span class='ocrx_word' id='word_1_308' title='bbox 769 2240 962 2276; x_wconf 84' lang='lat' dir='ltr'>potuerunt,</span> <span class='ocrx_word' id='word_1_309' title='bbox 1006 2236 1051 2265; x_wconf 81' lang='lat' dir='ltr'>Et</span> <span class='ocrx_word' id='word_1_310' title='bbox 1066 2236 1170 2272; x_wconf 74' lang='lat' dir='ltr'>viden,</span> <span class='ocrx_word' id='word_1_311' title='bbox 1189 2237 1235 2266; x_wconf 86' lang='lat' dir='ltr'>sic</span> <span class='ocrx_word' id='word_1_312' title='bbox 1245 2238 1317 2276; x_wconf 82' lang='lat' dir='ltr'>jam</span> <span class='ocrx_word' id='word_1_313' title='bbox 1331 2236 1363 2266; x_wconf 79' lang='lat' dir='ltr'>J.</span> <span class='ocrx_word' id='word_1_314' title='bbox 1379 2235 1431 2266; x_wconf 79' lang='lat' dir='ltr'>Fr.</span> <span class='ocrx_word' id='word_1_315' title='bbox 1447 2235 1613 2266; x_wconf 85' lang='lat' dir='ltr'>Gronovio</span> <span class='ocrx_word' id='word_1_316' title='bbox 1637 2234 1707 2275; x_wconf 85' lang='lat' dir='ltr'>pla-</span> 
     </span>
     <span class='ocr_line' id='line_1_37' title="bbox 263 2277 1317 2317; baseline 0.003 -11"><span class='ocrx_word' id='word_1_317' title='bbox 263 2277 315 2308; x_wconf 86' lang='lat' dir='ltr'>vel</span> <span class='ocrx_word' id='word_1_318' title='bbox 333 2278 403 2307; x_wconf 88' lang='lat' dir='ltr'>ausi</span> <span class='ocrx_word' id='word_1_319' title='bbox 423 2283 511 2308; x_wconf 88' lang='lat' dir='ltr'>sunt.</span> <span class='ocrx_word' id='word_1_320' title='bbox 547 2278 734 2308; x_wconf 85' lang='lat' dir='ltr'>Secundum</span> <span class='ocrx_word' id='word_1_321' title='bbox 753 2279 869 2308; x_wconf 89' lang='lat' dir='ltr'>seriem</span> <span class='ocrx_word' id='word_1_322' title='bbox 892 2278 963 2317; x_wconf 73' lang='lat' dir='ltr'>qui·-</span> <span class='ocrx_word' id='word_1_323' title='bbox 1006 2278 1109 2308; x_wconf 81' lang='lat' dir='ltr'>cuisse</span> <span class='ocrx_word' id='word_1_324' title='bbox 1123 2278 1201 2309; x_wconf 85' lang='lat' dir='ltr'>obs.</span> <span class='ocrx_word' id='word_1_325' title='bbox 1219 2278 1247 2315; x_wconf 88' lang='lat'>1,</span> <span class='ocrx_word' id='word_1_326' title='bbox 1267 2280 1317 2309; x_wconf 72' lang='lat'>12.</span> 
     </span>
     <span class='ocr_line' id='line_1_38' title="bbox 263 2318 1706 2360; baseline 0.001 -11"><span class='ocrx_word' id='word_1_327' title='bbox 263 2318 338 2350; x_wconf 90' lang='lat' dir='ltr'>dem</span> <span class='ocrx_word' id='word_1_328' title='bbox 363 2320 521 2350; x_wconf 84' lang='lat' dir='ltr'>orationis</span> <span class='ocrx_word' id='word_1_329' title='bbox 544 2319 641 2350; x_wconf 87' lang='lat' dir='ltr'>debet</span> <span class='ocrx_word' id='word_1_330' title='bbox 673 2329 740 2350; x_wconf 88' lang='lat' dir='ltr'>esse</span> <span class='ocrx_word' id='word_1_331' title='bbox 767 2320 962 2358; x_wconf 86' lang='lat' dir='ltr'>infinitivus,</span> <span class='ocrx_word' id='word_1_332' title='bbox 1047 2325 1088 2355; x_wconf 87' lang='lat'>99</span> <span class='ocrx_word' id='word_1_333' title='bbox 1112 2331 1155 2351; x_wconf 87' lang='lat' dir='ltr'>m.</span> <span class='ocrx_word' id='word_1_334' title='bbox 1183 2321 1345 2350; x_wconf 73' lang='lat' dir='ltr'>societatis</span> <span class='ocrx_word' id='word_1_335' title='bbox 1359 2319 1523 2360; x_wconf 75' lang='lat' dir='ltr'>fuissent]</span> <span class='ocrx_word' id='word_1_336' title='bbox 1554 2319 1619 2349; x_wconf 91' lang='lat' dir='ltr'>Hic</span> <span class='ocrx_word' id='word_1_337' title='bbox 1641 2318 1706 2350; x_wconf 79' lang='lat' dir='ltr'>Ms-</span> 
     </span>
     <span class='ocr_line' id='line_1_39' title="bbox 264 2361 1709 2402; baseline 0 -11"><span class='ocrx_word' id='word_1_338' title='bbox 264 2362 320 2399; x_wconf 84' lang='lat' dir='ltr'>qui</span> <span class='ocrx_word' id='word_1_339' title='bbox 335 2362 475 2402; x_wconf 84' lang='lat' dir='ltr'>pendeat</span> <span class='ocrx_word' id='word_1_340' title='bbox 487 2363 528 2392; x_wconf 85' lang='lat' dir='ltr'>ab</span> <span class='ocrx_word' id='word_1_341' title='bbox 542 2363 743 2401; x_wconf 70' lang='lat' dir='ltr'>intelligetis,</span> <span class='ocrx_word' id='word_1_342' title='bbox 771 2362 964 2393; x_wconf 77' lang='lat' dir='ltr'>condemna·</span> <span class='ocrx_word' id='word_1_343' title='bbox 1006 2362 1130 2393; x_wconf 88' lang='lat' dir='ltr'>Nannii</span> <span class='ocrx_word' id='word_1_344' title='bbox 1145 2367 1180 2393; x_wconf 86' lang='lat' dir='ltr'>et</span> <span class='ocrx_word' id='word_1_345' title='bbox 1194 2363 1246 2392; x_wconf 87' lang='lat' dir='ltr'>Fr.</span> <span class='ocrx_word' id='word_1_346' title='bbox 1261 2362 1384 2392; x_wconf 86' lang='lat' dir='ltr'>habent</span> <span class='ocrx_word' id='word_1_347' title='bbox 1398 2362 1488 2402; x_wconf 78' lang='lat' dir='ltr'>apud</span> <span class='ocrx_word' id='word_1_348' title='bbox 1498 2371 1572 2402; x_wconf 79' lang='lat' dir='ltr'>quos</span> <span class='ocrx_word' id='word_1_349' title='bbox 1588 2361 1709 2391; x_wconf 67' lang='lat' dir='ltr'>tabule</span> 
     </span>
     <span class='ocr_line' id='line_1_40' title="bbox 264 2403 1707 2445; baseline 0 -12"><span class='ocrx_word' id='word_1_350' title='bbox 264 2408 355 2434; x_wconf 76' lang='lat' dir='ltr'>turos</span> <span class='ocrx_word' id='word_1_351' title='bbox 365 2417 373 2431; x_wconf 83' lang='lat'>.-</span> <span class='ocrx_word' id='word_1_352' title='bbox 398 2405 459 2434; x_wconf 85' lang='lat' dir='ltr'>nisi</span> <span class='ocrx_word' id='word_1_353' title='bbox 474 2405 560 2434; x_wconf 81' lang='lat' dir='ltr'>forte</span> <span class='ocrx_word' id='word_1_354' title='bbox 573 2410 648 2445; x_wconf 81' lang='lat' dir='ltr'>post</span> <span class='ocrx_word' id='word_1_355' title='bbox 663 2405 853 2443; x_wconf 77' lang='lat' dir='ltr'>intelligetis</span> <span class='ocrx_word' id='word_1_356' title='bbox 867 2405 962 2435; x_wconf 83' lang='lat' dir='ltr'>colon</span> <span class='ocrx_word' id='word_1_357' title='bbox 995 2403 1162 2445; x_wconf 64' lang='lat' dir='ltr'>ficissent.-</span> <span class='ocrx_word' id='word_1_358' title='bbox 1175 2403 1262 2444; x_wconf 84' lang='lat' dir='ltr'>quod</span> <span class='ocrx_word' id='word_1_359' title='bbox 1275 2404 1458 2444; x_wconf 81' lang='lat' dir='ltr'>repudiavit</span> <span class='ocrx_word' id='word_1_360' title='bbox 1472 2404 1643 2440; x_wconf 67' lang='lat' dir='ltr'>Gruter-m,</span> <span class='ocrx_word' id='word_1_361' title='bbox 1658 2413 1707 2433; x_wconf 88' lang='lat' dir='ltr'>re-</span> 
     </span>
     <span class='ocr_line' id='line_1_41' title="bbox 265 2445 1707 2487; baseline 0 -12"><span class='ocrx_word' id='word_1_362' title='bbox 265 2445 519 2485; x_wconf 82' lang='lat' dir='ltr'>intelligendum</span> <span class='ocrx_word' id='word_1_363' title='bbox 533 2452 595 2484; x_wconf 85' lang='lat' dir='ltr'>est,</span> <span class='ocrx_word' id='word_1_364' title='bbox 610 2452 649 2478; x_wconf 83' lang='lat' dir='ltr'>ut</span> <span class='ocrx_word' id='word_1_365' title='bbox 666 2447 790 2486; x_wconf 83' lang='lat' dir='ltr'>reliqua</span> <span class='ocrx_word' id='word_1_366' title='bbox 804 2447 879 2477; x_wconf 84' lang='lat' dir='ltr'>inde</span> <span class='ocrx_word' id='word_1_367' title='bbox 894 2458 961 2478; x_wconf 90' lang='lat' dir='ltr'>non</span> <span class='ocrx_word' id='word_1_368' title='bbox 1005 2447 1093 2487; x_wconf 86' lang='lat' dir='ltr'>cepit</span> <span class='ocrx_word' id='word_1_369' title='bbox 1106 2447 1263 2477; x_wconf 86' lang='lat' dir='ltr'>Graevius.</span> <span class='ocrx_word' id='word_1_370' title='bbox 1297 2447 1368 2486; x_wconf 87' lang='lat' dir='ltr'>Ego</span> <span class='ocrx_word' id='word_1_371' title='bbox 1382 2447 1561 2476; x_wconf 85' lang='lat' dir='ltr'>Gruterum</span> <span class='ocrx_word' id='word_1_372' title='bbox 1575 2455 1707 2484; x_wconf 84' lang='lat' dir='ltr'>sequor,</span> 
     </span>
     <span class='ocr_line' id='line_1_42' title="bbox 264 2487 1707 2529; baseline -0.001 -11"><span class='ocrx_word' id='word_1_373' title='bbox 264 2488 442 2529; x_wconf 80' lang='lat' dir='ltr'>pendeant.</span> <span class='ocrx_word' id='word_1_374' title='bbox 1005 2495 1163 2529; x_wconf 87' lang='lat' dir='ltr'>putoque,</span> <span class='ocrx_word' id='word_1_375' title='bbox 1191 2499 1229 2519; x_wconf 82' lang='lat' dir='ltr'>ea</span> <span class='ocrx_word' id='word_1_376' title='bbox 1253 2490 1351 2519; x_wconf 86' lang='lat' dir='ltr'>verba</span> <span class='ocrx_word' id='word_1_377' title='bbox 1375 2498 1443 2519; x_wconf 86' lang='lat' dir='ltr'>esse</span> <span class='ocrx_word' id='word_1_378' title='bbox 1469 2499 1489 2518; x_wconf 89' lang='lat' dir='ltr'>a</span> <span class='ocrx_word' id='word_1_379' title='bbox 1513 2487 1707 2527; x_wconf 82' lang='lat' dir='ltr'>glossatore,</span> 
     </span>
    </p>

    <p class='ocr_par' dir='ltr' id='par_1_9' title="bbox 264 2529 1722 2655">
     <span class='ocr_line' id='line_1_43' title="bbox 308 2529 1706 2571; baseline -0.001 -11"><span class='ocrx_word' id='word_1_380' title='bbox 308 2534 348 2563; x_wconf 81' lang='grc'>97</span> <span class='ocrx_word' id='word_1_381' title='bbox 371 2532 443 2561; x_wconf 75' lang='lat' dir='ltr'>ulla</span> <span class='ocrx_word' id='word_1_382' title='bbox 459 2530 490 2559; x_wconf 79' lang='grc' dir='ltr'>υἱ</span> <span class='ocrx_word' id='word_1_383' title='bbox 505 2535 565 2561; x_wconf 81' lang='lat' dir='ltr'>aut</span> <span class='ocrx_word' id='word_1_384' title='bbox 578 2531 707 2561; x_wconf 70' lang='lat' dir='ltr'>ratione</span> <span class='ocrx_word' id='word_1_385' title='bbox 723 2531 856 2570; x_wconf 68' lang='lat' dir='ltr'>absolvi]</span> <span class='ocrx_word' id='word_1_386' title='bbox 874 2531 963 2570; x_wconf 72' lang='lat' dir='ltr'>Quo·</span> <span class='ocrx_word' id='word_1_387' title='bbox 1007 2532 1063 2570; x_wconf 93' lang='lat' dir='ltr'>qui</span> <span class='ocrx_word' id='word_1_388' title='bbox 1079 2531 1165 2561; x_wconf 88' lang='lat' dir='ltr'>hanc</span> <span class='ocrx_word' id='word_1_389' title='bbox 1179 2531 1320 2571; x_wconf 81' lang='lat' dir='ltr'>glossam</span> <span class='ocrx_word' id='word_1_390' title='bbox 1336 2542 1353 2561; x_wconf 92' lang='lat' dir='ltr'>e</span> <span class='ocrx_word' id='word_1_391' title='bbox 1368 2540 1453 2570; x_wconf 84' lang='lat' dir='ltr'>seqq.</span> <span class='ocrx_word' id='word_1_392' title='bbox 1469 2530 1593 2560; x_wconf 86' lang='lat' dir='ltr'>fecerit.</span> <span class='ocrx_word' id='word_1_393' title='bbox 1616 2529 1706 2560; x_wconf 89' lang='lat' dir='ltr'>Nam</span> 
     </span>
     <span class='ocr_line' id='line_1_44' title="bbox 264 2571 1722 2612; baseline -0.001 -10"><span class='ocrx_word' id='word_1_394' title='bbox 264 2572 364 2602; x_wconf 83' lang='lat' dir='ltr'>modo</span> <span class='ocrx_word' id='word_1_395' title='bbox 380 2573 436 2602; x_wconf 75' lang='lat' dir='ltr'>vi?</span> <span class='ocrx_word' id='word_1_396' title='bbox 458 2583 532 2612; x_wconf 78' lang='lat' dir='ltr'>quae</span> <span class='ocrx_word' id='word_1_397' title='bbox 546 2573 593 2603; x_wconf 91' lang='lat' dir='ltr'>vis</span> <span class='ocrx_word' id='word_1_398' title='bbox 608 2574 642 2602; x_wconf 88' lang='lat' dir='ltr'>in</span> <span class='ocrx_word' id='word_1_399' title='bbox 655 2573 851 2603; x_wconf 85' lang='lat' dir='ltr'>absolvendo</span> <span class='ocrx_word' id='word_1_400' title='bbox 866 2573 963 2603; x_wconf 86' lang='lat' dir='ltr'>intel·</span> <span class='ocrx_word' id='word_1_401' title='bbox 1006 2574 1033 2602; x_wconf 81' lang='lat' dir='ltr'>si</span> <span class='ocrx_word' id='word_1_402' title='bbox 1048 2573 1095 2604; x_wconf 89' lang='lat' dir='ltr'>ita</span> <span class='ocrx_word' id='word_1_403' title='bbox 1109 2578 1158 2603; x_wconf 83' lang='lat' dir='ltr'>est</span> <span class='ocrx_word' id='word_1_404' title='bbox 1174 2583 1192 2603; x_wconf 90' lang='lat' dir='ltr'>a</span> <span class='ocrx_word' id='word_1_405' title='bbox 1207 2573 1362 2603; x_wconf 90' lang='lat' dir='ltr'>Cicerone</span> <span class='ocrx_word' id='word_1_406' title='bbox 1377 2573 1518 2603; x_wconf 85' lang='lat' dir='ltr'>alterurn</span> <span class='ocrx_word' id='word_1_407' title='bbox 1534 2571 1630 2608; x_wconf 87' lang='lat' dir='ltr'>illud,</span> <span class='ocrx_word' id='word_1_408' title='bbox 1652 2571 1722 2612; x_wconf 51' lang='lat' dir='ltr'>qui*</span> 
     </span>
     <span class='ocr_line' id='line_1_45' title="bbox 267 2613 1634 2655; baseline 0 -11"><span class='ocrx_word' id='word_1_409' title='bbox 267 2613 325 2653; x_wconf 77' lang='lat' dir='ltr'>ligi</span> <span class='ocrx_word' id='word_1_410' title='bbox 352 2615 484 2655; x_wconf 88' lang='lat' dir='ltr'>potest?</span> <span class='ocrx_word' id='word_1_411' title='bbox 523 2615 714 2654; x_wconf 85' lang='lat' dir='ltr'>Legendum</span> <span class='ocrx_word' id='word_1_412' title='bbox 741 2615 871 2645; x_wconf 75' lang='lat' dir='ltr'>videtur</span> <span class='ocrx_word' id='word_1_413' title='bbox 895 2617 967 2646; x_wconf 81' lang='lat' dir='ltr'>ulla</span> <span class='ocrx_word' id='word_1_414' title='bbox 1010 2615 1141 2645; x_wconf 79' lang='lat' dir='ltr'>tabulas</span> <span class='ocrx_word' id='word_1_415' title='bbox 1156 2616 1321 2652; x_wconf 75' lang='lat' dir='ltr'>habereut,</span> <span class='ocrx_word' id='word_1_416' title='bbox 1334 2615 1449 2654; x_wconf 80' lang='lat' dir='ltr'>frigide</span> <span class='ocrx_word' id='word_1_417' title='bbox 1463 2613 1634 2644; x_wconf 82' lang='lat' dir='ltr'>redundat.</span> 
     </span>
    </p>
   </div>
   <div class='ocr_carea' id='block_1_4' title="bbox 267 2655 1753 2782">
    <p class='ocr_par' dir='ltr' id='par_1_10' title="bbox 267 2655 1753 2782">
     <span class='ocr_line' id='line_1_46' title="bbox 267 2655 1716 2697; baseline 0 -12"><span class='ocrx_word' id='word_1_418' title='bbox 267 2658 323 2686; x_wconf 76' lang='lat' dir='ltr'>via</span> <span class='ocrx_word' id='word_1_419' title='bbox 339 2661 399 2687; x_wconf 80' lang='lat' dir='ltr'>aut</span> <span class='ocrx_word' id='word_1_420' title='bbox 418 2657 479 2697; x_wconf 75' lang='lat' dir='ltr'>(vel</span> <span class='ocrx_word' id='word_1_421' title='bbox 496 2658 538 2695; x_wconf 82' lang='lat' dir='ltr'>et)</span> <span class='ocrx_word' id='word_1_422' title='bbox 561 2658 706 2687; x_wconf 82' lang='lat' dir='ltr'>ratione:</span> <span class='ocrx_word' id='word_1_423' title='bbox 730 2657 815 2696; x_wconf 86' lang='lat' dir='ltr'>quod</span> <span class='ocrx_word' id='word_1_424' title='bbox 830 2661 880 2687; x_wconf 72' lang='lat' dir='ltr'>est</span> <span class='ocrx_word' id='word_1_425' title='bbox 901 2659 966 2688; x_wconf 86' lang='lat' dir='ltr'>usi·</span> <span class='ocrx_word' id='word_1_426' title='bbox 1055 2661 1113 2688; x_wconf 85' lang='lat'>100</span> <span class='ocrx_word' id='word_1_427' title='bbox 1135 2657 1250 2688; x_wconf 77' lang='lat' dir='ltr'>Erant</span> <span class='ocrx_word' id='word_1_428' title='bbox 1265 2659 1330 2688; x_wconf 78' lang='lat' dir='ltr'><strong><em>hoec·</em></strong></span> <span class='ocrx_word' id='word_1_429' title='bbox 1342 2667 1382 2687; x_wconf 69' lang='grc' dir='ltr'>ει·</span> <span class='ocrx_word' id='word_1_430' title='bbox 1396 2667 1429 2687; x_wconf 84' lang='lat' dir='ltr'>eo</span> <span class='ocrx_word' id='word_1_431' title='bbox 1440 2657 1490 2697; x_wconf 58' lang='lat' dir='ltr'>gn]</span> <span class='ocrx_word' id='word_1_432' title='bbox 1524 2655 1716 2687; x_wconf 57' lang='lat' dir='ltr'>Lambinus</span> 
     </span>
     <span class='ocr_line' id='line_1_47' title="bbox 267 2699 1753 2740; baseline -0.001 -12"><span class='ocrx_word' id='word_1_433' title='bbox 267 2699 468 2729; x_wconf 74' lang='lat' dir='ltr'>tatissinium</span> <span class='ocrx_word' id='word_1_434' title='bbox 492 2699 653 2730; x_wconf 87' lang='lat' dir='ltr'>Ciceroni.</span> <span class='ocrx_word' id='word_1_435' title='bbox 690 2700 742 2729; x_wconf 86' lang='lat' dir='ltr'>Sic</span> <span class='ocrx_word' id='word_1_436' title='bbox 768 2700 878 2740; x_wconf 82' lang='lat' dir='ltr'>paullo</span> <span class='ocrx_word' id='word_1_437' title='bbox 892 2704 967 2740; x_wconf 78' lang='lat' dir='ltr'>post</span> <span class='ocrx_word' id='word_1_438' title='bbox 1010 2699 1044 2729; x_wconf 89' lang='lat' dir='ltr'>in</span> <span class='ocrx_word' id='word_1_439' title='bbox 1057 2699 1136 2729; x_wconf 86' lang='lat' dir='ltr'>Mss.</span> <span class='ocrx_word' id='word_1_440' title='bbox 1153 2699 1278 2729; x_wconf 78' lang='lat' dir='ltr'>duobus</span> <span class='ocrx_word' id='word_1_441' title='bbox 1291 2700 1422 2739; x_wconf 83' lang='lat' dir='ltr'>reperit,</span> <span class='ocrx_word' id='word_1_442' title='bbox 1434 2700 1507 2730; x_wconf 78' lang='lat' dir='ltr'>Nee</span> <span class='ocrx_word' id='word_1_443' title='bbox 1519 2702 1614 2728; x_wconf 76' lang='lat' dir='ltr'>erant</span> <span class='ocrx_word' id='word_1_444' title='bbox 1626 2699 1705 2734; x_wconf 66' lang='lat' dir='ltr'>laec,</span> <span class='ocrx_word' id='word_1_445' title='bbox 1751 2710 1753 2713; x_wconf 63' lang='grc'>’</span> 
     </span>
     <span class='ocr_line' id='line_1_48' title="bbox 267 2739 1707 2782; baseline -0.001 -12"><span class='ocrx_word' id='word_1_446' title='bbox 267 2741 398 2771; x_wconf 69' lang='grc' dir='ltr'><em>σωιεὶῑὶο</em></span> <span class='ocrx_word' id='word_1_447' title='bbox 411 2746 470 2771; x_wconf 78' lang='lat' dir='ltr'>aut</span> <span class='ocrx_word' id='word_1_448' title='bbox 484 2743 620 2772; x_wconf 75' lang='lat' dir='ltr'>racione.</span> <span class='ocrx_word' id='word_1_449' title='bbox 1009 2741 1095 2780; x_wconf 88' lang='lat' dir='ltr'>quod</span> <span class='ocrx_word' id='word_1_450' title='bbox 1107 2746 1142 2772; x_wconf 86' lang='lat' dir='ltr'>et</span> <span class='ocrx_word' id='word_1_451' title='bbox 1156 2741 1256 2772; x_wconf 82' lang='lat' dir='ltr'>edidit</span> <span class='ocrx_word' id='word_1_452' title='bbox 1267 2741 1365 2772; x_wconf 81' lang='lat' dir='ltr'>Aldus</span> <span class='ocrx_word' id='word_1_453' title='bbox 1381 2741 1502 2782; x_wconf 85' lang='lat' dir='ltr'>Nepos.</span> <span class='ocrx_word' id='word_1_454' title='bbox 1525 2741 1601 2771; x_wconf 88' lang='lat' dir='ltr'>Non</span> <span class='ocrx_word' id='word_1_455' title='bbox 1611 2739 1707 2770; x_wconf 83' lang='lat' dir='ltr'>bene.</span> 
     </span>
    </p>
   </div>
   <div class='ocr_carea' id='block_1_5' title="bbox 266 2783 1712 2910">
    <p class='ocr_par' dir='ltr' id='par_1_11' title="bbox 266 2783 1712 2910">
     <span class='ocr_line' id='line_1_49' title="bbox 310 2783 1708 2824; baseline -0.001 -12"><span class='ocrx_word' id='word_1_456' title='bbox 310 2785 350 2816; x_wconf 85' lang='lat'>98</span> <span class='ocrx_word' id='word_1_457' title='bbox 374 2784 436 2812; x_wconf 75' lang='lat' dir='ltr'>hac</span> <span class='ocrx_word' id='word_1_458' title='bbox 462 2784 965 2823; x_wconf 45' lang='lat' dir='ltr'>dilig-entimp-investigari-as-</span> <span class='ocrx_word' id='word_1_459' title='bbox 1008 2783 1095 2815; x_wconf 81' lang='lat' dir='ltr'>Nam</span> <span class='ocrx_word' id='word_1_460' title='bbox 1115 2788 1211 2814; x_wconf 87' lang='lat' dir='ltr'>erant</span> <span class='ocrx_word' id='word_1_461' title='bbox 1232 2784 1378 2824; x_wconf 79' lang='lat' dir='ltr'>profecto</span> <span class='ocrx_word' id='word_1_462' title='bbox 1398 2794 1437 2814; x_wconf 85' lang='lat' dir='ltr'>ex</span> <span class='ocrx_word' id='word_1_463' title='bbox 1457 2793 1495 2814; x_wconf 87' lang='lat' dir='ltr'>eo</span> <span class='ocrx_word' id='word_1_464' title='bbox 1513 2791 1644 2822; x_wconf 86' lang='lat' dir='ltr'>genere,</span> <span class='ocrx_word' id='word_1_465' title='bbox 1667 2791 1708 2815; x_wconf 76' lang='lat' dir='ltr'>ex</span> 
     </span>
     <span class='ocr_line' id='line_1_50' title="bbox 266 2825 1712 2866; baseline 0 -12"><span class='ocrx_word' id='word_1_466' title='bbox 266 2825 355 2864; x_wconf 75' lang='lat' dir='ltr'>sequi</span> <span class='ocrx_word' id='word_1_467' title='bbox 364 2825 523 2864; x_wconf 71' lang='lat' dir='ltr'>potuerit]</span> <span class='ocrx_word' id='word_1_468' title='bbox 549 2826 602 2855; x_wconf 88' lang='lat' dir='ltr'>Sic</span> <span class='ocrx_word' id='word_1_469' title='bbox 626 2835 739 2856; x_wconf 85' lang='lat' dir='ltr'>omncs</span> <span class='ocrx_word' id='word_1_470' title='bbox 752 2826 836 2858; x_wconf 89' lang='lat' dir='ltr'>libri.</span> <span class='ocrx_word' id='word_1_471' title='bbox 880 2825 967 2866; x_wconf 71' lang='lat' dir='ltr'>Quia</span> <span class='ocrx_word' id='word_1_472' title='bbox 1008 2836 1073 2864; x_wconf 88' lang='lat' dir='ltr'>quo</span> <span class='ocrx_word' id='word_1_473' title='bbox 1091 2826 1205 2856; x_wconf 85' lang='lat' dir='ltr'>Cicero</span> <span class='ocrx_word' id='word_1_474' title='bbox 1224 2826 1402 2865; x_wconf 81' lang='lat' dir='ltr'>quaerebat‚</span> <span class='ocrx_word' id='word_1_475' title='bbox 1415 2830 1454 2855; x_wconf 81' lang='lat' dir='ltr'>ut</span> <span class='ocrx_word' id='word_1_476' title='bbox 1469 2836 1486 2855; x_wconf 89' lang='lat' dir='ltr'>e</span> <span class='ocrx_word' id='word_1_477' title='bbox 1501 2835 1587 2864; x_wconf 88' lang='lat' dir='ltr'>seqq.</span> <span class='ocrx_word' id='word_1_478' title='bbox 1603 2827 1712 2863; x_wconf 77' lang='lat' dir='ltr'>patet.</span> 
     </span>
     <span class='ocr_line' id='line_1_51' title="bbox 267 2866 1673 2910; baseline -0.001 -13"><span class='ocrx_word' id='word_1_479' title='bbox 267 2866 387 2899; x_wconf 73' lang='lat' dir='ltr'>durum</span> <span class='ocrx_word' id='word_1_480' title='bbox 400 2872 462 2906; x_wconf 87' lang='lat' dir='ltr'>est,</span> <span class='ocrx_word' id='word_1_481' title='bbox 485 2869 610 2909; x_wconf 76' lang='lat' dir='ltr'>assequi</span> <span class='ocrx_word' id='word_1_482' title='bbox 625 2868 749 2910; x_wconf 77' lang='lat' dir='ltr'>passive</span> <span class='ocrx_word' id='word_1_483' title='bbox 763 2868 840 2907; x_wconf 82' lang='lat' dir='ltr'>dici,</span> <span class='ocrx_word' id='word_1_484' title='bbox 866 2874 905 2900; x_wconf 88' lang='lat' dir='ltr'>ut</span> <span class='ocrx_word' id='word_1_485' title='bbox 920 2869 966 2904; x_wconf 81' lang='lat' dir='ltr'>vi·</span> <span class='ocrx_word' id='word_1_486' title='bbox 1008 2868 1133 2906; x_wconf 68' lang='lat' dir='ltr'>Verum</span> <span class='ocrx_word' id='word_1_487' title='bbox 1146 2867 1297 2908; x_wconf 54' lang='lat' dir='ltr'>doletffie</span> <span class='ocrx_word' id='word_1_488' title='bbox 1312 2877 1379 2899; x_wconf 85' lang='lat' dir='ltr'>non</span> <span class='ocrx_word' id='word_1_489' title='bbox 1394 2867 1489 2909; x_wconf 81' lang='lat' dir='ltr'>plura</span> <span class='ocrx_word' id='word_1_490' title='bbox 1505 2866 1673 2907; x_wconf 69' lang='lat' dir='ltr'>reperisse.</span> 
     </span>
    </p>
   </div>
  </div>
 </body>
</html>
