1907 3231
306 136 384 179 386
802 138 872 181 1N
898 126 1177 183 VERREM

308 242 564 284 constitutas
596 242 739 297 fuisse,
770 245 946 296 familia,
978 261 1145 303 pecore,
1174 246 1300 299 villis,
1325 245 1528 305 pecuniis
1558 239 1750 296 creditis,

314 309 362 340 ut
384 301 543 341 nemini
573 303 712 344 minus
735 304 971 360 expediret,
1001 303 1133 344 ullum
1163 304 1207 344 in
1240 304 1387 347 Sicilia
1417 303 1651 346 tumultum
1665 309 1751 366 ’aut

316 357 476 398 bellum
499 361 784 401 commoveri:
816 373 903 400 non
929 361 1070 400 dicam
1092 375 1144 401 ne
1165 361 1268 403 illud
1290 363 1478 418 quidem,
1504 361 1537 401 si
1558 372 1750 422 maxime

321 415 365 455 in
398 415 525 472 culpa
555 415 683 457 fuerit
712 415 983 472 Apollonius,
1012 426 1154 458 tamen
1184 419 1468 461 inhominem
1500 417 1752 480 honestissi-

319 486 454 523 mum,
490 473 676 513 civitatis
713 473 1042 524 honestissimae,
1083 483 1171 516 tam
1218 477 1406 532 graviter
1453 474 1752 522 animadverti,

261 532 451 570 Qlcausa
471 529 648 579 indicta,
678 543 764 570 non
795 531 1049 584 oportuisse.
1110 532 1283 573 Nullam
1315 533 1519 574 invidiam
1551 533 1595 572 in
1617 541 1674 581 te,
1694 542 1750 569 ne

321 600 376 627 ex
399 586 478 626 illis
501 587 671 641 quidem
702 587 828 627 rebus
859 588 1102 638 concitabo,
1132 603 1229 630 cum
1251 601 1362 631 esset
1382 591 1479 631 talis
1499 589 1563 630 vir
1585 589 1628 629 in
1657 600 1750 628 car-

321 657 429 693 cere,
453 643 494 683 in
528 643 727 693 tenebris,
751 643 792 683 in
817 645 1024 699 squalore,
1057 645 1099 686 in
1131 646 1341 697 sordibus,
1363 646 1596 702 tyrannicis
1619 645 1751 706 interff

321 699 446 740 dictis
470 699 568 749 tuis,
600 701 710 754 patri
732 710 887 741 exacta
916 710 1058 752 aetate,
1079 711 1122 743 et
1143 704 1402 745 adolescenti
1433 703 1536 753 filio,
1566 699 1751 765 adeundi

322 756 374 796 ad
397 756 512 796 illum
538 755 740 798 miserum
762 766 1019 814 potestatem
1043 774 1276 816 numquam
1302 775 1393 802 esse
1425 760 1597 801 factam.
1620 767 1752 799 etiam

321 812 423 853 illud
448 813 692 868 praeteribo,
723 815 1061 872 quotiescunque
1087 816 1348 859 Pauor-mum
1381 815 1645 858 veneris‘illo
1677 828 1753 854 an-

321 883 394 919 no,
413 879 456 910 et
481 884 556 910 sex
578 871 810 925 mensibus,
841 876 960 925 (nam
992 875 1154 915 tamdiu
1183 875 1267 916 fuit
1299 875 1342 916 in
1376 887 1544 916 carcere
1574 871 1753 928 Apollo-

320 927 453 977 nius,)
477 928 602 967 toties
625 928 675 968 ad
699 938 741 969 te
761 938 952 970 senatum
977 929 1330 973 Panormitanum
1355 932 1491 973 adisse
1516 928 1754 986 supplicem

323 998 421 1024 cum
457 985 793 1040 magistratibus,
829 987 1204 1043 sacerdotibusque
1235 989 1433 1046 publicis,
1463 995 1658 1029 orantem
1689 993 1753 1024 at·-

323 1048 406 1095 que
447 1041 758 1092 obsecrantem,
780 1043 1078 1099 utaliquando
1110 1045 1178 1086 ille
1208 1047 1336 1087 miser
1376 1056 1504 1101 atque
1546 1045 1755 1105 innocens

325 1097 569 1139 calamitate
591 1099 660 1139 illa
682 1098 946 1141 liberaretur.
1007 1101 1263 1158 Relinquam
1283 1103 1376 1144 liaec
1398 1103 1566 1143 omnia:
1598 1114 1695 1163 quae
1718 1112 1754 1139 Sl

327 1154 453 1195 velim
487 1155 699 1211 persequi,
728 1156 853 1197 facile
883 1159 1120 1211 ostendam,
1152 1169 1225 1200 tua
1258 1160 1508 1201 crudelitate
1549 1159 1592 1199 in
1631 1156 1753 1207 ahos,

326 1226 475 1252 omnes
512 1213 591 1253 tibi
632 1214 775 1255 aditus
802 1216 1106 1257 misericordiae
1130 1216 1329 1271 judicum
1362 1216 1622 1273 jampridem
1662 1219 1755 1254 esse

281 1269 572 1325 9praeclusos
633 1270 792 1312 Omnia
810 1271 942 1327 igitur
962 1273 1043 1314 ista
1064 1275 1297 1316 concedam
1319 1283 1362 1315 et
1390 1274 1621 1315 remittam.
1642 1285 1754 1326 prae-

265 1342 314 1376 ‹22›
329 1327 451 1367 video
474 1328 603 1378 enim,
621 1329 723 1383 quid
747 1329 800 1369 sit
822 1329 1070 1372 defensurus
1102 1331 1377 1373 Hortensius.
1399 1330 1619 1379 fatebitur,
1641 1327 1756 1392 apufl

196 1383 454 1431 pemistum
488 1399 625 1439 neque
655 1396 916 1427 senectutem
950 1389 1096 1443 patris,
1136 1404 1272 1444 neque
1302 1387 1633 1430 adolescentiam
1661 1384 1756 1435 filu,

284 1443 464 1496 a·neque
487 1441 725 1497 lachrymas
749 1444 969 1499 utriusque
1002 1446 1095 1501 plus
1126 1447 1321 1497 raluisse,
1353 1461 1482 1501 quam
1509 1443 1760 1507 utilitatem,

325 1499 590 1554 salutemque
610 1501 865 1555 provinciae:
897 1502 1025 1552 dicet,
1040 1504 1347 1559 rempublicam
1360 1503 1647 1543 administrari
1665 1512 1756 1539 sine

325 1564 442 1596 metu
466 1571 515 1596 ac
549 1557 775 1598 severitate
808 1572 894 1598 non
918 1574 1067 1614 posse:
1098 1570 1276 1615 quaeret,
1307 1561 1588 1615 quamobrem
1620 1556 1757 1620 fasces

324 1613 582 1668 praetoribus
601 1613 896 1669 praeferantur,
919 1631 994 1656 cur
1010 1631 1175 1658 secures
1197 1617 1324 1667 datae,
1350 1631 1426 1658 cur
1447 1629 1590 1657 carcer
1618 1612 1759 1678 aedifi-

325 1680 460 1719 catus,
498 1685 573 1711 cur
613 1681 676 1712 tot
714 1672 923 1727 supplicia
954 1674 1038 1713 sint
1069 1674 1112 1714 in
1145 1675 1364 1730 improbos
1393 1688 1512 1714 more
1540 1684 1756 1735 majorum

326 1727 590 1768 constituta?
631 1743 727 1783 quae
771 1743 868 1770 cum
911 1731 1056 1771 omnia
1086 1732 1274 1786 graviter
1303 1744 1532 1785 severeque
1574 1729 1755 1778 dixer1t3

324 1798 531 1838 quaeram,
549 1799 624 1825 eur
642 1787 758 1826 hunc
779 1786 962 1827 eundem
984 1786 1263 1843 Apollonium
1284 1788 1438 1829 Verres
1460 1787 1588 1837 idem,
1608 1798 1758 1840 repen-

326 1850 383 1891 te,
402 1841 516 1881 nulla
535 1856 704 1883 novare
721 1842 860 1894 allata,
875 1845 989 1885 nulla
1010 1844 1271 1896 defensione,
1287 1845 1377 1887 sine
1398 1859 1526 1886 causa
1541 1844 1594 1907 tle
1615 1855 1757 1906 carce-

322 1912 369 1937 re
390 1899 529 1939 emitti
543 1899 747 1954 jusserit?
769 1909 1020 1957 tantumque
1042 1904 1083 1943 in
1101 1903 1185 1944 hoc
1198 1902 1376 1944 crimine
1398 1902 1655 1963 suspicionis
1666 1911 1757 1939 esse

326 1955 565 2006 affirmabo,
588 1966 634 1996 ut
649 1956 741 2011 jam
762 1959 863 2013 ipsis
887 1959 1125 2014 judicibus,
1148 1961 1238 2001 sine
1258 1974 1355 2001 mea
1371 1965 1758 2019 argumentatione,

327 2012 621 2066 conjecturam
645 2014 783 2055 facere
806 2017 1065 2070 permittam,
1097 2018 1211 2072 quod
1242 2018 1326 2058 hoc
1356 2031 1489 2073 genus
1520 2012 1757 2077 praeciancli,

329 2083 456 2123 quam
480 2070 741 2126 improbum,
760 2088 888 2127 quam
911 2074 1152 2130 indignum,
1175 2088 1390 2130 quamque
1410 2074 1462 2114 ad
1491 2070 1757 2129 magnitudi-

265 2129 424 2166 r2311em
444 2138 633 2182 quaestus
653 2129 907 2170 immensum
939 2131 1241 2187 infinitumque
1263 2145 1353 2172 esse
1376 2131 1582 2171 videatur.
1643 2127 1757 2191 ham

326 2198 422 2238 quae
446 2184 525 2224 iste
548 2185 591 2225 in
614 2184 846 2241 Apollonio
865 2188 982 2238 fecit,
1000 2203 1049 2229 ea
1080 2189 1264 2244 primum
1286 2189 1469 2229 breviter
1490 2195 1754 2248 cognoscite,

325 2251 431 2295 quot
452 2251 494 2282 et
516 2253 678 2297 quanta
708 2243 813 2285 sint:
847 2244 1000 2285 deinde
1019 2246 1111 2286 lia-c
1133 2246 1365 2303 expendite
1395 2254 1522 2300 atque
1545 2251 1758 2304 aestimate

325 2300 521 2352 pecunia.
546 2300 779 2355 reperietis,
811 2301 970 2343 idcirco
1002 2303 1096 2345 haec
1128 2304 1171 2344 in
1203 2318 1287 2344 uno
1319 2302 1492 2343 homine
1521 2313 1757 2356 pecunioso

327 2364 391 2395 tot
423 2356 674 2407 constituta,
706 2367 754 2398 ut
784 2359 935 2399 ceteris
959 2358 1208 2401 formidines
1228 2360 1430 2401 similium
1461 2356 1758 2419 incommodo-

325 2425 419 2452 rum
441 2422 570 2468 atque
591 2414 790 2470 exempla
811 2416 1097 2471 periculorum
1115 2426 1470 2473 proponerentur.
1510 2414 1551 2445 ⁶26
1563 2414 1757 2477 Primum

325 2468 588 2511 insimulatio
619 2481 682 2512 est
704 2474 927 2528 repentina
943 2475 1137 2529 capitalis
1169 2485 1296 2529 atque
1319 2472 1519 2514 invidiosi
1541 2485 1753 2534 criminis:

324 2527 533 2578 (statuite,
564 2529 713 2582 quanti
746 2530 828 2570 hoc
861 2532 1033 2586 putetiS,
1066 2541 1108 2572 et
1139 2546 1264 2586 quam
1298 2531 1454 2571 multos
1485 2529 1712 2570 redemisse
1727 2527 1758 2575 :)

324 2582 477 2624 deinde
499 2584 659 2625 crimen
683 2587 773 2627 sine
794 2598 1055 2639 accusatore,
1078 2589 1290 2629 sententia
1311 2589 1400 2628 sine
1422 2586 1615 2649 consilio,
1637 2585 1757 2625 dam-

326 2640 445 2681 natio
469 2641 558 2681 sine
579 2642 843 2684 defensione.
867 2645 1098 2697 (aestimate
1120 2646 1270 2686 harum
1292 2659 1430 2686 rerum
1453 2657 1646 2684 omnium
1664 2655 1759 2698 pre-

369 2790 410 2821 96
434 2790 593 2822 Primum.
619 2793 821 2824 insimulatio
857 2795 930 2834 de]
959 2795 1019 2825 Est
1062 2795 1263 2827 renthesium
1276 2796 1389 2834 signis,
1405 2799 1444 2826 ut
1458 2795 1585 2827 facilius
1598 2793 1694 2825 series
1707 2796 1760 2822 to·-

326 2842 394 2862 tma
419 2831 549 2871 longior
572 2835 822 2873 comprehensio
851 2846 952 2876 usque
979 2838 1020 2868 ad
1061 2844 1096 2869 ta
1111 2840 1360 2880 perspiceretur.

323 2884 366 2904 ue
377 2876 488 2905 scelera}
502 2886 686 2906 occurrere:
703 2887 800 2916 quani
815 2878 947 2909 distinxi
963 2890 1020 2920 pa-
