1907 3231
224 125 275 159 32
812 122 1065 160 ORATIO

227 224 346 280 quod
384 233 622 267 ceterorum
657 241 793 282 neque
824 227 988 268 dictum
1020 227 1251 268 obscurum
1276 232 1419 282 potest
1440 240 1544 276 esse,
1564 237 1662 281 pro·

229 291 324 337 pter
351 283 622 324 nobilitatem
644 294 686 325 et
709 282 1051 339 amplitudinem,
1076 297 1212 338 neque
1240 291 1397 324 temere
1418 284 1535 325 dicto
1557 296 1660 323 con-

227 340 337 390 cedi,
370 350 544 396 propter
575 350 747 382 aetatem
779 351 821 381 ct
854 341 1150 397 prudentiam:
1182 354 1265 396 ego
1297 340 1456 396 siquid
1487 338 1661 381 liberius

227 396 393 448 dixero,
418 397 483 438 vel
502 398 721 439 occultum
743 412 833 439 esse
858 407 1094 454 propterea,
1116 397 1231 452 quod
1264 399 1455 438 nondum
1476 398 1528 438 ad
1552 411 1662 439 rem-

229 454 448 510 publicam
480 456 654 506 accessi,
687 455 752 496 vel
784 455 950 511 ignosci
984 454 1284 496 adolescentiae
1327 469 1433 496 meae
1477 455 1660 511 poterit:

231 512 401 552 tametsi
435 526 520 552 non
552 512 682 553 modo
714 512 963 568 ignoscendi
996 513 1118 561 ratio,
1153 526 1298 552 verum
1335 512 1466 552 etiam
1498 525 1661 567 cogno-

192 575 219 610 4
233 568 376 610 scendi
397 569 770 624 consuetudojam
792 569 844 609 de
866 569 1042 610 civitate
1065 568 1232 609 sublata
1249 577 1327 609 est.
1385 567 1571 609 Accedit
1591 567 1663 608 illa

230 641 402 681 quoquc
424 641 565 676 causa,
584 627 698 681 quod
722 642 748 667 a
767 626 918 667 celeris
942 625 1121 666 forsitan
1146 626 1204 666 ita
1224 626 1406 682 petitum
1429 626 1498 676 sit,
1530 634 1578 666 ut
1599 625 1665 665 di-

229 695 389 732 cerent,
423 694 467 723 ut
493 684 700 724 utrumvis
722 683 839 724 salvo
862 683 1007 723 officio
1028 697 1070 723 se
1098 683 1237 724 facere
1259 697 1383 738 posse
1405 682 1663 723 arbitraren—

230 751 322 781 tur:
356 755 381 780 a
402 755 469 781 inc
491 751 633 781 autem
665 741 692 781 ii
725 741 1053 792 contenderunt,
1075 741 1147 795 qui
1173 740 1285 796 apud
1304 753 1372 780 me
1394 748 1438 780 et
1455 739 1661 789 amicitia,

228 808 272 837 et
300 798 533 849 beneficiis,
563 807 605 839 et
637 798 850 854 dignitate
881 798 1112 854 plurimum
1144 804 1338 854 possunt,
1368 811 1551 852 quorum
1581 811 1663 852 ego

229 868 369 910 neque
401 855 735 896 benivolentiam
767 870 869 911 erga
899 869 967 896 me
1000 856 1212 911 ignorare,
1244 868 1322 895 nec
1361 854 1663 895 auctoritatem

182 900 214 947 2
231 913 461 968 aspernari,
493 927 571 953 nec
603 912 869 954 voluntatem
903 913 1155 969 2negligere
1197 911 1423 953 debebam.
1485 911 1569 952 His
1611 911 1664 952 de

192 970 369 1010 5causis
392 983 473 1025 ego
508 969 608 1010 huic
642 984 781 1010 causae
816 978 1020 1025 patronus
1042 970 1206 1020 exstiti,
1238 984 1324 1010 non
1358 968 1518 1010 electus
1540 983 1664 1018 unus,

230 1027 302 1081 qui
324 1027 514 1067 maximo
557 1027 747 1082 ingenio,
779 1027 850 1067 sed
883 1027 1054 1068 relictus
1077 1042 1130 1067 ex
1155 1027 1369 1077 omnibus,
1392 1026 1465 1081 qui
1484 1025 1665 1067 minimo

231 1084 421 1138 periculo
446 1098 614 1139 possem
647 1084 809 1125 dicere:
843 1098 981 1139 neque
1003 1083 1066 1124 uti
1098 1085 1199 1124 satis
1222 1084 1346 1125 firmo
1369 1084 1570 1139 praesidio
1593 1083 1666 1124 de-

233 1140 376 1181 fensus
397 1141 498 1181 Sex.
524 1140 723 1191 Roscius,
747 1156 894 1182 verum
926 1141 988 1182 uti
1022 1155 1075 1181 ne
1107 1140 1285 1181 omnino
1319 1141 1509 1182 desertus
1539 1149 1663 1181 essct.

233 1197 431 1238 Forsitan
450 1198 668 1253 quaeratis,
687 1199 761 1253 qui
784 1199 864 1239 iste
887 1208 1022 1240 terror
1044 1198 1113 1248 sit,
1136 1208 1180 1238 et
1201 1213 1298 1253 quae
1323 1207 1442 1238 tanta
1463 1197 1664 1247 formido,

232 1270 329 1309 quat
358 1264 424 1295 tot
445 1270 494 1296 ac
524 1255 627 1296 tales
658 1256 770 1296 viros
797 1256 1019 1312 impediat,
1049 1270 1135 1310 quo
1165 1256 1307 1296 minus
1337 1269 1414 1311 pro
1448 1255 1590 1311 capite
1621 1265 1665 1294 et

231 1312 416 1353 fortunis
438 1312 625 1364 alterius,
648 1313 1012 1368 quemadmodum
1043 1322 1319 1364 consuerunt,
1341 1327 1514 1354 causam
1534 1311 1667 1352 velint

230 1369 386 1410 dicere.
429 1370 558 1416 Quod
582 1369 723 1411 adhuc
747 1385 820 1411 vos
840 1370 1037 1426 ignorare
1058 1385 1145 1411 non
1165 1370 1321 1411 mirum
1339 1378 1416 1420 est,
1440 1378 1666 1426 propterea

232 1427 347 1482 quod
371 1427 567 1468 consulto
591 1428 644 1467 ab
668 1428 990 1468 accusatoribus
1012 1427 1104 1483 ejus
1128 1427 1202 1478 rei,
1224 1443 1320 1483 quae
1353 1428 1562 1468 conflavit
1583 1425 1665 1467 hoc

194 1478 457 1538 6judicium,
479 1485 642 1525 mentio
663 1484 778 1525 facta
799 1500 885 1526 non
903 1493 982 1525 est.
1044 1485 1155 1531 Quae
1177 1499 1241 1526 res
1272 1499 1322 1526 ea
1339 1486 1428 1526 est?
1460 1485 1575 1525 bona
1592 1498 1667 1540 pa-

232 1542 309 1582 tris
331 1541 510 1596 hujusce
535 1542 636 1582 Sex.
662 1541 827 1593 Roscii,
857 1557 955 1597 quae
988 1552 1088 1583 sunt
1117 1542 1338 1598 sexagies:
1370 1557 1467 1596 quae
1489 1541 1543 1583 de
1574 1541 1666 1581 viro

231 1598 467 1640 fortissimo
501 1609 543 1639 et
570 1599 821 1651 clarissimo,
855 1599 902 1640 L.
927 1600 1056 1651 Sulla,
1079 1614 1207 1655 quem
1242 1600 1417 1640 lionoris
1440 1614 1569 1640 causa
1589 1613 1669 1639 no-

181 1661 213 1691 b·
229 1656 363 1706 mino,
382 1656 550 1697 duobus
572 1656 761 1697 millibus
780 1671 1006 1698 nummum
1036 1671 1080 1697 se
1101 1657 1209 1697 dicit
1229 1657 1382 1698 emisse
1403 1655 1669 1707 adolescens,

229 1713 296 1754 vel
318 1713 642 1769 potentissimus
666 1714 748 1755 hoc
767 1723 961 1770 tempore
981 1724 1140 1755 nostrae
1155 1714 1359 1764 civitatis,
1376 1713 1425 1754 L.
1441 1713 1667 1754 Cornelius

230 1769 556 1827 Chrysogonus.
619 1770 662 1812 Is
695 1787 719 1812 a
742 1772 880 1822 vobis,
907 1771 1093 1826 judices,
1127 1771 1209 1812 hoc
1240 1771 1444 1828 postulat,
1476 1779 1536 1821 ut,
1558 1785 1666 1825 quo-

228 1828 344 1869 niam
367 1829 409 1868 in
444 1828 625 1869 alienam
652 1830 894 1884 pecuniam,
919 1838 1006 1870 tam
1038 1829 1208 1885 plenam
1239 1839 1369 1884 atque
1403 1828 1665 1884 praeclaram,

227 1885 344 1925 nullo
360 1885 459 1940 jure
483 1885 699 1937 invaserit,
729 1886 1019 1941 quoniamque
1048 1887 1086 1927 ei
1117 1886 1313 1943 pecuniae
1337 1887 1428 1927 vita
1448 1885 1552 1926 Sex.
1577 1884 1667 1926 Ro-

228 1942 305 1983 scii
335 1944 506 1984 obstare
529 1952 658 1999 atque
688 1944 861 1986 officere
891 1943 1100 1995 videatur,
1131 1943 1308 1985 deleatis
1337 1957 1391 1984 ex
1413 1942 1559 1983 animo
1589 1957 1666 1983 suo

228 2000 518 2056 suspicionem
545 2015 732 2052 onmem,
763 2011 1013 2056 metumque
1037 2001 1221 2042 tollatis:
1254 2015 1359 2050 sese,
1389 2000 1474 2041 hoc
1501 1999 1669 2041 incolua

227 2057 302 2108 mi,
326 2072 412 2098 non
434 2058 667 2099 arbitratur
695 2059 823 2114 hujus
854 2058 1096 2100 innocentis
1126 2059 1435 2115 patrimonium
1465 2066 1554 2098 tam
1576 2072 1668 2098 am-

228 2113 348 2169 plum
370 2125 414 2156 et
444 2116 670 2171 copiosum
702 2131 827 2172 posse
857 2116 1068 2168 obtinere,
1090 2117 1294 2157 damnato
1325 2125 1369 2156 et
1391 2115 1550 2170 ejecto,
1573 2129 1669 2171 spe-

227 2181 293 2211 rat
315 2187 358 2213 se
386 2187 525 2228 posse,
544 2174 660 2229 quod
693 2174 874 2230 adeptus
905 2184 970 2214 est
1000 2188 1076 2229 per
1106 2173 1257 2224 scelus,
1287 2173 1331 2214 id
1354 2187 1429 2229 per
1451 2172 1668 2213 luxuriam

228 2228 448 2272 effundere
469 2241 598 2286 atque
616 2246 883 2272 consumere.
943 2231 1078 2272 Hunc
1110 2231 1192 2272 sibi
1222 2244 1277 2272 ex
1309 2230 1454 2271 animo
1488 2244 1583 2271 scru
1621 2244 1666 2270 u-

228 2285 332 2337 lum,
356 2288 459 2342 3qui
483 2302 526 2328 se
548 2288 638 2329 dies
668 2297 903 2344 noctesque
933 2289 1126 2330 stimulet
1155 2303 1205 2329 ac
1228 2297 1408 2344 pungat,
1437 2295 1487 2327 ut
1512 2300 1589 2327 eve
1608 2286 1667 2327 la-

231 2342 301 2393 tis,
324 2345 527 2399 postulat,
550 2354 599 2386 ut
628 2346 680 2387 ad
712 2346 824 2387 hanc
855 2361 976 2387 suam
998 2346 1203 2402 praedam,
1227 2355 1316 2385 tam
1337 2344 1560 2395 nefariam,
1592 2344 1670 2385 ad·

193 2399 394 2454 7jut0res
416 2418 492 2443 vos
515 2402 820 2459 profiteamini.
881 2404 927 2445 Si
951 2404 1073 2445 vobis
1095 2418 1221 2458 aequa
1249 2411 1294 2443 et
1314 2402 1496 2444 honesta
1517 2411 1666 2457 postu-

232 2457 336 2498 latio
370 2460 550 2512 videtur,
577 2461 775 2516 judices;
817 2475 900 2517 ego
933 2471 1084 2503 contra
1116 2461 1290 2501 brevem
1328 2458 1667 2516 postulationem

230 2514 377 2567 affero,
411 2527 454 2557 et
485 2519 724 2572 (quomodo
753 2518 861 2560 mihi
884 2519 1138 2575 persuadeo)
1160 2518 1379 2573 aliquanto
1414 2515 1667 2571 aequiorern.

180 2565 214 2612 3
230 2570 425 2614 Primum
447 2581 472 2614 a‘
495 2575 783 2632 Chrysogono
806 2585 922 2633 peto,
945 2586 993 2618 ut
1015 2576 1199 2633 pecunia
1216 2574 1486 2629 fortunisque
1507 2573 1666 2614 nostris

225 2639 454 2672 contentus
474 2632 542 2684 sit,
562 2634 815 2689 sanguinem
837 2644 882 2676 et
901 2634 1036 2676 vitam
1057 2648 1113 2675 ne
1131 2642 1249 2689 petat
1264 2649 1277 2674 ·.
1306 2631 1460 2673 deinde
1477 2645 1502 2671 a
1523 2630 1667 2682 vobis,

265 2745 286 2774 Ξ.)
307 2745 476 2784 negligere
504 2745 650 2789 debeam]
693 2747 833 2778 Evidens
859 2753 921 2786 est,
1009 2751 1027 2779 3
1043 2749 1098 2788 qui
1110 2747 1335 2778 sve-stimulat
1357 2755 1397 2776 cte
1403 2745 1542 2785 pungit]
1580 2745 1668 2786 Quia

224 2785 417 2817 Ciceronem
451 2789 614 2829 scripsisse
649 2789 810 2820 debebam.
862 2790 923 2822 Est
966 2791 1073 2821 oratio
1098 2790 1230 2829 obliqua
1247 2795 1310 2826 est,
1335 2787 1449 2819 Cicero
1477 2798 1546 2819 sine
1566 2787 1667 2818 dubio

222 2828 312 2859 enim
334 2839 441 2860 sermo
460 2830 498 2861 de
519 2832 700 2871 praeterito‚
720 2838 754 2862 et
776 2842 843 2862 esse
867 2833 921 2864 de·
964 2833 1095 2873 scripsit
1128 2833 1275 2863 stimulet
1299 2842 1339 2861 ac
1360 2836 1504 2870 pungat.
1550 2831 1670 2870 Itaque

222 2869 315 2903 beret
329 2871 433 2912 debeo,
446 2873 473 2904 si
488 2874 643 2915 praesenti
655 2875 706 2905 uti
721 2874 886 2906 voluisset.
965 2875 1062 2908 edidi.
1106 2875 1185 2907 Mox
1199 2874 1265 2906 ΜΕ.
1277 2874 1341 2906 Gu.
1356 2874 1517 2905 avellatis.
