<?xml version="1.0" encoding="UTF-8"?>
<!DOCTYPE html PUBLIC "-//W3C//DTD XHTML 1.0 Transitional//EN"
    "http://www.w3.org/TR/xhtml1/DTD/xhtml1-transitional.dtd">
<html xmlns="http://www.w3.org/1999/xhtml" xml:lang="en" lang="en">
 <head>
  <title>
</title>
<meta http-equiv="Content-Type" content="text/html;charset=utf-8" />
  <meta name='ocr-system' content='tesseract 3.04.00' />
  <meta name='ocr-capabilities' content='ocr_page ocr_carea ocr_par ocr_line ocrx_word'/>
</head>
<body>
  <div class='ocr_page' id='page_1' title='image "./p1operaomnia02ciceuoft_0205.png"; bbox 0 0 1907 3231; ppageno 0'>
   <div class='ocr_carea' id='block_1_1' title="bbox 460 137 1563 177">
    <p class='ocr_par' dir='ltr' id='par_1_1' title="bbox 460 137 1563 177">
     <span class='ocr_line' id='line_1_1' title="bbox 460 137 1563 177; baseline 0 -1"><span class='ocrx_word' id='word_1_1' title='bbox 460 139 584 177; x_wconf 83' lang='lat' dir='ltr'>ACT.</span> <span class='ocrx_word' id='word_1_2' title='bbox 616 140 664 177; x_wconf 88' lang='grc' dir='ltr'>ΙΙ.</span> <span class='ocrx_word' id='word_1_3' title='bbox 700 137 878 175; x_wconf 85' lang='lat' dir='ltr'>LIBER</span> <span class='ocrx_word' id='word_1_4' title='bbox 905 138 1229 176; x_wconf 85' lang='lat' dir='ltr'><strong>SECUNDUS.</strong></span> <span class='ocrx_word' id='word_1_5' title='bbox 1494 142 1563 176; x_wconf 83' lang='lat'>181</span> 
     </span>
    </p>
   </div>
   <div class='ocr_carea' id='block_1_2' title="bbox 121 240 1686 2697">
    <p class='ocr_par' dir='ltr' id='par_1_2' title="bbox 125 240 1617 921">
     <span class='ocr_line' id='line_1_2' title="bbox 130 240 1563 299; baseline -0.001 -14"><span class='ocrx_word' id='word_1_6' title='bbox 130 257 217 299; x_wconf 85' lang='lat' dir='ltr'>quo</span> <span class='ocrx_word' id='word_1_7' title='bbox 245 242 432 298; x_wconf 86' lang='lat' dir='ltr'>reliquae,</span> <span class='ocrx_word' id='word_1_8' title='bbox 467 250 546 293; x_wconf 90' lang='lat' dir='ltr'>tot,</span> <span class='ocrx_word' id='word_1_9' title='bbox 583 251 626 283; x_wconf 88' lang='lat' dir='ltr'>et</span> <span class='ocrx_word' id='word_1_10' title='bbox 657 251 803 294; x_wconf 85' lang='lat' dir='ltr'>tantae,</span> <span class='ocrx_word' id='word_1_11' title='bbox 830 250 873 282; x_wconf 91' lang='lat' dir='ltr'>et</span> <span class='ocrx_word' id='word_1_12' title='bbox 911 249 998 282; x_wconf 85' lang='lat' dir='ltr'>tam</span> <span class='ocrx_word' id='word_1_13' title='bbox 1031 255 1180 297; x_wconf 79' lang='lat' dir='ltr'>graves</span> <span class='ocrx_word' id='word_1_14' title='bbox 1223 240 1434 291; x_wconf 85' lang='lat' dir='ltr'>civitates,</span> <span class='ocrx_word' id='word_1_15' title='bbox 1473 249 1563 283; x_wconf 85' lang='lat' dir='ltr'>tota</span> 
     </span>
     <span class='ocr_line' id='line_1_3' title="bbox 131 298 1561 355; baseline -0.001 -14"><span class='ocrx_word' id='word_1_16' title='bbox 131 301 315 355; x_wconf 85' lang='lat' dir='ltr'>denique</span> <span class='ocrx_word' id='word_1_17' title='bbox 338 299 484 340; x_wconf 82' lang='lat' dir='ltr'>Sicilia</span> <span class='ocrx_word' id='word_1_18' title='bbox 514 299 606 355; x_wconf 88' lang='lat' dir='ltr'>plus</span> <span class='ocrx_word' id='word_1_19' title='bbox 629 300 898 340; x_wconf 80' lang='lat' dir='ltr'>auctoritatis</span> <span class='ocrx_word' id='word_1_20' title='bbox 928 299 1041 353; x_wconf 84' lang='lat' dir='ltr'>apud</span> <span class='ocrx_word' id='word_1_21' title='bbox 1067 313 1140 338; x_wconf 88' lang='lat' dir='ltr'>vos</span> <span class='ocrx_word' id='word_1_22' title='bbox 1162 298 1354 348; x_wconf 85' lang='lat' dir='ltr'>haberet,</span> <span class='ocrx_word' id='word_1_23' title='bbox 1377 312 1473 338; x_wconf 90' lang='lat' dir='ltr'>cum</span> <span class='ocrx_word' id='word_1_24' title='bbox 1498 299 1561 339; x_wconf 76' lang='lat' dir='ltr'>vi-</span> 
     </span>
     <span class='ocr_line' id='line_1_4' title="bbox 130 354 1559 412; baseline -0.003 -14"><span class='ocrx_word' id='word_1_25' title='bbox 130 357 301 408; x_wconf 89' lang='lat' dir='ltr'>deretis,</span> <span class='ocrx_word' id='word_1_26' title='bbox 321 355 437 396; x_wconf 85' lang='lat' dir='ltr'>nulla</span> <span class='ocrx_word' id='word_1_27' title='bbox 460 356 500 396; x_wconf 86' lang='lat' dir='ltr'>vi</span> <span class='ocrx_word' id='word_1_28' title='bbox 532 356 719 407; x_wconf 88' lang='lat' dir='ltr'>retineri,</span> <span class='ocrx_word' id='word_1_29' title='bbox 742 356 857 397; x_wconf 90' lang='lat' dir='ltr'>nullo</span> <span class='ocrx_word' id='word_1_30' title='bbox 890 355 1078 412; x_wconf 85' lang='lat' dir='ltr'>periculo</span> <span class='ocrx_word' id='word_1_31' title='bbox 1111 354 1329 410; x_wconf 82' lang='lat' dir='ltr'>prohiberi</span> <span class='ocrx_word' id='word_1_32' title='bbox 1353 355 1559 409; x_wconf 83' lang='lat' dir='ltr'>potuisse,</span> 
     </span>
     <span class='ocr_line' id='line_1_5' title="bbox 129 411 1560 468; baseline -0.003 -14"><span class='ocrx_word' id='word_1_33' title='bbox 129 429 216 468; x_wconf 91' lang='lat' dir='ltr'>quo</span> <span class='ocrx_word' id='word_1_34' title='bbox 238 414 378 454; x_wconf 87' lang='lat' dir='ltr'>minus</span> <span class='ocrx_word' id='word_1_35' title='bbox 406 414 717 464; x_wconf 79' lang='lat' dir='ltr'>experirentur,</span> <span class='ocrx_word' id='word_1_36' title='bbox 746 414 899 468; x_wconf 86' lang='lat' dir='ltr'>ecquid</span> <span class='ocrx_word' id='word_1_37' title='bbox 931 412 1044 468; x_wconf 88' lang='lat' dir='ltr'>apud</span> <span class='ocrx_word' id='word_1_38' title='bbox 1076 427 1150 452; x_wconf 78' lang='lat' dir='ltr'>vos</span> <span class='ocrx_word' id='word_1_39' title='bbox 1183 411 1462 466; x_wconf 88' lang='lat' dir='ltr'>querimoniae</span> <span class='ocrx_word' id='word_1_40' title='bbox 1488 426 1560 451; x_wconf 84' lang='lat' dir='ltr'>va-</span> 
     </span>
     <span class='ocr_line' id='line_1_6' title="bbox 129 467 1617 524; baseline -0.003 -13"><span class='ocrx_word' id='word_1_41' title='bbox 129 468 264 511; x_wconf 82' lang='lat' dir='ltr'>lerent</span> <span class='ocrx_word' id='word_1_42' title='bbox 285 469 680 524; x_wconf 84' lang='lat' dir='ltr'>antiquissimorum</span> <span class='ocrx_word' id='word_1_43' title='bbox 700 470 1127 524; x_wconf 87' lang='lat' dir='ltr'>fidelissimorumque</span> <span class='ocrx_word' id='word_1_44' title='bbox 1145 469 1375 509; x_wconf 87' lang='lat' dir='ltr'>sociorum.</span> <span class='ocrx_word' id='word_1_45' title='bbox 1428 467 1556 519; x_wconf 85' lang='lat' dir='ltr'>Nam,</span> <span class='ocrx_word' id='word_1_46' title='bbox 1571 473 1617 507; x_wconf 87' lang='lat'>15</span> 
     </span>
     <span class='ocr_line' id='line_1_7' title="bbox 128 524 1558 582; baseline -0.002 -15"><span class='ocrx_word' id='word_1_47' title='bbox 128 527 243 582; x_wconf 93' lang='lat' dir='ltr'>quod</span> <span class='ocrx_word' id='word_1_48' title='bbox 267 527 446 567; x_wconf 87' lang='lat' dir='ltr'>fortasse</span> <span class='ocrx_word' id='word_1_49' title='bbox 470 542 556 567; x_wconf 89' lang='grc'><strong>11011</strong></span> <span class='ocrx_word' id='word_1_50' title='bbox 580 542 705 568; x_wconf 89' lang='lat' dir='ltr'>nemo</span> <span class='ocrx_word' id='word_1_51' title='bbox 736 536 923 567; x_wconf 84' lang='lat' dir='ltr'>vestrum</span> <span class='ocrx_word' id='word_1_52' title='bbox 947 526 1144 577; x_wconf 86' lang='lat' dir='ltr'>audierit,</span> <span class='ocrx_word' id='word_1_53' title='bbox 1168 526 1297 565; x_wconf 87' lang='lat' dir='ltr'>istum</span> <span class='ocrx_word' id='word_1_54' title='bbox 1327 540 1352 564; x_wconf 86' lang='lat' dir='ltr'>a</span> <span class='ocrx_word' id='word_1_55' title='bbox 1375 524 1558 579; x_wconf 79' lang='lat' dir='ltr'>Syracu-</span> 
     </span>
     <span class='ocr_line' id='line_1_8' title="bbox 130 581 1557 639; baseline -0.002 -15"><span class='ocrx_word' id='word_1_56' title='bbox 130 584 242 624; x_wconf 84' lang='lat' dir='ltr'>sanis</span> <span class='ocrx_word' id='word_1_57' title='bbox 262 583 432 639; x_wconf 88' lang='lat' dir='ltr'>publice</span> <span class='ocrx_word' id='word_1_58' title='bbox 450 583 632 636; x_wconf 81' lang='lat' dir='ltr'>laudari3</span> <span class='ocrx_word' id='word_1_59' title='bbox 661 585 718 635; x_wconf 87' lang='lat' dir='ltr'>id,</span> <span class='ocrx_word' id='word_1_60' title='bbox 742 584 909 625; x_wconf 86' lang='lat' dir='ltr'>tametsi</span> <span class='ocrx_word' id='word_1_61' title='bbox 935 583 1074 639; x_wconf 86' lang='lat' dir='ltr'>priore</span> <span class='ocrx_word' id='word_1_62' title='bbox 1096 583 1265 623; x_wconf 86' lang='lat' dir='ltr'>actione</span> <span class='ocrx_word' id='word_1_63' title='bbox 1287 596 1340 622; x_wconf 85' lang='lat' dir='ltr'>ex</span> <span class='ocrx_word' id='word_1_64' title='bbox 1366 581 1557 622; x_wconf 83' lang='lat' dir='ltr'>Heraclii</span> 
     </span>
     <span class='ocr_line' id='line_1_9' title="bbox 129 639 1558 697; baseline -0.001 -17"><span class='ocrx_word' id='word_1_65' title='bbox 129 640 384 695; x_wconf 85' lang='lat' dir='ltr'>Syracusani</span> <span class='ocrx_word' id='word_1_66' title='bbox 404 642 668 692; x_wconf 88' lang='lat' dir='ltr'>testimonio,</span> <span class='ocrx_word' id='word_1_67' title='bbox 685 641 927 697; x_wconf 84' lang='lat' dir='ltr'>cujusmodi</span> <span class='ocrx_word' id='word_1_68' title='bbox 951 650 1075 690; x_wconf 83' lang='lat' dir='ltr'>esset,</span> <span class='ocrx_word' id='word_1_69' title='bbox 1094 639 1380 696; x_wconf 81' lang='lat' dir='ltr'>cognovistis;</span> <span class='ocrx_word' id='word_1_70' title='bbox 1414 647 1558 679; x_wconf 85' lang='lat' dir='ltr'>tamen</span> 
     </span>
     <span class='ocr_line' id='line_1_10' title="bbox 127 695 1557 751; baseline -0.001 -14"><span class='ocrx_word' id='word_1_71' title='bbox 127 697 250 738; x_wconf 91' lang='lat' dir='ltr'>vobis</span> <span class='ocrx_word' id='word_1_72' title='bbox 279 697 362 738; x_wconf 89' lang='lat' dir='ltr'>alio</span> <span class='ocrx_word' id='word_1_73' title='bbox 384 697 495 750; x_wconf 88' lang='lat' dir='ltr'>loco,</span> <span class='ocrx_word' id='word_1_74' title='bbox 520 708 565 739; x_wconf 90' lang='lat' dir='ltr'>ut</span> <span class='ocrx_word' id='word_1_75' title='bbox 588 712 631 739; x_wconf 91' lang='lat' dir='ltr'>se</span> <span class='ocrx_word' id='word_1_76' title='bbox 665 708 757 738; x_wconf 87' lang='lat' dir='ltr'>tota</span> <span class='ocrx_word' id='word_1_77' title='bbox 788 713 852 738; x_wconf 87' lang='lat' dir='ltr'>res</span> <span class='ocrx_word' id='word_1_78' title='bbox 882 697 1054 747; x_wconf 85' lang='lat' dir='ltr'>habeat,</span> <span class='ocrx_word' id='word_1_79' title='bbox 1077 697 1191 751; x_wconf 89' lang='lat' dir='ltr'>quod</span> <span class='ocrx_word' id='word_1_80' title='bbox 1219 697 1271 737; x_wconf 89' lang='lat' dir='ltr'>ad</span> <span class='ocrx_word' id='word_1_81' title='bbox 1293 711 1386 737; x_wconf 85' lang='lat' dir='ltr'>eam</span> <span class='ocrx_word' id='word_1_82' title='bbox 1406 695 1557 736; x_wconf 78' lang='lat' dir='ltr'>civita-</span> 
     </span>
     <span class='ocr_line' id='line_1_11' title="bbox 125 752 1557 810; baseline -0.002 -15"><span class='ocrx_word' id='word_1_83' title='bbox 125 761 214 796; x_wconf 86' lang='lat' dir='ltr'>tem</span> <span class='ocrx_word' id='word_1_84' title='bbox 246 756 415 806; x_wconf 85' lang='lat' dir='ltr'>attinet,</span> <span class='ocrx_word' id='word_1_85' title='bbox 443 756 819 796; x_wconf 82' lang='lat' dir='ltr'>demonstrabitur.</span> <span class='ocrx_word' id='word_1_86' title='bbox 880 754 1139 810; x_wconf 87' lang='lat' dir='ltr'>Intelligetis</span> <span class='ocrx_word' id='word_1_87' title='bbox 1169 755 1298 803; x_wconf 82' lang='lat' dir='ltr'>enim,</span> <span class='ocrx_word' id='word_1_88' title='bbox 1331 752 1456 792; x_wconf 86' lang='lat' dir='ltr'>nullis</span> <span class='ocrx_word' id='word_1_89' title='bbox 1479 752 1557 792; x_wconf 87' lang='lat' dir='ltr'>ho-</span> 
     </span>
     <span class='ocr_line' id='line_1_12' title="bbox 126 809 1556 868; baseline -0.002 -16"><span class='ocrx_word' id='word_1_90' title='bbox 126 811 313 853; x_wconf 88' lang='lat' dir='ltr'>minibus</span> <span class='ocrx_word' id='word_1_91' title='bbox 332 827 592 868; x_wconf 87' lang='lat' dir='ltr'>quemquam</span> <span class='ocrx_word' id='word_1_92' title='bbox 623 820 744 852; x_wconf 88' lang='lat' dir='ltr'>tanto</span> <span class='ocrx_word' id='word_1_93' title='bbox 775 812 890 862; x_wconf 87' lang='lat' dir='ltr'>odio,</span> <span class='ocrx_word' id='word_1_94' title='bbox 913 821 1074 865; x_wconf 88' lang='lat' dir='ltr'>quanto</span> <span class='ocrx_word' id='word_1_95' title='bbox 1109 811 1240 851; x_wconf 89' lang='lat' dir='ltr'>istum</span> <span class='ocrx_word' id='word_1_96' title='bbox 1262 809 1556 866; x_wconf 75' lang='lat' dir='ltr'>Syracusanis,</span> 
     </span>
     <span class='ocr_line' id='line_1_13' title="bbox 125 869 524 921; baseline 0.005 -12"><span class='ocrx_word' id='word_1_97' title='bbox 125 876 170 909; x_wconf 88' lang='lat' dir='ltr'>et</span> <span class='ocrx_word' id='word_1_98' title='bbox 191 883 296 921; x_wconf 88' lang='lat' dir='ltr'>esse,</span> <span class='ocrx_word' id='word_1_99' title='bbox 315 880 358 910; x_wconf 87' lang='lat' dir='ltr'>et</span> <span class='ocrx_word' id='word_1_100' title='bbox 379 869 524 911; x_wconf 88' lang='lat' dir='ltr'>fuisse.</span> 
     </span>
    </p>

    <p class='ocr_par' dir='ltr' id='par_1_3' title="bbox 121 916 1686 2124">
     <span class='ocr_line' id='line_1_14' title="bbox 181 916 1601 981; baseline -0.002 -15"><span class='ocrx_word' id='word_1_101' title='bbox 181 925 242 966; x_wconf 89' lang='lat' dir='ltr'>At</span> <span class='ocrx_word' id='word_1_102' title='bbox 272 927 385 967; x_wconf 89' lang='lat' dir='ltr'>enim</span> <span class='ocrx_word' id='word_1_103' title='bbox 415 927 545 968; x_wconf 85' lang='lat' dir='ltr'>istum</span> <span class='ocrx_word' id='word_1_104' title='bbox 570 925 647 966; x_wconf 85' lang='lat' dir='ltr'>soli</span> <span class='ocrx_word' id='word_1_105' title='bbox 674 925 806 966; x_wconf 89' lang='lat' dir='ltr'>Siculi</span> <span class='ocrx_word' id='word_1_106' title='bbox 838 934 1172 981; x_wconf 84' lang='lat' dir='ltr'>persequuntur:</span> <span class='ocrx_word' id='word_1_107' title='bbox 1204 924 1318 965; x_wconf 79' lang='lat' dir='ltr'>cives</span> <span class='ocrx_word' id='word_1_108' title='bbox 1351 916 1601 974; x_wconf 81' lang='lat' dir='ltr'>Romani,6</span> 
     </span>
     <span class='ocr_line' id='line_1_15' title="bbox 125 980 1553 1039; baseline -0.002 -16"><span class='ocrx_word' id='word_1_109' title='bbox 125 983 198 1038; x_wconf 91' lang='lat' dir='ltr'>qui</span> <span class='ocrx_word' id='word_1_110' title='bbox 222 983 265 1023; x_wconf 91' lang='lat' dir='ltr'>in</span> <span class='ocrx_word' id='word_1_111' title='bbox 288 983 434 1025; x_wconf 87' lang='lat' dir='ltr'>Sicilia</span> <span class='ocrx_word' id='word_1_112' title='bbox 456 983 744 1039; x_wconf 83' lang='lat' dir='ltr'>negotiantur,</span> <span class='ocrx_word' id='word_1_113' title='bbox 766 983 1017 1034; x_wconf 86' lang='lat' dir='ltr'>defendunt,</span> <span class='ocrx_word' id='word_1_114' title='bbox 1048 983 1251 1038; x_wconf 88' lang='lat' dir='ltr'>diligunt,</span> <span class='ocrx_word' id='word_1_115' title='bbox 1278 980 1440 1021; x_wconf 76' lang='lat' dir='ltr'>salvum</span> <span class='ocrx_word' id='word_1_116' title='bbox 1462 994 1553 1021; x_wconf 87' lang='lat' dir='ltr'>esse</span> 
     </span>
     <span class='ocr_line' id='line_1_16' title="bbox 124 1037 1554 1096; baseline -0.002 -16"><span class='ocrx_word' id='word_1_117' title='bbox 124 1040 319 1096; x_wconf 91' lang='lat' dir='ltr'>cupiunt.</span> <span class='ocrx_word' id='word_1_118' title='bbox 380 1040 588 1090; x_wconf 86' lang='lat' dir='ltr'>Primum,</span> <span class='ocrx_word' id='word_1_119' title='bbox 603 1040 635 1080; x_wconf 89' lang='lat' dir='ltr'>si</span> <span class='ocrx_word' id='word_1_120' title='bbox 660 1040 720 1080; x_wconf 89' lang='lat' dir='ltr'>ita</span> <span class='ocrx_word' id='word_1_121' title='bbox 740 1049 865 1090; x_wconf 87' lang='lat' dir='ltr'>esset,</span> <span class='ocrx_word' id='word_1_122' title='bbox 885 1049 1027 1080; x_wconf 84' lang='lat' dir='ltr'>tamen</span> <span class='ocrx_word' id='word_1_123' title='bbox 1050 1055 1125 1081; x_wconf 86' lang='lat' dir='ltr'>vos</span> <span class='ocrx_word' id='word_1_124' title='bbox 1148 1040 1191 1079; x_wconf 88' lang='lat' dir='ltr'>in</span> <span class='ocrx_word' id='word_1_125' title='bbox 1213 1038 1293 1079; x_wconf 87' lang='lat' dir='ltr'>hac</span> <span class='ocrx_word' id='word_1_126' title='bbox 1315 1037 1554 1093; x_wconf 80' lang='lat' dir='ltr'>quaestione</span> 
     </span>
     <span class='ocr_line' id='line_1_17' title="bbox 126 1096 1554 1154; baseline -0.002 -17"><span class='ocrx_word' id='word_1_127' title='bbox 126 1097 180 1138; x_wconf 88' lang='lat' dir='ltr'>de</span> <span class='ocrx_word' id='word_1_128' title='bbox 203 1097 393 1152; x_wconf 88' lang='lat' dir='ltr'>pecuniis</span> <span class='ocrx_word' id='word_1_129' title='bbox 426 1097 687 1154; x_wconf 82' lang='lat' dir='ltr'>repetundis,</span> <span class='ocrx_word' id='word_1_130' title='bbox 709 1112 805 1152; x_wconf 82' lang='lat' dir='ltr'>quae</span> <span class='ocrx_word' id='word_1_131' title='bbox 833 1097 1046 1138; x_wconf 85' lang='lat' dir='ltr'>sociorum</span> <span class='ocrx_word' id='word_1_132' title='bbox 1069 1112 1197 1137; x_wconf 87' lang='lat' dir='ltr'>causa</span> <span class='ocrx_word' id='word_1_133' title='bbox 1218 1096 1455 1136; x_wconf 89' lang='lat' dir='ltr'>constituta</span> <span class='ocrx_word' id='word_1_134' title='bbox 1474 1104 1554 1144; x_wconf 89' lang='lat' dir='ltr'>est,</span> 
     </span>
     <span class='ocr_line' id='line_1_18' title="bbox 126 1152 1555 1210; baseline -0.003 -15"><span class='ocrx_word' id='word_1_135' title='bbox 126 1153 491 1210; x_wconf 72' lang='lat' dir='ltr'>legejudicioqtie</span> <span class='ocrx_word' id='word_1_136' title='bbox 513 1154 674 1205; x_wconf 86' lang='lat' dir='ltr'>sociali,</span> <span class='ocrx_word' id='word_1_137' title='bbox 698 1155 917 1194; x_wconf 29' lang='lat' dir='ltr'>sociorum.</span> <span class='ocrx_word' id='word_1_138' title='bbox 941 1154 1230 1209; x_wconf 81' lang='lat' dir='ltr'>querimonias</span> <span class='ocrx_word' id='word_1_139' title='bbox 1259 1152 1405 1193; x_wconf 87' lang='lat' dir='ltr'>audire</span> <span class='ocrx_word' id='word_1_140' title='bbox 1426 1166 1555 1206; x_wconf 91' lang='lat' dir='ltr'>opor-</span> 
     </span>
     <span class='ocr_line' id='line_1_19' title="bbox 127 1209 1615 1267; baseline -0.003 -16"><span class='ocrx_word' id='word_1_141' title='bbox 127 1219 251 1251; x_wconf 85' lang='lat' dir='ltr'>teret.</span> <span class='ocrx_word' id='word_1_142' title='bbox 313 1212 395 1252; x_wconf 90' lang='lat' dir='ltr'>Sed</span> <span class='ocrx_word' id='word_1_143' title='bbox 429 1212 665 1267; x_wconf 83' lang='lat' dir='ltr'>intelligere</span> <span class='ocrx_word' id='word_1_144' title='bbox 696 1211 896 1266; x_wconf 87' lang='lat' dir='ltr'>potuistis</span> <span class='ocrx_word' id='word_1_145' title='bbox 928 1212 1068 1266; x_wconf 88' lang='lat' dir='ltr'>priore</span> <span class='ocrx_word' id='word_1_146' title='bbox 1100 1211 1284 1259; x_wconf 86' lang='lat' dir='ltr'>actione,</span> <span class='ocrx_word' id='word_1_147' title='bbox 1315 1210 1429 1250; x_wconf 81' lang='lat' dir='ltr'>cives</span> <span class='ocrx_word' id='word_1_148' title='bbox 1467 1209 1553 1249; x_wconf 72' lang='lat' dir='ltr'>Ro-</span> <span class='ocrx_word' id='word_1_149' title='bbox 1568 1212 1615 1247; x_wconf 89' lang='grc'>16</span> 
     </span>
     <span class='ocr_line' id='line_1_20' title="bbox 123 1266 1555 1323; baseline -0.003 -13"><span class='ocrx_word' id='word_1_150' title='bbox 123 1282 273 1310; x_wconf 84' lang='lat' dir='ltr'>manos</span> <span class='ocrx_word' id='word_1_151' title='bbox 295 1283 349 1309; x_wconf 76' lang='lat' dir='ltr'>ex</span> <span class='ocrx_word' id='word_1_152' title='bbox 384 1269 530 1310; x_wconf 83' lang='lat' dir='ltr'>Sicilia</span> <span class='ocrx_word' id='word_1_153' title='bbox 559 1268 779 1323; x_wconf 87' lang='lat' dir='ltr'>plurimos,</span> <span class='ocrx_word' id='word_1_154' title='bbox 809 1268 1149 1317; x_wconf 84' lang='lat' dir='ltr'>honestissimos,</span> <span class='ocrx_word' id='word_1_155' title='bbox 1171 1267 1373 1306; x_wconf 75' lang='lat' dir='ltr'>maximis</span> <span class='ocrx_word' id='word_1_156' title='bbox 1403 1266 1456 1306; x_wconf 85' lang='lat' dir='ltr'>de</span> <span class='ocrx_word' id='word_1_157' title='bbox 1490 1280 1555 1306; x_wconf 92' lang='lat' dir='ltr'>re-</span> 
     </span>
     <span class='ocr_line' id='line_1_21' title="bbox 125 1322 1555 1382; baseline -0.003 -16"><span class='ocrx_word' id='word_1_158' title='bbox 125 1326 220 1375; x_wconf 90' lang='lat' dir='ltr'>bus,</span> <span class='ocrx_word' id='word_1_159' title='bbox 242 1335 285 1366; x_wconf 89' lang='lat' dir='ltr'>et</span> <span class='ocrx_word' id='word_1_160' title='bbox 306 1341 409 1380; x_wconf 86' lang='lat' dir='ltr'>quas</span> <span class='ocrx_word' id='word_1_161' title='bbox 433 1326 512 1382; x_wconf 91' lang='lat' dir='ltr'>ipsi</span> <span class='ocrx_word' id='word_1_162' title='bbox 544 1325 810 1380; x_wconf 80' lang='lat' dir='ltr'>accepissent</span> <span class='ocrx_word' id='word_1_163' title='bbox 841 1325 1034 1380; x_wconf 83' lang='lat' dir='ltr'>injurias,</span> <span class='ocrx_word' id='word_1_164' title='bbox 1065 1334 1108 1364; x_wconf 90' lang='lat' dir='ltr'>et</span> <span class='ocrx_word' id='word_1_165' title='bbox 1139 1339 1243 1378; x_wconf 89' lang='lat' dir='ltr'>quas</span> <span class='ocrx_word' id='word_1_166' title='bbox 1275 1323 1433 1364; x_wconf 84' lang='lat' dir='ltr'>scirent</span> <span class='ocrx_word' id='word_1_167' title='bbox 1462 1322 1555 1363; x_wconf 88' lang='lat' dir='ltr'>aliis</span> 
     </span>
     <span class='ocr_line' id='line_1_22' title="bbox 122 1379 1557 1438; baseline -0.002 -16"><span class='ocrx_word' id='word_1_168' title='bbox 122 1396 215 1422; x_wconf 86' lang='lat' dir='ltr'>esse</span> <span class='ocrx_word' id='word_1_169' title='bbox 248 1382 397 1433; x_wconf 84' lang='lat' dir='ltr'>factas,</span> <span class='ocrx_word' id='word_1_170' title='bbox 432 1398 509 1438; x_wconf 90' lang='lat' dir='ltr'>pro</span> <span class='ocrx_word' id='word_1_171' title='bbox 546 1382 793 1423; x_wconf 89' lang='lat' dir='ltr'>testimonio</span> <span class='ocrx_word' id='word_1_172' title='bbox 821 1383 976 1422; x_wconf 85' lang='lat' dir='ltr'>dicere.</span> <span class='ocrx_word' id='word_1_173' title='bbox 1039 1381 1134 1438; x_wconf 76' lang='lat' dir='ltr'>Ego</span> <span class='ocrx_word' id='word_1_174' title='bbox 1165 1381 1262 1430; x_wconf 88' lang='grc'><strong>1100,</strong></span> <span class='ocrx_word' id='word_1_175' title='bbox 1285 1379 1400 1435; x_wconf 87' lang='lat' dir='ltr'>quod</span> <span class='ocrx_word' id='word_1_176' title='bbox 1432 1379 1557 1419; x_wconf 91' lang='lat' dir='ltr'>intel-</span> 
     </span>
     <span class='ocr_line' id='line_1_23' title="bbox 125 1436 1556 1495; baseline -0.003 -15"><span class='ocrx_word' id='word_1_177' title='bbox 125 1439 228 1495; x_wconf 84' lang='lat' dir='ltr'>ligo,</span> <span class='ocrx_word' id='word_1_178' title='bbox 243 1439 429 1495; x_wconf 86' lang='lat' dir='ltr'>judices‚</span> <span class='ocrx_word' id='word_1_179' title='bbox 452 1440 512 1480; x_wconf 88' lang='lat' dir='ltr'>sic</span> <span class='ocrx_word' id='word_1_180' title='bbox 535 1439 766 1480; x_wconf 83' lang='lat' dir='ltr'>confirmo:</span> <span class='ocrx_word' id='word_1_181' title='bbox 801 1439 948 1480; x_wconf 86' lang='lat' dir='ltr'>videor</span> <span class='ocrx_word' id='word_1_182' title='bbox 969 1438 1076 1479; x_wconf 84' lang='lat' dir='ltr'>mihi</span> <span class='ocrx_word' id='word_1_183' title='bbox 1109 1446 1280 1494; x_wconf 82' lang='lat' dir='ltr'>gratum</span> <span class='ocrx_word' id='word_1_184' title='bbox 1313 1436 1464 1477; x_wconf 84' lang='lat' dir='ltr'>fecisse</span> <span class='ocrx_word' id='word_1_185' title='bbox 1489 1436 1556 1476; x_wconf 91' lang='lat' dir='ltr'>Si-</span> 
     </span>
     <span class='ocr_line' id='line_1_24' title="bbox 122 1493 1555 1551; baseline -0.003 -14"><span class='ocrx_word' id='word_1_186' title='bbox 122 1497 244 1547; x_wconf 85' lang='lat' dir='ltr'>culis,</span> <span class='ocrx_word' id='word_1_187' title='bbox 267 1497 381 1551; x_wconf 91' lang='lat' dir='ltr'>quod</span> <span class='ocrx_word' id='word_1_188' title='bbox 412 1511 559 1537; x_wconf 90' lang='lat' dir='ltr'>eorum</span> <span class='ocrx_word' id='word_1_189' title='bbox 592 1496 768 1551; x_wconf 86' lang='lat' dir='ltr'>injurias</span> <span class='ocrx_word' id='word_1_190' title='bbox 801 1511 897 1537; x_wconf 88' lang='lat' dir='ltr'>mco</span> <span class='ocrx_word' id='word_1_191' title='bbox 929 1496 1090 1546; x_wconf 85' lang='lat' dir='ltr'>labore,</span> <span class='ocrx_word' id='word_1_192' title='bbox 1116 1494 1420 1543; x_wconf 72' lang='lat' dir='ltr'>¹2inimicitiis,</span> <span class='ocrx_word' id='word_1_193' title='bbox 1444 1493 1555 1548; x_wconf 89' lang='lat' dir='ltr'>peri-</span> 
     </span>
     <span class='ocr_line' id='line_1_25' title="bbox 121 1550 1554 1609; baseline -0.003 -15"><span class='ocrx_word' id='word_1_194' title='bbox 121 1553 220 1595; x_wconf 86' lang='lat' dir='ltr'>culo</span> <span class='ocrx_word' id='word_1_195' title='bbox 240 1554 319 1594; x_wconf 86' lang='lat' dir='ltr'>sim</span> <span class='ocrx_word' id='word_1_196' title='bbox 350 1563 611 1609; x_wconf 79' lang='lat' dir='ltr'>persecutus,</span> <span class='ocrx_word' id='word_1_197' title='bbox 644 1568 730 1594; x_wconf 90' lang='lat' dir='ltr'>non</span> <span class='ocrx_word' id='word_1_198' title='bbox 764 1554 903 1594; x_wconf 89' lang='lat' dir='ltr'>minus</span> <span class='ocrx_word' id='word_1_199' title='bbox 926 1553 1009 1593; x_wconf 91' lang='lat' dir='ltr'>hoc</span> <span class='ocrx_word' id='word_1_200' title='bbox 1032 1561 1198 1609; x_wconf 81' lang='lat' dir='ltr'>gratum</span> <span class='ocrx_word' id='word_1_201' title='bbox 1224 1566 1292 1592; x_wconf 89' lang='lat' dir='ltr'>me</span> <span class='ocrx_word' id='word_1_202' title='bbox 1314 1551 1470 1591; x_wconf 86' lang='lat' dir='ltr'>nostris</span> <span class='ocrx_word' id='word_1_203' title='bbox 1494 1550 1554 1590; x_wconf 89' lang='lat' dir='ltr'>ci-</span> 
     </span>
     <span class='ocr_line' id='line_1_26' title="bbox 123 1608 1686 1667; baseline -0.003 -16"><span class='ocrx_word' id='word_1_204' title='bbox 123 1610 246 1651; x_wconf 91' lang='lat' dir='ltr'>vibus</span> <span class='ocrx_word' id='word_1_205' title='bbox 270 1611 463 1667; x_wconf 82' lang='lat' dir='ltr'>intelligo</span> <span class='ocrx_word' id='word_1_206' title='bbox 486 1610 658 1662; x_wconf 75' lang='lat' dir='ltr'>fecisse3</span> <span class='ocrx_word' id='word_1_207' title='bbox 690 1611 762 1666; x_wconf 91' lang='lat' dir='ltr'>qui</span> <span class='ocrx_word' id='word_1_208' title='bbox 786 1611 1155 1659; x_wconf 77' lang='lat' dir='ltr'>hoc-existimant,</span> <span class='ocrx_word' id='word_1_209' title='bbox 1171 1609 1297 1664; x_wconf 84' lang='lat' dir='ltr'>juris,</span> <span class='ocrx_word' id='word_1_210' title='bbox 1328 1608 1553 1657; x_wconf 81' lang='lat' dir='ltr'>libertatis,</span> <span class='ocrx_word' id='word_1_211' title='bbox 1568 1636 1598 1665; x_wconf 84' lang='lat' dir='ltr'>p.</span> <span class='ocrx_word' id='word_1_212' title='bbox 1615 1630 1686 1659; x_wconf 79' lang='lat'>112.</span> 
     </span>
     <span class='ocr_line' id='line_1_27' title="bbox 122 1665 1594 1723; baseline -0.005 -13"><span class='ocrx_word' id='word_1_213' title='bbox 122 1682 263 1710; x_wconf 81' lang='lat' dir='ltr'>rerum</span> <span class='ocrx_word' id='word_1_214' title='bbox 288 1668 641 1723; x_wconf 86' lang='lat' dir='ltr'>fortunarumque</span> <span class='ocrx_word' id='word_1_215' title='bbox 663 1683 834 1709; x_wconf 84' lang='lat' dir='ltr'>suarum</span> <span class='ocrx_word' id='word_1_216' title='bbox 866 1668 1043 1708; x_wconf 85' lang='lat' dir='ltr'>salutem</span> <span class='ocrx_word' id='word_1_217' title='bbox 1067 1668 1109 1707; x_wconf 88' lang='lat' dir='ltr'>in</span> <span class='ocrx_word' id='word_1_218' title='bbox 1133 1666 1254 1706; x_wconf 85' lang='lat' dir='ltr'>istius</span> <span class='ocrx_word' id='word_1_219' title='bbox 1277 1665 1552 1709; x_wconf 83' lang='lat' dir='ltr'>damnatione</span> <span class='ocrx_word' id='word_1_220' title='bbox 1566 1679 1594 1699; x_wconf 79' lang='lat' dir='ltr'>a.</span> 
     </span>
     <span class='ocr_line' id='line_1_28' title="bbox 123 1723 1616 1781; baseline -0.001 -15"><span class='ocrx_word' id='word_1_221' title='bbox 123 1726 368 1766; x_wconf 83' lang='lat' dir='ltr'>consistere.</span> <span class='ocrx_word' id='word_1_222' title='bbox 430 1726 705 1781; x_wconf 81' lang='lat' dir='ltr'>Quapropter</span> <span class='ocrx_word' id='word_1_223' title='bbox 726 1726 777 1766; x_wconf 88' lang='lat' dir='ltr'>de</span> <span class='ocrx_word' id='word_1_224' title='bbox 800 1726 921 1766; x_wconf 86' lang='lat' dir='ltr'>istius</span> <span class='ocrx_word' id='word_1_225' title='bbox 945 1733 1132 1781; x_wconf 84' lang='lat' dir='ltr'>praetura</span> <span class='ocrx_word' id='word_1_226' title='bbox 1155 1723 1366 1764; x_wconf 85' lang='lat' dir='ltr'>Siciliensi</span> <span class='ocrx_word' id='word_1_227' title='bbox 1381 1737 1466 1762; x_wconf 90' lang='lat' dir='ltr'>non</span> <span class='ocrx_word' id='word_1_228' title='bbox 1490 1731 1616 1769; x_wconf 81' lang='lat' dir='ltr'>re-17‘</span> 
     </span>
     <span class='ocr_line' id='line_1_29' title="bbox 122 1779 1554 1838; baseline -0.003 -15"><span class='ocrx_word' id='word_1_229' title='bbox 122 1797 241 1833; x_wconf 87' lang='lat' dir='ltr'>cuso,</span> <span class='ocrx_word' id='word_1_230' title='bbox 261 1783 364 1838; x_wconf 90' lang='lat' dir='ltr'>quin</span> <span class='ocrx_word' id='word_1_231' title='bbox 386 1783 447 1823; x_wconf 86' lang='lat' dir='ltr'>ita</span> <span class='ocrx_word' id='word_1_232' title='bbox 469 1797 536 1823; x_wconf 87' lang='lat' dir='ltr'>me</span> <span class='ocrx_word' id='word_1_233' title='bbox 557 1782 755 1834; x_wconf 84' lang='lat' dir='ltr'>audiatis,</span> <span class='ocrx_word' id='word_1_234' title='bbox 778 1792 838 1833; x_wconf 89' lang='lat' dir='ltr'>ut,</span> <span class='ocrx_word' id='word_1_235' title='bbox 862 1783 896 1823; x_wconf 89' lang='lat' dir='ltr'>si</span> <span class='ocrx_word' id='word_1_236' title='bbox 926 1783 1127 1836; x_wconf 88' lang='lat' dir='ltr'>cuiquam</span> <span class='ocrx_word' id='word_1_237' title='bbox 1147 1780 1292 1836; x_wconf 80' lang='lat' dir='ltr'>generi</span> <span class='ocrx_word' id='word_1_238' title='bbox 1315 1779 1554 1831; x_wconf 87' lang='lat' dir='ltr'>hominum,</span> 
     </span>
     <span class='ocr_line' id='line_1_30' title="bbox 125 1836 1555 1892; baseline -0.003 -12"><span class='ocrx_word' id='word_1_239' title='bbox 125 1839 214 1880; x_wconf 87' lang='lat' dir='ltr'>sive</span> <span class='ocrx_word' id='word_1_240' title='bbox 237 1839 492 1892; x_wconf 87' lang='lat' dir='ltr'>Siculorum,</span> <span class='ocrx_word' id='word_1_241' title='bbox 516 1840 604 1880; x_wconf 81' lang='lat' dir='ltr'>sive</span> <span class='ocrx_word' id='word_1_242' title='bbox 625 1849 869 1880; x_wconf 88' lang='lat' dir='ltr'>nostrorum</span> <span class='ocrx_word' id='word_1_243' title='bbox 892 1840 1078 1890; x_wconf 76' lang='lat' dir='ltr'>civium3</span> <span class='ocrx_word' id='word_1_244' title='bbox 1110 1839 1144 1878; x_wconf 88' lang='lat' dir='ltr'>si</span> <span class='ocrx_word' id='word_1_245' title='bbox 1167 1838 1369 1892; x_wconf 87' lang='lat' dir='ltr'>cuiquam</span> <span class='ocrx_word' id='word_1_246' title='bbox 1400 1836 1555 1885; x_wconf 88' lang='lat' dir='ltr'>ordini,</span> 
     </span>
     <span class='ocr_line' id='line_1_31' title="bbox 122 1894 1557 1953; baseline -0.005 -14"><span class='ocrx_word' id='word_1_247' title='bbox 122 1896 213 1939; x_wconf 81' lang='lat' dir='ltr'>sive</span> <span class='ocrx_word' id='word_1_248' title='bbox 235 1906 464 1948; x_wconf 85' lang='lat' dir='ltr'>aratorum,</span> <span class='ocrx_word' id='word_1_249' title='bbox 488 1897 576 1937; x_wconf 88' lang='lat' dir='ltr'>sive</span> <span class='ocrx_word' id='word_1_250' title='bbox 598 1898 911 1953; x_wconf 86' lang='lat' dir='ltr'>pecuariorum,</span> <span class='ocrx_word' id='word_1_251' title='bbox 935 1897 1024 1937; x_wconf 88' lang='lat' dir='ltr'>sive</span> <span class='ocrx_word' id='word_1_252' title='bbox 1045 1904 1329 1936; x_wconf 81' lang='lat' dir='ltr'>mercatorum</span> <span class='ocrx_word' id='word_1_253' title='bbox 1349 1894 1557 1949; x_wconf 84' lang='lat' dir='ltr'>probatus</span> 
     </span>
     <span class='ocr_line' id='line_1_32' title="bbox 124 1950 1557 2007; baseline -0.004 -12"><span class='ocrx_word' id='word_1_254' title='bbox 124 1954 201 2006; x_wconf 80' lang='lat' dir='ltr'>sit3</span> <span class='ocrx_word' id='word_1_255' title='bbox 225 1955 259 1995; x_wconf 93' lang='lat' dir='ltr'>si</span> <span class='ocrx_word' id='word_1_256' title='bbox 282 1969 365 1995; x_wconf 90' lang='lat' dir='ltr'>non</span> <span class='ocrx_word' id='word_1_257' title='bbox 387 1954 539 1995; x_wconf 86' lang='lat' dir='ltr'>horum</span> <span class='ocrx_word' id='word_1_258' title='bbox 562 1955 755 1995; x_wconf 77' lang='lat' dir='ltr'>omniun]</span> <span class='ocrx_word' id='word_1_259' title='bbox 778 1954 1018 1995; x_wconf 87' lang='lat' dir='ltr'>communis</span> <span class='ocrx_word' id='word_1_260' title='bbox 1037 1952 1187 2002; x_wconf 86' lang='lat' dir='ltr'>hostis,</span> <span class='ocrx_word' id='word_1_261' title='bbox 1210 1951 1443 2007; x_wconf 85' lang='lat' dir='ltr'>praedoque</span> <span class='ocrx_word' id='word_1_262' title='bbox 1467 1950 1557 1990; x_wconf 86' lang='lat' dir='ltr'>fue·</span> 
     </span>
     <span class='ocr_line' id='line_1_33' title="bbox 124 2007 1558 2067; baseline -0.004 -15"><span class='ocrx_word' id='word_1_263' title='bbox 124 2011 205 2063; x_wconf 87' lang='lat' dir='ltr'>rit;</span> <span class='ocrx_word' id='word_1_264' title='bbox 237 2012 270 2053; x_wconf 92' lang='lat' dir='ltr'>si</span> <span class='ocrx_word' id='word_1_265' title='bbox 302 2013 503 2067; x_wconf 87' lang='lat' dir='ltr'>cuiquam</span> <span class='ocrx_word' id='word_1_266' title='bbox 534 2011 718 2067; x_wconf 89' lang='lat' dir='ltr'>denique</span> <span class='ocrx_word' id='word_1_267' title='bbox 751 2012 833 2052; x_wconf 89' lang='lat' dir='ltr'>ulla</span> <span class='ocrx_word' id='word_1_268' title='bbox 864 2012 907 2052; x_wconf 92' lang='lat' dir='ltr'>in</span> <span class='ocrx_word' id='word_1_269' title='bbox 937 2025 980 2051; x_wconf 88' lang='lat' dir='ltr'>re</span> <span class='ocrx_word' id='word_1_270' title='bbox 1002 2024 1206 2064; x_wconf 87' lang='lat' dir='ltr'>umquam</span> <span class='ocrx_word' id='word_1_271' title='bbox 1229 2007 1558 2064; x_wconf 80' lang='lat' dir='ltr'>temperaverit3</span> 
     </span>
     <span class='ocr_line' id='line_1_34' title="bbox 125 2069 804 2124; baseline 0 -15"><span class='ocrx_word' id='word_1_272' title='bbox 125 2078 173 2109; x_wconf 93' lang='lat' dir='ltr'>ut</span> <span class='ocrx_word' id='word_1_273' title='bbox 197 2084 270 2109; x_wconf 89' lang='lat' dir='ltr'>vos</span> <span class='ocrx_word' id='word_1_274' title='bbox 292 2084 463 2124; x_wconf 87' lang='lat' dir='ltr'>quoque</span> <span class='ocrx_word' id='word_1_275' title='bbox 481 2069 519 2109; x_wconf 89' lang='grc'>01</span> <span class='ocrx_word' id='word_1_276' title='bbox 543 2069 804 2124; x_wconf 88' lang='lat' dir='ltr'>temperetis.</span> 
     </span>
    </p>

    <p class='ocr_par' dir='ltr' id='par_1_4' title="bbox 123 2121 1618 2697">
     <span class='ocr_line' id='line_1_35' title="bbox 183 2121 1558 2182; baseline -0.004 -16"><span class='ocrx_word' id='word_1_277' title='bbox 183 2126 271 2173; x_wconf 82' lang='lat' dir='ltr'>Qui</span> <span class='ocrx_word' id='word_1_278' title='bbox 295 2126 420 2166; x_wconf 88' lang='lat' dir='ltr'>simul</span> <span class='ocrx_word' id='word_1_279' title='bbox 450 2136 578 2181; x_wconf 87' lang='lat' dir='ltr'>atque</span> <span class='ocrx_word' id='word_1_280' title='bbox 610 2127 648 2166; x_wconf 87' lang='lat' dir='ltr'>ei</span> <span class='ocrx_word' id='word_1_281' title='bbox 680 2134 793 2167; x_wconf 82' lang='lat' dir='ltr'>sorte</span> <span class='ocrx_word' id='word_1_282' title='bbox 823 2124 1048 2182; x_wconf 86' lang='lat' dir='ltr'>provincia</span> <span class='ocrx_word' id='word_1_283' title='bbox 1072 2122 1219 2164; x_wconf 87' lang='lat' dir='ltr'>Sicilia</span> <span class='ocrx_word' id='word_1_284' title='bbox 1249 2121 1441 2171; x_wconf 70' lang='lat' dir='ltr'>obvenit,</span> <span class='ocrx_word' id='word_1_285' title='bbox 1473 2129 1558 2161; x_wconf 83' lang='lat' dir='ltr'>sta-</span> 
     </span>
     <span class='ocr_line' id='line_1_36' title="bbox 125 2181 1558 2238; baseline -0.004 -14"><span class='ocrx_word' id='word_1_286' title='bbox 125 2183 205 2223; x_wconf 87' lang='lat' dir='ltr'>tim</span> <span class='ocrx_word' id='word_1_287' title='bbox 229 2183 398 2234; x_wconf 84' lang='lat' dir='ltr'>Romae,</span> <span class='ocrx_word' id='word_1_288' title='bbox 414 2192 457 2224; x_wconf 92' lang='lat' dir='ltr'>et</span> <span class='ocrx_word' id='word_1_289' title='bbox 479 2184 532 2224; x_wconf 89' lang='lat' dir='ltr'>ad</span> <span class='ocrx_word' id='word_1_290' title='bbox 554 2184 719 2234; x_wconf 89' lang='lat' dir='ltr'>urbem,</span> <span class='ocrx_word' id='word_1_291' title='bbox 742 2192 970 2238; x_wconf 86' lang='lat' dir='ltr'>antequam</span> <span class='ocrx_word' id='word_1_292' title='bbox 993 2181 1350 2238; x_wconf 87' lang='lat' dir='ltr'>proficisceretur,</span> <span class='ocrx_word' id='word_1_293' title='bbox 1367 2192 1558 2234; x_wconf 76' lang='lat' dir='ltr'>quaerere</span> 
     </span>
     <span class='ocr_line' id='line_1_37' title="bbox 123 2235 1557 2296; baseline -0.003 -15"><span class='ocrx_word' id='word_1_294' title='bbox 123 2241 216 2296; x_wconf 90' lang='lat' dir='ltr'>ipse</span> <span class='ocrx_word' id='word_1_295' title='bbox 239 2255 396 2291; x_wconf 85' lang='lat' dir='ltr'>secum,</span> <span class='ocrx_word' id='word_1_296' title='bbox 419 2249 462 2281; x_wconf 92' lang='lat' dir='ltr'>et</span> <span class='ocrx_word' id='word_1_297' title='bbox 483 2241 647 2296; x_wconf 84' lang='lat' dir='ltr'>agitare</span> <span class='ocrx_word' id='word_1_298' title='bbox 670 2255 769 2281; x_wconf 89' lang='lat' dir='ltr'>cum</span> <span class='ocrx_word' id='word_1_299' title='bbox 792 2241 876 2280; x_wconf 85' lang='lat' dir='ltr'>suis</span> <span class='ocrx_word' id='word_1_300' title='bbox 899 2240 1052 2295; x_wconf 83' lang='lat' dir='ltr'>coepit,</span> <span class='ocrx_word' id='word_1_301' title='bbox 1075 2238 1332 2294; x_wconf 85' lang='lat' dir='ltr'>quibusnam</span> <span class='ocrx_word' id='word_1_302' title='bbox 1365 2237 1489 2276; x_wconf 89' lang='lat' dir='ltr'>rebus</span> <span class='ocrx_word' id='word_1_303' title='bbox 1514 2235 1557 2276; x_wconf 89' lang='lat' dir='ltr'>in</span> 
     </span>
     <span class='ocr_line' id='line_1_38' title="bbox 124 2294 1556 2354; baseline -0.004 -16"><span class='ocrx_word' id='word_1_304' title='bbox 124 2312 176 2338; x_wconf 87' lang='lat' dir='ltr'>ea</span> <span class='ocrx_word' id='word_1_305' title='bbox 204 2298 425 2354; x_wconf 83' lang='lat' dir='ltr'>provincia</span> <span class='ocrx_word' id='word_1_306' title='bbox 452 2298 687 2338; x_wconf 86' lang='lat' dir='ltr'>maximam</span> <span class='ocrx_word' id='word_1_307' title='bbox 722 2312 807 2338; x_wconf 91' lang='lat' dir='ltr'>uno</span> <span class='ocrx_word' id='word_1_308' title='bbox 836 2312 949 2337; x_wconf 85' lang='lat' dir='ltr'>anno</span> <span class='ocrx_word' id='word_1_309' title='bbox 971 2295 1197 2352; x_wconf 88' lang='lat' dir='ltr'>pecuniam</span> <span class='ocrx_word' id='word_1_310' title='bbox 1227 2294 1367 2334; x_wconf 87' lang='lat' dir='ltr'>facere</span> <span class='ocrx_word' id='word_1_311' title='bbox 1399 2302 1556 2348; x_wconf 82' lang='lat' dir='ltr'>posset.</span> 
     </span>
     <span class='ocr_line' id='line_1_39' title="bbox 127 2351 1556 2410; baseline -0.006 -14"><span class='ocrx_word' id='word_1_312' title='bbox 127 2355 314 2396; x_wconf 89' lang='lat' dir='ltr'>Nolebat</span> <span class='ocrx_word' id='word_1_313' title='bbox 336 2355 379 2395; x_wconf 90' lang='lat' dir='ltr'>in</span> <span class='ocrx_word' id='word_1_314' title='bbox 398 2355 566 2410; x_wconf 88' lang='lat' dir='ltr'>agendo</span> <span class='ocrx_word' id='word_1_315' title='bbox 582 2355 744 2395; x_wconf 89' lang='lat' dir='ltr'>discere</span> <span class='ocrx_word' id='word_1_316' title='bbox 762 2354 950 2408; x_wconf 81' lang='lat' dir='ltr'>(tametsi</span> <span class='ocrx_word' id='word_1_317' title='bbox 969 2368 1054 2394; x_wconf 90' lang='lat' dir='ltr'>non</span> <span class='ocrx_word' id='word_1_318' title='bbox 1076 2351 1309 2408; x_wconf 76' lang='lat' dir='ltr'>provinciae</span> <span class='ocrx_word' id='word_1_319' title='bbox 1334 2351 1449 2390; x_wconf 89' lang='lat' dir='ltr'>rudis</span> <span class='ocrx_word' id='word_1_320' title='bbox 1465 2359 1556 2390; x_wconf 87' lang='lat' dir='ltr'>erat</span> 
     </span>
     <span class='ocr_line' id='line_1_40' title="bbox 124 2407 1556 2467; baseline -0.005 -15"><span class='ocrx_word' id='word_1_321' title='bbox 124 2420 168 2452; x_wconf 85' lang='lat' dir='ltr'>et</span> <span class='ocrx_word' id='word_1_322' title='bbox 190 2412 290 2463; x_wconf 89' lang='lat' dir='ltr'>tiro)</span> <span class='ocrx_word' id='word_1_323' title='bbox 321 2412 394 2453; x_wconf 90' lang='lat' dir='ltr'>sed</span> <span class='ocrx_word' id='word_1_324' title='bbox 417 2412 460 2452; x_wconf 86' lang='lat' dir='ltr'>in</span> <span class='ocrx_word' id='word_1_325' title='bbox 500 2411 689 2454; x_wconf 83' lang='lat' dir='ltr'>Siciliam</span> <span class='ocrx_word' id='word_1_326' title='bbox 725 2420 896 2467; x_wconf 87' lang='lat' dir='ltr'>paratus</span> <span class='ocrx_word' id='word_1_327' title='bbox 928 2410 980 2451; x_wconf 87' lang='lat' dir='ltr'>ad</span> <span class='ocrx_word' id='word_1_328' title='bbox 1013 2410 1202 2465; x_wconf 81' lang='lat' dir='ltr'>praedam</span> <span class='ocrx_word' id='word_1_329' title='bbox 1241 2407 1556 2461; x_wconf 79' lang='lat' dir='ltr'>meditatusque</span> 
     </span>
     <span class='ocr_line' id='line_1_41' title="bbox 127 2464 1618 2525; baseline -0.005 -15"><span class='ocrx_word' id='word_1_330' title='bbox 127 2469 271 2510; x_wconf 88' lang='lat' dir='ltr'>venire</span> <span class='ocrx_word' id='word_1_331' title='bbox 293 2469 509 2524; x_wconf 85' lang='lat' dir='ltr'>cupiebat.</span> <span class='ocrx_word' id='word_1_332' title='bbox 570 2469 610 2510; x_wconf 87' lang='lat' dir='ltr'>O</span> <span class='ocrx_word' id='word_1_333' title='bbox 644 2469 846 2525; x_wconf 86' lang='lat' dir='ltr'>praeclare</span> <span class='ocrx_word' id='word_1_334' title='bbox 876 2468 1121 2523; x_wconf 83' lang='lat' dir='ltr'>conjectum</span> <span class='ocrx_word' id='word_1_335' title='bbox 1144 2482 1169 2506; x_wconf 82' lang='lat' dir='ltr'>a</span> <span class='ocrx_word' id='word_1_336' title='bbox 1197 2465 1327 2520; x_wconf 72' lang='lat' dir='ltr'>vulgo</span> <span class='ocrx_word' id='word_1_337' title='bbox 1364 2464 1406 2504; x_wconf 90' lang='lat' dir='ltr'>in</span> <span class='ocrx_word' id='word_1_338' title='bbox 1442 2464 1555 2504; x_wconf 80' lang='lat' dir='ltr'>illam</span> <span class='ocrx_word' id='word_1_339' title='bbox 1572 2476 1618 2508; x_wconf 79' lang='lat'>18</span> 
     </span>
     <span class='ocr_line' id='line_1_42' title="bbox 126 2523 1556 2582; baseline -0.006 -15"><span class='ocrx_word' id='word_1_340' title='bbox 126 2527 392 2582; x_wconf 83' lang='lat' dir='ltr'>provinciam</span> <span class='ocrx_word' id='word_1_341' title='bbox 416 2542 539 2568; x_wconf 84' lang='lat' dir='ltr'>omen</span> <span class='ocrx_word' id='word_1_342' title='bbox 563 2526 804 2567; x_wconf 88' lang='lat' dir='ltr'>communis</span> <span class='ocrx_word' id='word_1_343' title='bbox 821 2525 947 2565; x_wconf 81' lang='lat' dir='ltr'>famae</span> <span class='ocrx_word' id='word_1_344' title='bbox 969 2534 1097 2579; x_wconf 86' lang='lat' dir='ltr'>atque</span> <span class='ocrx_word' id='word_1_345' title='bbox 1120 2523 1325 2563; x_wconf 89' lang='lat' dir='ltr'>sermonis</span> <span class='ocrx_word' id='word_1_346' title='bbox 1345 2523 1351 2563; x_wconf 94' lang='lat'>!</span> <span class='ocrx_word' id='word_1_347' title='bbox 1384 2536 1482 2562; x_wconf 91' lang='lat' dir='ltr'>cum</span> <span class='ocrx_word' id='word_1_348' title='bbox 1502 2535 1556 2560; x_wconf 82' lang='lat' dir='ltr'>ex</span> 
     </span>
     <span class='ocr_line' id='line_1_43' title="bbox 126 2577 1560 2640; baseline -0.004 -17"><span class='ocrx_word' id='word_1_349' title='bbox 126 2583 299 2624; x_wconf 90' lang='lat' dir='ltr'>nomine</span> <span class='ocrx_word' id='word_1_350' title='bbox 330 2584 450 2624; x_wconf 87' lang='lat' dir='ltr'>istius</span> <span class='ocrx_word' id='word_1_351' title='bbox 483 2584 586 2639; x_wconf 86' lang='lat' dir='ltr'>quid</span> <span class='ocrx_word' id='word_1_352' title='bbox 610 2584 650 2624; x_wconf 89' lang='lat' dir='ltr'>in</span> <span class='ocrx_word' id='word_1_353' title='bbox 684 2583 907 2640; x_wconf 82' lang='lat' dir='ltr'>provincia</span> <span class='ocrx_word' id='word_1_354' title='bbox 937 2582 1127 2622; x_wconf 86' lang='lat' dir='ltr'>facturus</span> <span class='ocrx_word' id='word_1_355' title='bbox 1157 2588 1282 2630; x_wconf 83' lang='lat' dir='ltr'>esset,</span> <span class='ocrx_word' id='word_1_356' title='bbox 1304 2577 1560 2634; x_wconf 89' lang='lat' dir='ltr'>perridicule</span> 
     </span>
     <span class='ocr_line' id='line_1_44' title="bbox 126 2638 1562 2697; baseline -0.004 -17"><span class='ocrx_word' id='word_1_357' title='bbox 126 2639 323 2682; x_wconf 85' lang='lat' dir='ltr'>homines</span> <span class='ocrx_word' id='word_1_358' title='bbox 346 2642 680 2697; x_wconf 80' lang='lat' dir='ltr'>augurabantur.</span> <span class='ocrx_word' id='word_1_359' title='bbox 744 2640 915 2681; x_wconf 86' lang='lat' dir='ltr'>Etenim</span> <span class='ocrx_word' id='word_1_360' title='bbox 947 2639 1041 2694; x_wconf 90' lang='lat' dir='ltr'>quis</span> <span class='ocrx_word' id='word_1_361' title='bbox 1064 2638 1262 2678; x_wconf 90' lang='lat' dir='ltr'>dubitare</span> <span class='ocrx_word' id='word_1_362' title='bbox 1284 2644 1441 2692; x_wconf 88' lang='lat' dir='ltr'>posset,</span> <span class='ocrx_word' id='word_1_363' title='bbox 1464 2649 1562 2675; x_wconf 86' lang='lat' dir='ltr'>cum</span> 
     </span>
    </p>
   </div>
   <div class='ocr_carea' id='block_1_3' title="bbox 126 2774 1566 2906">
    <p class='ocr_par' dir='ltr' id='par_1_5' title="bbox 126 2774 1566 2906">
     <span class='ocr_line' id='line_1_45' title="bbox 171 2774 1566 2821; baseline -0.004 -11"><span class='ocrx_word' id='word_1_364' title='bbox 171 2782 209 2811; x_wconf 69' lang='lat'>1⁶2</span> <span class='ocrx_word' id='word_1_365' title='bbox 232 2781 423 2811; x_wconf 73' lang='lat' dir='ltr'>inimicitias</span> <span class='ocrx_word' id='word_1_366' title='bbox 434 2781 593 2821; x_wconf 77' lang='lat' dir='ltr'>peric-ulo]</span> <span class='ocrx_word' id='word_1_367' title='bbox 625 2781 653 2812; x_wconf 91' lang='lat' dir='ltr'><strong>A</strong></span> <span class='ocrx_word' id='word_1_368' title='bbox 669 2781 826 2811; x_wconf 85' lang='lat' dir='ltr'>Cicerone</span> <span class='ocrx_word' id='word_1_369' title='bbox 870 2789 935 2810; x_wconf 82' lang='lat' dir='ltr'>rus.</span> <span class='ocrx_word' id='word_1_370' title='bbox 980 2779 1168 2810; x_wconf 71' lang='lat' dir='ltr'>Inimicitioe</span> <span class='ocrx_word' id='word_1_371' title='bbox 1191 2777 1236 2807; x_wconf 83' lang='lat' dir='ltr'>sic</span> <span class='ocrx_word' id='word_1_372' title='bbox 1259 2777 1297 2807; x_wconf 87' lang='lat' dir='ltr'>de</span> <span class='ocrx_word' id='word_1_373' title='bbox 1311 2774 1566 2816; x_wconf 73' lang='lat' dir='ltr'>provincialibus</span> 
     </span>
     <span class='ocr_line' id='line_1_46' title="bbox 126 2817 1566 2863; baseline -0.004 -11"><span class='ocrx_word' id='word_1_374' title='bbox 126 2832 195 2856; x_wconf 78' lang='lat' dir='ltr'>esse</span> <span class='ocrx_word' id='word_1_375' title='bbox 210 2822 304 2852; x_wconf 85' lang='lat' dir='ltr'>credo</span> <span class='ocrx_word' id='word_1_376' title='bbox 326 2823 519 2860; x_wconf 72' lang='lat' dir='ltr'>inimicitiis,</span> <span class='ocrx_word' id='word_1_377' title='bbox 528 2825 687 2863; x_wconf 73' lang='lat' dir='ltr'>periculo,</span> <span class='ocrx_word' id='word_1_378' title='bbox 711 2828 748 2853; x_wconf 87' lang='lat' dir='ltr'>ut</span> <span class='ocrx_word' id='word_1_379' title='bbox 764 2823 828 2852; x_wconf 84' lang='lat' dir='ltr'>fuit</span> <span class='ocrx_word' id='word_1_380' title='bbox 870 2832 936 2851; x_wconf 80' lang='grc'><strong>11011</strong></span> <span class='ocrx_word' id='word_1_381' title='bbox 953 2821 1120 2856; x_wconf 78' lang='lat' dir='ltr'>dicuntur,</span> <span class='ocrx_word' id='word_1_382' title='bbox 1137 2829 1196 2849; x_wconf 86' lang='lat' dir='ltr'>nec</span> <span class='ocrx_word' id='word_1_383' title='bbox 1212 2820 1245 2848; x_wconf 87' lang='lat' dir='ltr'>in</span> <span class='ocrx_word' id='word_1_384' title='bbox 1260 2819 1322 2848; x_wconf 86' lang='lat' dir='ltr'>hoc</span> <span class='ocrx_word' id='word_1_385' title='bbox 1344 2822 1501 2847; x_wconf 82' lang='lat' dir='ltr'>contextu</span> <span class='ocrx_word' id='word_1_386' title='bbox 1517 2817 1566 2846; x_wconf 86' lang='lat' dir='ltr'>in-</span> 
     </span>
     <span class='ocr_line' id='line_1_47' title="bbox 130 2859 1525 2906; baseline -0.004 -11"><span class='ocrx_word' id='word_1_387' title='bbox 130 2865 163 2895; x_wconf 88' lang='lat' dir='ltr'>in</span> <span class='ocrx_word' id='word_1_388' title='bbox 178 2865 241 2896; x_wconf 76' lang='lat' dir='ltr'>Ms-</span> <span class='ocrx_word' id='word_1_389' title='bbox 257 2865 406 2905; x_wconf 70' lang='lat' dir='ltr'>anfiquo,</span> <span class='ocrx_word' id='word_1_390' title='bbox 422 2866 603 2905; x_wconf 75' lang='lat' dir='ltr'>probatque</span> <span class='ocrx_word' id='word_1_391' title='bbox 619 2866 685 2906; x_wconf 77' lang='lat' dir='ltr'>ipse</span> <span class='ocrx_word' id='word_1_392' title='bbox 708 2866 827 2896; x_wconf 81' lang='lat' dir='ltr'>Grute-</span> <span class='ocrx_word' id='word_1_393' title='bbox 870 2864 974 2903; x_wconf 71' lang='lat' dir='ltr'>telligi</span> <span class='ocrx_word' id='word_1_394' title='bbox 991 2868 1136 2904; x_wconf 78' lang='lat' dir='ltr'>possunt.</span> <span class='ocrx_word' id='word_1_395' title='bbox 1182 2861 1297 2900; x_wconf 83' lang='lat' dir='ltr'>Itaque</span> <span class='ocrx_word' id='word_1_396' title='bbox 1309 2860 1355 2890; x_wconf 85' lang='lat' dir='ltr'>sic</span> <span class='ocrx_word' id='word_1_397' title='bbox 1369 2859 1525 2900; x_wconf 75' lang='lat' dir='ltr'>rescripsi.</span> 
     </span>
    </p>
   </div>
   <div class='ocr_carea' id='block_1_4' title="bbox 827 2923 905 2958">
    <p class='ocr_par' dir='ltr' id='par_1_6' title="bbox 827 2923 905 2958">
     <span class='ocr_line' id='line_1_48' title="bbox 827 2923 905 2958; baseline 0 0"><span class='ocrx_word' id='word_1_398' title='bbox 827 2923 905 2958; x_wconf 72' lang='lat' dir='ltr'>NS</span> 
     </span>
    </p>
   </div>
  </div>
 </body>
</html>
