1907 3231
456 104 581 143 ACT.
621 105 672 142 11.
710 104 897 142 LIBER
932 105 1258 146 SECUNDUS,
1507 112 1579 150 179

150 213 279 263 atque
311 208 574 263 provinciae;
613 209 974 263 quemadmodum
1017 210 1269 265 propinquis
1312 225 1386 251 vos
1429 211 1578 251 vestris

148 263 321 318 praediis
351 265 540 305 maxime
571 266 869 318 delectamini3
902 266 962 307 sic
986 267 1145 321 populo
1171 267 1368 307 Romano
1384 266 1580 320 jucunda

147 320 446 362 suburbanitas
478 332 543 362 cst
573 323 752 378 hujusce
787 323 1037 378 provinciae.
1095 323 1194 365 Jam
1230 337 1328 363 vero
1353 323 1577 366 hominum

145 375 552 432 ip501‘um‚ju(liceS,
574 395 624 420 ea
647 381 867 436 patientia,
899 381 1049 430 virtus,
1082 380 1389 436 frugalitasque
1417 390 1495 430 est,
1528 390 1577 421 ut

146 435 342 487 proxime
383 435 435 476 ad
476 447 666 478 nostram
701 437 972 493 disciplinam
1016 438 1130 478 illam
1163 447 1363 488 veterem,
1393 452 1478 477 non
1522 437 1576 478 ad

142 487 268 541 hanc,
291 507 387 546 quae
418 508 532 533 nunc
564 494 812 545 increbruit,
838 495 1061 535 videantur
1084 494 1298 536 accedere.
1323 493 1431 534 nihil
1460 507 1576 534 cete-

142 559 287 588 rorum
310 549 447 590 simile
470 550 749 603 Graecorum3
773 551 888 592 nulla
908 551 1085 603 desidia,
1110 552 1224 592 nulla
1245 551 1438 602 luxuria3
1470 565 1573 591 con-

143 610 207 643 tra
249 619 438 646 summus
476 607 597 648 labor
634 609 676 649 in
715 608 898 664 publicis
933 609 1193 664 privatisque
1230 609 1370 660 rebus,
1406 622 1574 648 summa

143 661 418 716 parsimonia,
443 679 609 706 summa
630 666 868 721 diligentia·
930 666 1000 706 Sic
1024 681 1149 721 porro
1182 676 1352 706 nostros
1375 665 1571 706 homines

142 717 343 774 diligunt,
377 730 425 760 ut
458 721 523 762 his
554 723 653 763 solis
685 737 822 777 neque
852 722 1120 778 publicanus,
1154 737 1291 777 neque
1324 722 1570 777 negotiator

140 775 241 816 odio
272 777 341 817 sit.
395 777 733 834 Magistratuum
754 789 895 819 autem
918 789 1161 820 nostrorum
1181 779 1356 833 injurias
1379 780 1439 819 ita
1460 779 1602 826 mul-8

142 840 283 873 torum
305 834 505 886 tulerunt,
529 848 576 876 ut
597 851 830 890 numquam
853 846 951 876 ante
984 837 1066 877 hoc
1097 847 1265 892 tempus
1297 836 1349 876 ad
1372 851 1487 876 aram
1509 836 1568 876 le-

136 903 242 944 gum
264 892 597 948 praesidiumque
619 903 805 933 vestrum
825 893 998 948 publico
1019 893 1199 934 consilio
1235 896 1253 927 7
1268 893 1566 948 confugerint:

139 948 308 988 tametsi
330 959 374 989 et
397 951 414 978 8
429 950 547 991 illum
570 965 729 990 annum
762 950 1036 1006 pertulerant,
1058 951 1131 1006 qui
1164 950 1224 991 sic
1245 965 1316 991 eos
1339 950 1566 1002 afflixerat,

137 1012 186 1045 ut
207 1005 312 1046 salvi
331 1021 421 1048 esse
441 1021 527 1047 non
545 1018 733 1063 possent,
751 1008 831 1048 nisi
853 1007 904 1048 C.
921 1007 1151 1049 Marcellus
1170 1007 1289 1062 quasi
1313 1007 1455 1062 aliquo
1475 1006 1564 1048 fato
1578 1033 1607 1063 b.

137 1063 337 1114 venisset,
360 1074 407 1105 ut
430 1063 494 1103 bis
517 1079 571 1105 ex
594 1065 743 1105 eadem
766 1065 929 1105 familia
951 1065 1060 1105 salus
1093 1065 1251 1106 Siciliae
1282 1064 1564 1105 constituere-

136 1124 219 1169 tur,
233 1132 276 1159 et
290 1131 439 1175 postea
456 1120 714 1162 M.Antonii
733 1122 949 1163 infinitum
963 1122 1065 1163 illud
1081 1122 1307 1178 imperium
1331 1132 1563 1162 senserant.

135 1174 208 1216 Sic
239 1191 264 1216 a
293 1178 528 1233 majoribus
563 1180 647 1219 suis
679 1189 945 1235 acceperant,
978 1189 1097 1220 tanta
1128 1179 1276 1236 populi
1310 1178 1496 1219 Romani
1520 1179 1564 1220 iu

135 1231 301 1274 Siculos
335 1249 425 1276 esse
457 1236 680 1287 beneficia,
703 1246 752 1276 ut
779 1236 910 1276 etiam
939 1236 1115 1291 injurias
1148 1246 1390 1277 nostrorum
1424 1235 1565 1276 homi-

133 1302 237 1330 num
261 1292 529 1346 perferendas
552 1303 765 1348 putarent.
804 1293 856 1334 In
873 1295 1089 1334 neminem
1109 1293 1304 1334 civitates
1328 1302 1427 1333 ante
1447 1292 1597 1351 hunc9

135 1348 431 1390 testimonium
454 1350 625 1406 publice
656 1349 874 1391 dixerunt.
935 1350 1068 1392 Hunc
1089 1351 1272 1405 denique
1303 1350 1444 1405 ipsum
1466 1364 1562 1405 per-

134 1403 344 1457 tulissent,
367 1407 402 1447 si
424 1407 612 1447 humano
635 1408 779 1459 modo,
803 1408 837 1448 si
869 1408 1027 1448 usitato
1049 1422 1183 1458 more,
1205 1408 1238 1447 si
1261 1407 1444 1461 denique
1476 1422 1561 1448 uno

131 1460 275 1516 aliquo
299 1463 343 1503 in
366 1478 522 1519 genere
545 1474 778 1520 peccasset.
839 1465 923 1505 Sed
945 1480 1045 1506 cum
1073 1464 1258 1521 perferre
1280 1479 1366 1504 non
1387 1475 1562 1519 possent

129 1516 357 1571 luxuriem,
387 1521 697 1572 crudelitatem,
728 1522 965 1573 avaritiam,
989 1522 1253 1578 superbiam3
1285 1536 1384 1562 cum
1415 1521 1562 1563 omnia

129 1589 206 1618 Sua
235 1579 477 1630 commoda,
501 1579 617 1634 jura,
650 1579 857 1620 beneficia
889 1589 1058 1620 senatus
1090 1579 1324 1636 populique
1357 1578 1561 1630 Romani,

131 1633 256 1673 unius
287 1635 442 1676 scelere
474 1651 522 1677 ac
555 1636 732 1677 libidine
756 1637 1064 1692 perdidissent3
1104 1637 1187 1677 hoc
1211 1645 1466 1686 statuerunt,
1488 1645 1564 1676 aut

128 1688 252 1731 istius
273 1691 450 1747 injurias
473 1708 547 1749 per
568 1708 643 1734 vos
667 1693 814 1735 ulcisci
837 1703 878 1735 et
906 1694 1128 1750 persequi;
1160 1702 1248 1744 aut,
1272 1693 1306 1733 si
1338 1692 1460 1734 vobis
1494 1692 1560 1733 in-

127 1746 250 1803 digni
279 1760 423 1791 essent
440 1751 536 1802 visi,
560 1751 716 1805 quibus
746 1766 873 1807 opem
902 1752 1198 1806 auxiliumque
1225 1750 1406 1801 ferretis,
1432 1750 1559 1790 urbes

128 1817 178 1844 ac
212 1806 330 1847 sedes
371 1823 466 1849 suas
497 1808 755 1863 relinquere3
788 1809 1138 1864 quandoquidem
1173 1823 1298 1864 agros
1328 1807 1423 1862 jam
1457 1817 1556 1848 ante

128 1860 250 1903 istius
283 1864 451 1920 injuriis
484 1865 695 1922 exagitati
728 1865 1012 1921 reliquissent.
1073 1865 1174 1907 Hoc
1216 1865 1397 1908 consilio
1436 1879 1461 1904 a
1504 1863 1602 1918 L.4

128 1916 310 1961 Metello
339 1922 576 1978 legationes
620 1923 828 1964 universae
861 1924 1120 1980 petiverunt,
1153 1932 1200 1963 ut
1235 1922 1552 1978 quamprimum
1570 1942 1617 1974 10

125 1974 198 2016 isti
229 1980 496 2022 succederet:
539 1979 622 2021 hoc
655 1980 799 2021 animo
830 1981 956 2022 toties
990 1981 1104 2036 apud
1145 1988 1348 2036 patronos
1383 1979 1434 2019 de
1469 1979 1554 2019 suis

125 2033 308 2076 miseriis
336 2037 632 2093 deplorarunt:
679 2037 762 2079 hoc
784 2038 991 2079 commoti
1016 2037 1176 2087 dolore,
1204 2036 1422 2093 postulata
1452 2050 1557 2076 con-

122 2090 301 2144 sulibus,
322 2109 420 2148 quae
441 2110 528 2136 non
550 2094 779 2150 postulata,
798 2096 871 2136 sed
891 2095 936 2137 in
958 2095 1088 2136 istum
1111 2095 1290 2136 crimina
1312 2094 1557 2134 viderentur

123 2160 229 2200 esse,
251 2150 492 2193 ediderunt.
554 2152 766 2194 Fecerunt
795 2153 940 2203 etiam,
972 2162 1020 2194 ut
1040 2167 1123 2204 me,
1146 2152 1268 2206 cujus
1300 2150 1429 2191 fidem
1451 2164 1557 2191 con-⁴

123 2204 435 2264 tinentiamque
457 2219 765 2266 cognoverant,
787 2224 922 2265 prope
943 2210 995 2251 de
1013 2210 1118 2260 ⁴vitae
1141 2223 1247 2249 meae
1271 2217 1382 2248 statu
1408 2207 1556 2248 dolore

121 2275 172 2303 ac
192 2263 390 2320 lacrymis
413 2267 498 2308 suis
520 2267 793 2318 deducerent,
810 2276 858 2308 ut
874 2281 957 2323 ego
975 2267 1104 2307 istum
1125 2279 1389 2316 accusarem3
1421 2280 1445 2305 a
1467 2278 1554 2319 quo

118 2333 218 2368 ¹mea
237 2321 486 2378 longissime
507 2324 617 2365 ratio
632 2324 913 2380 voluntasque
934 2324 1215 2365 abhorrebat:
1239 2327 1258 2357 9
1273 2327 1556 2377 (quamquam

120 2375 165 2417 in
187 2378 271 2424 hac(
289 2381 571 2422 causa-multo
593 2381 734 2438 plures
756 2391 896 2438 partes
914 2381 1021 2422 mihi
1044 2380 1317 2430 defensionis,
1331 2392 1460 2434 quam
1482 2393 1554 2419 ac-

119 2436 369 2490 cusationis,
393 2439 629 2495 suscepisse
662 2439 853 2489 videon)
893 2447 1109 2495 postremo
1144 2437 1338 2478 homines
1373 2451 1427 2477 ex
1459 2444 1550 2476 tota
1565 2458 1608 2491 11

120 2493 344 2548 provincia
372 2496 629 2537 nobilissimi
659 2496 888 2553 primique,
918 2495 1092 2553 publice
1114 2495 1401 2552 privatimque
1424 2507 1551 2536 vene-

159 2663 178 2694 7
201 2660 421 2703 confugerint]
450 2662 531 2693 Edd.
552 2667 632 2694 vett.
661 2661 813 2704 confuge·
856 2668 981 2703 praetor
995 2663 1071 2702 fuit,
1087 2663 1209 2694 frustra
1230 2673 1249 2693 a
1264 2661 1410 2693 Metellis
1425 2670 1556 2692 accusa-

118 2707 200 2733 rent.
215 2702 296 2734 illud
307 2709 357 2734 est
369 2715 386 2735 e
398 2705 462 2735 Ms.
477 2705 601 2736 Nannii
616 2711 704 2737 recte
720 2717 813 2747 repo·
856 2711 921 2736 tus.
935 2705 973 2736 de
988 2710 1062 2736 tota
1077 2716 1110 2736 re
1124 2717 1152 2736 v.
1167 2711 1201 2736 et
1212 2705 1328 2735 Vellei.
1344 2704 1388 2740 ll,
1403 2707 1453 2734 31.

116 2745 228 2775 litum.
285 2747 337 2776 Sic
364 2749 549 2788 conjecerat
577 2748 716 2780 Hotom.
744 2759 811 2779 non
898 2752 918 2782 9
931 2747 1297 2788 quamquam—videor]
1316 2747 1355 2777 In
1368 2745 1555 2787 parenthesi

118 2786 241 2817 difficili
256 2787 466 2820 divinatione.
859 2790 948 2821 dicta
961 2797 1055 2822 suut:
1079 2795 1178 2831 atque
1192 2790 1236 2821 sic
1252 2789 1454 2831 interpunxi.

160 2830 179 2860 8
200 2830 297 2861 inum
321 2831 462 2882 annum]
490 2831 564 2873 Quo
593 2831 643 2865 M.
671 2832 815 2876 Lepidus

799 2904 829 2933 N
854 2897 882 2934 2
