1907 3231
279 138 356 174 306
805 134 876 172 IN
905 133 1185 172 VERREM

197 246 269 281 183
283 239 461 281 omnino
483 239 764 296 cogitassent.
826 238 1123 286 Quamobrem
1146 237 1262 277 enim
1283 236 1426 278 scriba
1444 235 1646 287 deducat,
1667 249 1720 277 ac

282 312 371 339 non
394 297 541 353 potius
572 296 720 347 mulio,
751 295 827 351 qui
852 295 1056 335 advexit?
1090 293 1350 345 tabellarius,
1384 294 1508 349 cujus
1531 294 1720 334 adventu

283 358 323 386 85
337 354 541 396 certiores
557 353 660 394 facti
683 353 951 409 [petiverunt
966 351 999 404 ?]
1022 366 1182 407 praeco,
1203 351 1277 407 qui
1307 352 1423 392 adire
1440 351 1601 407 jussit?
1631 351 1721 392 via·-

283 421 367 464 tor,
397 427 447 452 ac
477 411 702 460 Venerius,
738 409 811 464 qui
844 408 996 450 fiscum
1038 409 1238 451 sustulit?
1293 409 1406 455 Quae
1448 423 1545 465 pars
1577 421 1723 463 operae

284 478 360 510 aut
385 467 726 525 opportunitatis
748 466 794 506 in
816 465 957 506 scriba
977 468 1072 506 est?
1104 480 1180 507 cur
1211 466 1250 506 ei
1283 481 1368 507 non
1402 466 1533 507 modo
1559 478 1723 506 merces

284 533 409 567 tanta
437 527 576 575 detur,
608 524 780 564 sedeur
801 536 902 563 cum
932 536 983 562 eo
1022 531 1157 564 tantae
1193 523 1389 579 pecuniae
1423 523 1600 579 partitio
1623 521 1725 563 fiat?

288 583 409 625 Ordo
431 591 497 623 est
528 581 750 621 honestus.
814 580 925 626 Quis
946 582 1102 635 negat?
1133 589 1207 620 aut
1235 580 1339 635 quid
1360 594 1412 621 ea
1442 595 1505 622 res
1536 581 1590 622 ad
1611 580 1726 621 hanc

288 654 379 682 rem
412 639 633 696 pertinet?
666 636 745 677 Est
775 651 879 678 vero
911 636 1131 688 honestus,
1167 637 1283 692 quod
1315 651 1464 678 eorum
1499 637 1728 679 hominum

289 697 390 738 fidei
415 695 573 737 tabulae
597 694 784 751 publicas
808 693 1085 750 periculaque
1098 695 1430 750 magistratuum
1443 694 1729 736 committam

291 760 376 796 tur.
438 752 592 808 Itaque
622 766 677 793 ex
708 751 775 792 his
808 751 977 803 scribis,
1007 752 1080 807 qui
1104 751 1224 807 digni
1249 760 1348 792 sunt
1369 751 1443 793 illo
1465 752 1630 803 ordine,
1652 766 1729 808 pa-

293 812 433 852 tribus
471 808 671 861 familias,
705 808 807 850 viris
838 809 964 850 bonis
999 820 1128 865 atque
1160 809 1365 860 honestis,
1398 809 1729 865 percontamini,

295 868 399 924 quid
423 867 505 909 sibi
526 867 623 908 istae
655 866 1026 922 quinquagesimae
1063 866 1213 908 velint.
1272 866 1373 908 Jam
1403 881 1552 908 omnes
1574 866 1732 908 intelli-

213 949 286 984 134
299 926 424 982 getis,
446 938 603 967 novam
622 937 709 965 rem
734 931 872 964 totam
893 932 1022 979 atque
1040 924 1264 980 indignam
1287 923 1436 965 videri.
1482 924 1552 965 Ad
1569 938 1642 965 eos
1662 937 1732 965 me

300 982 461 1024 scribas
494 996 663 1032 revoca,
687 981 721 1021 si
756 979 922 1036 placet:
956 981 1042 1021 noli
1075 981 1154 1022 hos
1190 980 1406 1037 colligere,
1437 981 1510 1036 qui
1543 981 1733 1022 numulis

299 1040 538 1096 corrogatis
560 1038 612 1079 de
636 1047 843 1094 nepotum
875 1037 1014 1088 donis,
1038 1052 1087 1078 ac
1119 1038 1172 1079 de
1194 1040 1462 1079 scenicorum
1483 1038 1733 1089 corollariis,

299 1112 400 1139 cum
422 1096 637 1138 decuriam
673 1103 884 1145 emerunt,
907 1109 961 1136 ex
992 1096 1132 1151 primo
1154 1095 1304 1136 ordine
1333 1096 1610 1152 explosorum
1639 1096 1736 1136 86in

299 1155 535 1196 secundum
559 1152 751 1193 ordinem
777 1153 965 1193 civitatis
990 1166 1032 1193 se
1052 1153 1218 1193 venisse
1240 1153 1404 1194 dicunt.
1466 1152 1552 1194 Eos
1575 1153 1738 1195 scribas

302 1221 446 1253 tecum
470 1211 780 1266 disceptatores
800 1209 929 1264 huius
949 1209 1141 1251 criminis
1157 1210 1343 1261 habebo,
1356 1210 1428 1266 qui
1449 1210 1553 1251 istos
1575 1210 1740 1252 scribas

303 1284 395 1310 esse
419 1268 596 1309 moleste
616 1267 775 1309 ferunt.
834 1266 1024 1308 Tametsi
1057 1282 1156 1308 cum
1186 1268 1228 1307 in
1262 1282 1314 1308 eo
1346 1267 1495 1308 ordine
1518 1269 1740 1310 videamus

305 1341 398 1367 esse
428 1325 587 1367 multos
625 1340 712 1366 non
743 1324 938 1375 idoneos,
959 1328 997 1358 87
1011 1325 1085 1380 qui
1119 1325 1224 1366 ordo
1243 1324 1465 1366 industriae
1492 1325 1740 1382 propositus

306 1393 372 1425 est
403 1393 447 1424 et
479 1382 714 1438 dignitati3
757 1382 1024 1429 mirabimur,
1056 1392 1200 1438 turpes
1233 1382 1398 1437 aliquos
1422 1381 1481 1423 ibi
1514 1397 1620 1434 esse,
1651 1397 1741 1438 quo

225 1434 295 1483 80
309 1443 348 1472 98
362 1441 499 1482 cuivis
518 1441 619 1480 licet
634 1440 774 1495 pretio
796 1439 1044 1494 pervenire?
1075 1438 1140 1480 Tu
1162 1453 1216 1480 ex
1240 1439 1424 1495 pecunia
1443 1440 1618 1495 publica
1640 1439 1742 1481 H-S

171 1514 206 1545 p·
230 1506 299 1538 190.
312 1498 519 1539 tredecies
540 1497 725 1538 scribam
748 1505 869 1537 tuum
894 1497 1101 1552 permissu
1117 1506 1191 1537 tuo
1205 1511 1304 1537 cum
1317 1497 1543 1538 abstulisse
1565 1497 1742 1549 fateare,

266 1556 297 1576 ³·
313 1555 521 1611 reliquam
561 1554 641 1595 tibi
682 1554 812 1594 ullam
854 1553 1149 1595 defensionem
1191 1563 1316 1610 putas
1357 1556 1476 1595 esse?
1516 1554 1601 1596 hoc
1631 1553 1743 1596 ferre

312 1627 573 1668 quemquam
608 1615 759 1667 posse?
801 1611 885 1651 hoc
913 1625 1173 1666 quemquam
1209 1611 1394 1666 denique
1422 1626 1536 1652 nunc
1570 1621 1743 1652 tuorum

308 1670 617 1711 advocatorum
641 1670 785 1709 animo
807 1682 932 1722 aequo
966 1668 1113 1709 audire
1145 1669 1375 1710 arbitrare?
1435 1669 1536 1715 Qua
1562 1670 1606 1710 in
1635 1670 1744 1710 civi-

310 1736 399 1768 tate
439 1727 490 1768 C.
524 1726 698 1776 Catoni,
741 1725 979 1766 clarissimo
1021 1726 1128 1775 viro,
1166 1725 1378 1766 consulari
1416 1725 1599 1778 homini,
1643 1726 1743 1767 H-S

310 1798 444 1826 xv111
469 1783 658 1824 millibus
687 1783 739 1823 lis
771 1782 986 1824 aestimata
1017 1783 1093 1833 sit3
1126 1783 1169 1823 in
1187 1783 1336 1824 eadem
1367 1783 1545 1824 civitate
1574 1783 1745 1840 appari-

310 1843 392 1882 tori
419 1851 493 1882 tuo
515 1855 607 1881 esse
628 1854 896 1891 concessum,
918 1849 967 1880 ut
1000 1839 1098 1881 H-s‘
1130 1854 1217 1881 uno
1248 1840 1424 1882 nomine
1442 1841 1650 1882 tredecies
1670 1855 1747 1882 au·-

226 1904 297 1940 185
312 1898 468 1940 ferret?
501 1897 620 1939 Hinc
653 1897 723 1938 ille
752 1906 817 1938 est
846 1897 1028 1938 annulus
1051 1912 1216 1949 aureus,
1249 1912 1336 1953 quo
1359 1906 1405 1938 tu
1426 1898 1555 1940 istum
1574 1898 1619 1939 in
1640 1912 1750 1940 con-

310 1957 436 1997 eione
457 1956 653 1997 donasti:
685 1970 783 2010 quae
803 1964 877 1996 tua
899 1955 1076 1996 donatio
1100 1955 1306 2012 singulari
1337 1955 1606 2012 impudentia
1636 1971 1748 2012 prae-

310 2015 415 2064 dita,
449 2028 562 2054 nova
594 2012 750 2053 Siculis
783 2013 1000 2062 omnibus,
1031 2012 1139 2053 mihi
1178 2028 1279 2054 vero
1317 2013 1449 2054 etiam
1482 2013 1746 2054 incredibilis

310 2071 551 2112 videbatur.
614 2070 740 2126 Saepe
762 2070 877 2110 enim
900 2069 1036 2111 nostri
1059 2069 1355 2126 imperatores,
1379 2071 1589 2126 superatis
1612 2070 1748 2111 hosti-

310 2130 406 2179 bus,
437 2129 601 2184 optime
636 2127 858 2184 republica
890 2136 1026 2183 gesta,
1066 2129 1227 2169 scribas
1263 2143 1363 2169 suos
1400 2128 1568 2169 annulis
1609 2128 1748 2169 aureis

310 2187 355 2226 in
390 2186 603 2228 concione
635 2185 874 2226 donarunt:
919 2194 965 2225 tu
1000 2198 1100 2225 vero
1134 2186 1290 2240 quibus
1323 2185 1450 2227 rebus
1484 2185 1631 2241 gestis,
1661 2199 1752 2240 quo

310 2244 437 2284 hoste
461 2252 677 2299 superato,
700 2242 970 2292 concionem,
993 2242 1185 2283 donandi
1213 2257 1356 2294 causa,
1391 2243 1602 2284 advocare
1623 2257 1750 2283 ausus

310 2303 383 2342 es?
416 2301 569 2356 Neque
591 2301 706 2340 enim
729 2299 867 2340 solum
889 2300 1074 2340 scribam
1096 2310 1217 2341 tuum
1240 2300 1414 2351 annulo,
1436 2301 1509 2342 sed
1530 2301 1661 2341 etiam
1685 2300 1751 2340 vi·

313 2373 406 2399 rum
429 2357 713 2413 fortissimum
735 2372 785 2398 ac
809 2357 871 2398 tui
893 2357 1242 2409 dissimillimum,
1267 2357 1324 2405 Q.
1345 2357 1577 2409 Rubrium,
1607 2356 1750 2399 excel-

355 2500 394 2529 85
419 2497 546 2538 &faeti
555 2499 727 2538 petiveram
734 2497 760 2537 t]
799 2497 903 2528 Recte
921 2498 1012 2537 judi-
1055 2508 1144 2534 eum,
1162 2508 1257 2539 quem
1273 2498 1397 2529 annulo
1419 2507 1518 2528 aureo
1541 2508 1560 2528 a
1579 2497 1680 2528 Verre
1695 2498 1752 2528 do-

313 2545 366 2570 cnt
381 2541 815 2580 Graevius,petiveruntcsse
825 2539 1011 2571 delendum.
1056 2545 1173 2571 natum
1188 2541 1268 2571 dicit
1284 2551 1312 2571 c.
1335 2543 1387 2572 80.
1431 2540 1559 2571 Deinde
1577 2541 1664 2570 forte
1686 2550 1754 2571 me-

314 2583 443 2612 nullum
460 2584 547 2612 enini
563 2592 695 2613 sensum
713 2583 810 2613 habet
833 2588 949 2622 aptum
964 2583 1013 2613 lo·
1056 2582 1119 2612 lius
1135 2584 1178 2613 sit
1191 2583 1313 2614 dicant.

313 2634 362 2655 c0.
409 2625 572 2654 certiores
588 2624 666 2656 facti
681 2630 772 2662 sunt,
796 2630 928 2665 tempus
945 2635 1013 2655 esse
1100 2628 1139 2659 87
1162 2627 1217 2665 quz'
1231 2626 1307 2656 ordo
1321 2626 1491 2656 industrio?
1499 2634 1593 2664 prop.
1605 2629 1653 2654 est
1663 2627 1694 2654 et
1705 2623 1755 2654 di·

315 2666 470 2696 mittendi
482 2667 738 2697 frumenti.1nox
748 2667 1013 2699 eteMs.Nannii
1055 2668 1195 2707 gratati]
1233 2668 1293 2698 Est
1316 2667 1512 2708 periphrasis
1540 2672 1687 2704 senatus,
1720 2675 1756 2702 ’ἢ

316 2718 391 2738 cum
408 2709 520 2738 eodem
538 2710 631 2739 adire
645 2710 767 2750 scripsi.
788 2719 864 2739 nam
888 2709 949 2741 hoc
965 2716 1015 2740 est
1058 2709 1115 2740 Or.
1132 2720 1190 2750 pro
1203 2710 1314 2740 Sextio
1327 2721 1355 2741 0.
1372 2711 1423 2741 65.

318 2752 497 2791 praeconis,
536 2751 589 2781 adr
598 2762 691 2786 ocare
728 2763 767 2783 ex
805 2752 918 2782 ordine
957 2754 1015 2783 ho·
1101 2754 1140 2782 88
1175 2753 1278 2783 cuivis
1313 2754 1386 2783 licet
1415 2752 1523 2792 pretio
1562 2749 1752 2792 pervenire]

319 2793 436 2828 mines,
452 2795 565 2823 citare.
1057 2794 1188 2834 Nempe
1201 2795 1276 2834 quia
1291 2795 1382 2826 locus
1397 2795 1486 2825 inter
1494 2794 1615 2824 scribas
1631 2793 1755 2824 emitur

362 2835 402 2865 86
423 2836 458 2864 in
473 2837 649 2867 secundum
664 2838 731 2867 ord.
748 2847 773 2867 c.
790 2848 814 2866 s.
830 2847 860 2867 υ.
885 2837 1010 2876 dicunt]
1059 2841 1150 2866 certa
1169 2837 1323 2877 pecunia:
1347 2835 1435 2878 quod
1455 2841 1535 2869 ante
1557 2835 1642 2867 dixit
1661 2836 1756 2866 decu»-

319 2876 359 2907 In
383 2878 532 2910 ordinem
561 2884 764 2919 equestrenu
802 2880 948 2920 pertinet
975 2879 1017 2910 ad
1059 2880 1148 2909 riam
1161 2889 1277 2911 emere.
