1907 3231
358 134 435 177 4³22
890 138 959 177 IN
985 134 1265 177 VERREM

361 243 605 296 devenient,
626 238 780 299 qui‘de
801 244 933 285 Verre
964 241 1223 298 supplicium
1256 243 1424 282 sumat?
1454 255 1539 282 non
1572 242 1799 284 estusita-

364 309 472 351 tum,
500 315 588 343 non
618 301 893 342 senatorium.
925 300 978 340 ad
1009 298 1217 354 populum
1248 297 1494 339 Romanum
1516 299 1799 356 confugient?

350 357 503 399 ‘facilis
532 367 597 400 est
625 373 754 399 causa
783 357 948 414 populi.
983 354 1174 410 451egem
1205 356 1319 396 enim
1348 370 1392 396 se
1425 355 1640 397 sociorum
1670 370 1800 397 causa

358 415 554 470 jussisse,
575 424 619 457 et
639 430 715 456 vos
737 415 775 455 ei
797 414 881 469 legi
904 412 1102 453 custodes
1133 427 1184 453 ac
1206 412 1396 453 vindices
1426 413 1712 470 praeposuisse
1733 413 1798 453 di-

366 480 450 513 cet.
512 473 600 514 Hic
631 472 748 512 locus
779 478 845 511 est
873 469 1007 526 igitur
1036 483 1160 519 unUS,
1183 483 1268 524 quo
1297 468 1567 525 perfugiant:
1599 470 1671 512 hic
1700 484 1801 526 por-

333 529 338 532 ’
365 538 451 580 tus,
473 529 568 571 haec
588 543 681 579 arx,
702 528 797 568 haec
819 541 891 567 ara
912 526 1155 567 sociorum:
1188 540 1273 581 quo
1293 526 1467 581 quidem
1495 542 1610 569 nunc
1630 541 1717 568 non
1739 527 1802 568 ita

354 586 640 642 -confugiunt,
661 594 709 625 ut
731 594 857 625 antea
877 584 921 624 in
943 582 1029 624 suis
1054 583 1297 639 repetendis
1327 583 1452 624 rebus
1482 585 1690 626 solebant.
1712 598 1801 625 non

322 649 354 680 b.
367 650 606 699 argentum,
643 656 730 682 non
769 655 934 692 aurum,
969 654 1056 680 non
1095 649 1273 691 vestem,
1310 654 1398 680 non
1434 642 1651 698 mancipia
1680 655 1802 698 repe-

366 709 486 742 tunt:
511 714 598 739 non
620 707 884 748 ornamenta,
906 712 1005 753 quae
1026 712 1081 738 ex
1104 697 1282 738 urbibus
1303 696 1500 753 fanisque
1520 709 1666 754 erepta
1686 707 1800 740 sunt,

363 765 564 798 metuunt
586 756 783 796 homines
812 754 1016 811 imperiti,
1046 769 1099 796 ne
1121 754 1215 810 jam
1248 754 1342 796 haee
1373 754 1554 810 populus
1578 755 1801 797 Romanus

364 814 590 864 concedat,
613 823 657 853 et
682 812 776 868 jam
805 812 895 853 fieri
926 811 1045 852 velit.
1103 814 1144 843 46
1156 811 1352 853 Patimur
1376 813 1492 852 enirn
1515 812 1610 867 jam
1643 813 1801 854 multos

355 885 515 921 -annos,
537 880 580 911 et
602 871 788 921 silemus,
811 884 909 911 cum
932 869 1166 920 videamus,
1185 870 1237 910 ad
1259 884 1419 925 paucos
1437 869 1632 910 homines
1653 885 1801 911 omnes

366 928 560 968 omnium
603 927 826 968 nationum
868 926 1070 982 pecunias
1112 927 1369 982 pervenisse.
1411 927 1526 981 quod
1571 941 1630 967 eo’
1663 928 1802 983 magis

368 985 478 1026 ferre
511 1000 634 1040 aequo
671 985 830 1035 animo,
868 994 996 1038 atque
1029 984 1264 1025 concedere
1301 984 1510 1035 videmur,
1543 983 1645 1039 quia
1675 999 1802 1026 nemo

368 1042 547 1084 istorum
571 1041 834 1093 dissimulat;
867 1055 994 1081 nemo
1015 1040 1196 1091 laborat,
1218 1050 1266 1081 ut
1283 1042 1466 1082 obscura
1495 1056 1572 1082 sua
1588 1041 1802 1098 cupiditas

283 1102 459 1141 127‘esse
488 1100 696 1141 videatur.
758 1097 808 1139 In
838 1099 943 1139 urbe
975 1106 1121 1138 nostra
1149 1098 1436 1153 pulcherrima
1465 1106 1594 1154 atque
1621 1099 1807 1140 ornatis-

367 1158 489 1207 sima,
512 1157 625 1212 quod
655 1157 842 1212 signum,
864 1170 960 1210 quae
982 1155 1129 1196 tabula
1160 1156 1277 1211 picta
1297 1165 1376 1206 est,
1396 1170 1493 1210 quae
1523 1171 1607 1196 non
1640 1157 1695 1197 ab
1725 1156 1804 1197 ho-

367 1215 504 1256 stibus
537 1214 660 1255 victis
691 1223 817 1268 capta
849 1223 978 1268 atque
1011 1221 1238 1269 apportata
1271 1212 1352 1254 sit?
1383 1212 1444 1253 At
1471 1213 1650 1254 istorum
1674 1213 1802 1264 villae,

358 1274 580 1313 sociorum
604 1271 948 1311 fidelissimorum
971 1280 1015 1310 et
1045 1270 1237 1325 plurimis
1259 1280 1302 1310 et
1332 1269 1630 1326 pulcherrimis
1657 1270 1802 1326 spoliis

366 1338 529 1370 ornatae
567 1329 820 1383 refertaeque
859 1337 971 1368 sunt.
1032 1327 1118 1369 Ubi
1157 1328 1360 1383 pecunias
1389 1336 1633 1369 exterarum
1663 1328 1804 1369 natio-

366 1401 470 1428 num
492 1400 582 1427 esse
603 1385 886 1435 arbitramini,
908 1385 1065 1440 quibus
1086 1399 1204 1425 nunc
1226 1399 1373 1425 omnes
1395 1395 1538 1440 egent,
1555 1400 1654 1426 cum
1668 1384 1804 1426 Athe-

366 1459 457 1494 naS,
490 1444 764 1499 Pergamum,
798 1442 1022 1497 Cyzicum,
1057 1441 1275 1492 Miletum,
1311 1441 1486 1493 Chium,
1518 1443 1708 1494 Samum,
1737 1452 1804 1483 to-

366 1510 456 1542 tam
479 1502 662 1555 denique
684 1500 846 1549 Asiam,
869 1499 1095 1549 Achaiam,
1121 1499 1351 1549 Graeciam‚
1372 1501 1411 1532 47
1428 1499 1618 1540 Siciliam
1642 1499 1736 1555 jam
1758 1499 1803 1540 in

366 1559 516 1615 paucis
557 1557 667 1598 villis
709 1557 891 1597 inclusas
932 1571 1023 1597 esse
1065 1556 1274 1598 videatis?
1324 1556 1409 1601 Sed
1450 1556 1559 1608 haec,
1601 1565 1650 1597 ut
1689 1556 1802 1608 dico,

368 1617 514 1657 omnia
547 1616 641 1670 jam
680 1614 785 1655 socii
818 1613 944 1654 vestri
985 1613 1229 1669 relinquunt
1266 1621 1309 1653 et
1348 1613 1591 1670 negligunt,
1617 1614 1803 1669 judices.

370 1673 438 1714 Ne
470 1673 641 1729 publice
672 1686 696 1713 a
726 1670 886 1727 populo
911 1670 1109 1711 Romano
1132 1671 1430 1726 spoliarentur,
1459 1671 1613 1711 officiis
1644 1685 1693 1712 ac
1719 1670 1803 1712 fide

367 1731 671 1787 providerunt:
704 1743 939 1785 paucorum
963 1728 1191 1784 cupiditati
1224 1737 1329 1777 tum,
1351 1742 1450 1768 cum
1479 1727 1687 1769 obsistere
1717 1742 1804 1769 non

367 1797 582 1844 poterant,
605 1796 748 1828 tamen
772 1785 965 1826 sufficere
996 1786 1139 1840 aliquo
1161 1785 1290 1826 modo
1313 1794 1536 1841 poterant:
1567 1799 1682 1826 nunc
1705 1798 1805 1826 vero

362 1847 456 1900 jam
479 1845 649 1885 ademta
669 1854 733 1884 est
753 1857 840 1883 non
870 1843 999 1883 modo
1022 1842 1259 1892 resistendi,
1282 1856 1430 1882 verum
1451 1843 1581 1883 etiam
1604 1843 1804 1899 suppedi-

369 1903 489 1943 tandi
518 1901 712 1942 facultas.
775 1899 927 1954 Itaque
959 1914 1024 1940 res
1057 1914 1153 1940 suas
1185 1899 1439 1955 negligunt:
1471 1900 1689 1955 pecunias,
1718 1914 1804 1954 quo

370 1958 778 2013 nominejudicium
800 1957 883 1998 hoc
913 1956 1165 2013 appellatur,
1187 1971 1274 1997 non
1305 1966 1526 2013 repetunt:
1559 1956 1805 2013 relinquunt

287 2025 414 2061 I‘ZSet
443 2016 684 2074 negligunt.
747 2013 846 2056 Hoc
875 2013 970 2069 jam
996 2024 1148 2055 ornatu
1187 2014 1240 2055 ad
1271 2028 1346 2054 vos
1381 2013 1656 2070 confugiunt.
1713 2013 1806 2055 Ad-

1151 2173 1192 2203 46
1221 2156 1383 2204 Patimur
1416 2183 1443 2204 e.
1469 2171 1503 2214 j.
1532 2174 1649 2204 „tultos
1685 2171 1801 2212 annos]

366 2174 518 2211 veniunt,
543 2174 682 2215 perfugii
709 2183 836 2210 caussa,
862 2173 1065 2214 supplicandi

1110 2215 1246 2245 Secutus
1268 2225 1340 2245 sum
1368 2225 1435 2251 eOS,
1463 2225 1516 2254 qui
1542 2224 1644 2245 annos
1667 2213 1803 2251 habent,

366 2226 479 2247 caussa
504 2217 561 2247 dcc.
585 2217 671 2256 quod
695 2216 728 2246 h.
748 2215 770 2246 l.
796 2216 876 2246 bene
901 2217 1066 2245 convenit.

366 2258 535 2299 Exemplis
583 2259 683 2289 etiam
723 2258 844 2288 Lexica
884 2257 1063 2288 abundant.

367 2301 469 2331 Porro
495 2302 550 2341 qui
576 2302 743 2339 eleganter
769 2309 828 2340 pro
852 2304 890 2330 m
916 2301 980 2330 ille.
1005 2310 1065 2331 nec

367 2343 519 2374 audiendi
544 2344 623 2376 Mss.
641 2343 721 2381 neg.
737 2343 797 2372 Gu.
819 2342 900 2383 quid
916 2347 964 2379 ut,
981 2343 1066 2382 quod

365 2384 488 2425 placet,
514 2390 551 2416 ut
577 2389 687 2415 cetera
711 2384 792 2423 Reg.
817 2385 891 2415 libri
918 2385 1064 2415 Graevio:

339 2452 345 2455 .
367 2437 433 2457 non
461 2432 510 2457 est
536 2427 592 2457 illa
617 2427 734 2462 forma,
760 2437 959 2466 quamquam
985 2427 1064 2457 alias

365 2469 509 2508 elegam,
526 2476 603 2510 apta
617 2469 693 2499 huic
714 2469 796 2499 loco.
839 2469 992 2507 Denique
1006 2479 1065 2499 nee

365 2516 550 2541 senatorum
581 2522 619 2541 ex
655 2510 712 2541 illo
741 2511 805 2542 Ms.
835 2521 909 2541 cum
937 2512 1066 2541 Graevio

365 2553 587 2593 probandum:
604 2553 693 2583 tollit
709 2554 798 2583 enim
814 2552 1063 2584 similitudinem

367 2596 545 2633 orationis3
568 2605 766 2635 quamquam
781 2601 814 2626 et
830 2595 892 2625 Gu.
907 2595 1016 2625 habet.

407 2640 448 2667 45
476 2639 577 2676 legem
596 2640 681 2667 enim
705 2647 738 2667 se
756 2637 830 2677 soca]
852 2636 968 2667 Addidi
988 2648 1062 2668 cum

365 2679 495 2708 Graevio
521 2690 565 2716 se,
589 2690 606 2709 e
636 2680 699 2709 Ms.
728 2679 808 2719 Reg.
837 2684 870 2709 et
895 2679 958 2708 Gu.
1002 2681 1061 2709 Su-

325 2734 329 2736 ⁷
365 2721 512 2760 spicabar
549 2721 703 2751 excidisse
740 2726 814 2761 post
836 2720 987 2761 jussisse,
1024 2729 1061 2752 ut

363 2773 449 2802 saepe
476 2763 555 2792 alias
580 2764 770 2803 absorptum
797 2774 816 2794 a
841 2763 944 2793 finali.
1001 2764 1063 2795 Sed

363 2804 463 2835 libros
486 2805 596 2845 potius
619 2811 749 2836 secutus
773 2815 865 2835 sum:
888 2806 923 2835 in
946 2807 1062 2844 quibus

363 2851 477 2876 tamen
504 2847 640 2879 fortasse
668 2853 702 2879 et
728 2848 805 2888 ipsis
833 2853 884 2879 est
910 2858 930 2880 a
955 2858 1061 2881 corre-

364 2889 486 2919 ctione.

1109 2257 1194 2296 quod
1219 2267 1285 2287 non
1319 2257 1499 2288 Lambinus
1533 2258 1658 2297 primus
1684 2256 1805 2287 delevit

1109 2310 1183 2329 cum
1197 2300 1351 2336 Grutero,
1364 2299 1419 2330 sed
1433 2300 1525 2330 abest
1540 2299 1612 2329 edd.
1626 2309 1676 2339 pr.
1701 2299 1803 2329 Primi

1109 2341 1258 2372 addidere
1291 2342 1468 2378 victorius,
1501 2342 1538 2372 P.
1571 2340 1702 2371 Manut.
1740 2339 1803 2382 (ed.

1115 2383 1216 2423 1540.)
1240 2386 1357 2414 multos
1378 2383 1583 2414 ad‘homines
1606 2383 1715 2413 referri
1735 2391 1804 2413 non

1108 2432 1229 2466 potest,
1254 2436 1328 2457 cum
1355 2436 1429 2457 mox
1455 2430 1611 2464 sequatur
1623 2434 1748 2465 paucos
1770 2427 1802 2455 Ιι.

1108 2468 1170 2499 Sed
1185 2479 1243 2508 pro
1256 2478 1329 2502 cum
1348 2469 1515 2499 videamus
1529 2467 1706 2506 legendum
1722 2472 1804 2507 puto

1109 2520 1182 2541 cum
1197 2512 1352 2541 videmus.

1149 2556 1187 2586 47
1217 2553 1366 2583 Siciliam
1384 2551 1463 2592 jam
1487 2552 1522 2581 in
1549 2561 1581 2591 p.
1607 2551 1654 2592 ιη]
1685 2551 1802 2582 Addidi

1097 2594 1189 2635 jam,
1220 2595 1294 2633 quia
1322 2604 1435 2625 omnes
1462 2593 1533 2624 edd.
1562 2599 1642 2625 vett.
1668 2593 1802 2624 habent.

1108 2638 1168 2667 Ms.
1193 2637 1255 2666 Gu.
1277 2641 1360 2673 tam,
1376 2636 1408 2666 id
1434 2637 1541 2676 ipsum
1565 2645 1632 2667 non
1655 2636 1802 2666 ahenum

1105 2680 1160 2709 sed
1175 2680 1208 2708 in
1221 2689 1258 2709 ea
1272 2688 1357 2718 saepe
1375 2683 1424 2708 est
1449 2683 1519 2708 tam
1534 2689 1592 2718 pro
1607 2677 1697 2719 jam.
1740 2677 1803 2720 Sed

1105 2722 1212 2752 fateor
1248 2721 1328 2751 mihi
1360 2726 1548 2761 suspectum
1574 2730 1642 2751 esse
1665 2725 1726 2760 pm
1753 2729 1803 2749 re-

1105 2764 1266 2804 petitione
1294 2763 1449 2792 olansulae
1475 2763 1509 2792 in
1538 2762 1698 2794 Siciliam.
1724 2769 1802 2792 nam

1105 2805 1275 2836 commode
1290 2805 1398 2835 abesse
1409 2810 1529 2844 potest.
1572 2804 1754 2836 Lambinus
1768 2808 1802 2833 et

1105 2849 1266 2881 Gruterus
1277 2847 1414 2880 omisere
1428 2848 1538 2879 tacite.
