1907 3231
466 109 591 148 ACT.
622 111 673 149 11.
717 109 904 148 LIBER
929 109 1210 151 QUINTUS.
1490 115 1567 149 423

125 213 295 269 spicite,
329 213 543 270 adspicite
577 214 764 269 judices,
796 215 1035 271 squalorem
1074 215 1304 271 sordesque
1333 216 1563 258 sociorum.

127 271 331 313 Sthenius
364 271 436 313 hie
472 270 775 313 Thermitanus
817 288 915 314 cum
957 273 1041 314 hoc
1081 272 1238 329 capillo
1271 282 1399 328 atque
1430 277 1648 333 veste‚49

126 327 256 369 domo
279 343 354 371 sua
382 338 476 369 tota
503 329 707 385 expilata,
734 331 997 372 mentionem
1033 341 1205 371 tuorum
1232 329 1445 371 furtorum
1478 345 1563 372 non

126 383 257 428 facit:
291 400 380 426 sese
402 387 543 442 ipsum
565 387 641 427 abs
665 397 708 428 te
737 388 908 444 repetit,
929 388 1037 428 nihil
1068 387 1265 444 ampliuS.
1290 397 1429 428 totum
1452 388 1566 438 enim

127 450 204 483 tua
223 442 402 483 libidine
423 452 466 484 et
498 444 653 485 scelere
682 459 735 486 ex
768 460 845 486 sua
873 446 1011 502 patria
1031 445 1095 498 (in
1117 460 1202 501 qua
1230 445 1378 486 multis
1399 445 1701 485 vi1·tuti-p-‘262·

130 499 211 539 bus
243 509 287 540 et
326 500 547 541 beneficiis
582 502 728 542 floruit
767 503 983 558 princeps)
1015 503 1238 545 sustulisti.
1299 501 1446 544 Dexio
1484 498 1611 553 hic,²¹·

128 571 257 611 quem
279 557 449 608 videtis,
472 573 558 599 non
579 573 678 614 quae
710 560 883 616 publice
903 559 1109 616 Tyndari,
1129 576 1216 602 non
1238 575 1336 616 quae
1367 560 1572 616 privatim

129 614 211 654 sibi
249 615 462 671 eripuisti,
496 616 566 656 sed
602 617 778 658 unicum
819 618 947 658 miser
988 618 1063 658 abs
1106 628 1148 659 te
1189 618 1325 660 filium
1356 617 1573 674 optimum

126 679 257 726 atque
293 672 696 715 innocentissimum
728 675 913 730 flagitat.
946 689 1034 716 non
1072 690 1126 716 ex
1161 675 1309 717 litibus
1348 675 1572 716 oestimatis

130 730 214 770 tuis
246 731 473 785 pecuniam
504 731 696 782 domum,
719 732 791 773 sed
822 746 877 772 ex
907 741 983 772 tua
1003 732 1247 773 calamitate
1277 733 1410 774 cineri
1443 741 1573 787 atque

130 787 298 827 ossibus
322 787 395 828 filii
429 788 494 829 sui
527 788 726 829 solatium
748 788 840 829 vult
870 788 1043 844 aliquod
1068 800 1300 845 reportare.
1362 789 1451 831 Hic
1483 799 1573 830 tam

129 844 303 899 grandis
333 854 438 886 natu
471 845 700 896 Eubulida,
731 845 815 886 hoc
845 855 1030 897 tantum,
1056 858 1212 888 exacta
1242 857 1384 898 aetate,
1415 847 1573 888 laboris

128 901 380 958 itinerisque
401 903 605 958 suscepit,
626 917 713 943 non
735 914 784 943 ut
814 903 973 960 aliquid
997 918 1051 945 ex
1075 905 1161 945 suis
1194 905 1317 945 bonis
1348 919 1574 960 recupera-

130 969 210 1010 ret,
242 960 314 1001 sed
346 969 407 1011 ut,
429 960 585 1016 quibus
609 959 744 1001 oculis
766 971 964 1002 cruentas
985 963 1026 992 48
1039 962 1227 1003 cervices
1259 962 1336 1003 filii
1368 962 1432 1002 sui
1457 963 1574 1004 vide-

131 1026 212 1067 rat,
233 1017 384 1058 iisdem
417 1026 459 1058 te
487 1017 823 1059 condemnatum
846 1019 1023 1062 videret.
1086 1019 1130 1060 Si
1162 1034 1238 1076 per
1270 1020 1319 1061 L.
1343 1018 1571 1060 Metellum
1589 1027 1660 1064 1⁶29

130 1074 299 1115 licitum
334 1083 458 1125 esset,
490 1075 690 1129 judices3
731 1085 888 1117 matres
918 1077 1102 1128 illorum,
1135 1092 1292 1119 uxores
1324 1092 1574 1132 sororesque

132 1131 388 1174 veniebant:
435 1146 617 1187 quarum
658 1147 758 1184 una,
796 1148 895 1174 cum
933 1148 1015 1190 ego
1057 1135 1110 1176 ad
1155 1134 1402 1177 Heracliam
1441 1144 1577 1176 noctu

131 1189 394 1241 accederem,
430 1204 529 1231 cum
562 1190 762 1231 omnibus
792 1193 999 1232 matronis
1031 1192 1124 1248 ejus
1162 1193 1365 1243 civitatis,
1399 1202 1443 1233 et
1477 1207 1577 1234 cum

131 1246 279 1288 multis
302 1246 469 1288 facibus
490 1247 597 1288 mihi
620 1248 794 1288 obviam
817 1249 949 1300 venit,
972 1258 1015 1290 et
1045 1251 1120 1301 ita,
1149 1265 1218 1291 me
1247 1265 1367 1293 suam
1397 1250 1578 1291 salutem

133 1304 368 1361 appellans,
402 1314 445 1345 te
476 1320 601 1346 suum
630 1305 877 1347 carnificem
910 1307 1153 1358 nominans,
1186 1307 1262 1349 filii
1302 1322 1461 1349 nomen
1497 1308 1578 1354 imr-

135 1362 323 1418 plorans,
356 1362 464 1403 mihi
498 1363 549 1404 ad
582 1362 709 1418 p'edes
742 1364 898 1405 misera
923 1364 1080 1420 jacuit,
1113 1366 1235 1420 quasi
1267 1380 1350 1421 ego
1388 1365 1580 1406 excitare

136 1420 273 1461 filium
311 1419 403 1475 ejus
445 1421 500 1460 ab
542 1419 689 1461 inferis
731 1435 916 1476 possem.
977 1421 1213 1463 Faciebant
1254 1423 1337 1464 hoe
1378 1423 1492 1464 idem
1534 1424 1579 1464 in

135 1478 289 1519 ceteris
311 1478 562 1518 civitatibus
583 1477 766 1534 grandes
797 1488 901 1520 natu
931 1489 1103 1532 matres,
1125 1489 1168 1521 et
1198 1481 1302 1521 item
1333 1480 1498 1537 parvuli
1528 1480 1580 1521 li-

137 1535 224 1576 beri
256 1535 534 1576 miserorum:
566 1550 750 1591 quornm
781 1545 1061 1592 utrorumque
1093 1546 1196 1579 aetas
1228 1538 1418 1579 laborem
1441 1548 1483 1578 et
1515 1538 1580 1579 in·

135 1593 344 1634 dustriam
367 1607 521 1644 meam,
543 1592 672 1634 fidem
689 1603 732 1634 et
753 1594 1090 1636 misericordiam
1111 1605 1296 1637 vestram
1319 1596 1579 1650 requirebat.

137 1649 291 1706 Itaque
324 1650 377 1691 ad
410 1665 494 1702 me,
525 1651 709 1706 judices,
738 1661 895 1707 praeter
927 1661 1089 1694 ceteras
1118 1653 1231 1695 hanc
1263 1654 1577 1709 querimoniam
1594 1659 1668 1693 130

138 1708 287 1750 Sicilia
306 1708 475 1749 detulit.
498 1708 698 1764 lacrymis
721 1724 803 1766 ego
825 1710 877 1751 ad
899 1710 998 1761 hoc,
1020 1725 1108 1752 non
1131 1711 1269 1768 gloria
1287 1711 1487 1752 inductus
1510 1726 1580 1753 ac-

137 1767 271 1808 cessi:
303 1780 358 1806 ne
380 1766 487 1807 falsa
507 1766 743 1819 damnatio,
764 1781 818 1808 ne
847 1782 1006 1819 carcer,
1027 1782 1081 1809 ne
1102 1778 1283 1820 catenae,
1315 1783 1368 1809 ne
1391 1770 1582 1819 verbera,

137 1838 193 1864 ne
213 1837 397 1875 secures,
418 1839 472 1864 ne
493 1824 708 1865 cruciatus
731 1825 960 1877 sociorum,
984 1841 1037 1867 ne
1068 1827 1240 1883 sanguis
1270 1827 1583 1878 innocentium,

137 1895 194 1922 ne
214 1880 400 1936 denique
421 1882 551 1922 etiam
572 1883 856 1939 exsanguium
881 1898 1062 1940 corpora
1083 1895 1367 1935 mortuorum,
1389 1899 1443 1925 ne
1472 1899 1584 1926 moe-

138 1953 210 1980 ror
232 1947 459 1995 parentum
481 1954 531 1979 ac
551 1941 909 1996 propinquorum,
931 1942 1255 1998 magistratibus
1284 1943 1442 1983 nostris
1465 1957 1584 1998 quae-

139 1997 225 2038 stui
249 2006 394 2053 posset
414 2010 518 2037 esse.
583 1996 818 2055 Huncego
850 1999 884 2039 si
914 2009 1076 2040 metum
1109 1999 1285 2051 Siciliae,
1307 2000 1585 2041 damnatione

140 2054 280 2105 istius,
302 2069 378 2110 per
408 2063 593 2095 vestram
625 2055 753 2096 fidem
776 2067 820 2096 et
850 2057 1121 2098 severitatem
1148 2058 1360 2113 dejecero,
1385 2057 1583 2113 judices3

139 2113 242 2153 satis
265 2112 410 2153 officio
432 2126 544 2163 meo,
567 2114 667 2153 satis
690 2113 859 2155 illorum
882 2114 1108 2167 voluntati,
1131 2116 1205 2171 qui
1228 2131 1251 2156 a
1273 2129 1341 2156 me
1368 2115 1452 2156 hoc
1475 2115 1584 2175 peti-
1596 2128 1627 2159 b.

140 2177 309 2221 verunt,
333 2169 496 2210 factum
518 2184 609 2211 esse
631 2171 887 2213 arbitrabor.

201 2228 479 2284 Quapropter
520 2228 554 2268 si
595 2242 725 2283 quem
766 2228 877 2269 forte
917 2229 1146 2280 inveneris,
1190 2230 1264 2286 qui
1305 2229 1391 2271 hoc
1432 2229 1583 2271 navale
1597 2238 1668 2288 50

140 2285 305 2327 crimen
326 2294 507 2326 conetur
535 2285 777 2337 defendere,
799 2286 834 2326 is
868 2287 929 2328 ita
960 2287 1187 2330 defendat:
1220 2287 1293 2328 illa
1320 2288 1582 2339 communia,
1598 2314 1669 2347 131

142 2358 240 2399 quae
275 2343 328 2383 ad
360 2357 533 2384 causam
570 2344 681 2384 nihil
712 2343 944 2400 pertinent,
972 2346 1307 2402 ,praeterinittat3
1338 2347 1459 2385 ¹¹9me
1495 2345 1585 2387 cul·
1656 2360 1658 2362 ·

141 2415 244 2460 pam
263 2400 448 2443 fortunae
468 2401 700 2456 assignare,
721 2400 1010 2445 calamitatem
1029 2403 1200 2444 crimini
1218 2403 1340 2444 dare:
1372 2417 1442 2443 me
1461 2403 1589 2444 amis-

143 2458 309 2501 sionem
331 2458 477 2500 classis
499 2458 716 2514 objicere3
749 2473 848 2500 cum
869 2460 996 2511 multi
1020 2460 1099 2515 viri
1131 2460 1265 2504 fortes
1294 2460 1340 2501 in
1369 2460 1591 2519 commun}

185 2629 226 2660 43
246 2629 384 2664 cervices
398 2628 471 2671 filii
494 2628 560 2668 sui]
584 2628 646 2660 Sui
663 2628 848 2670 elegantius
892 2633 1059 2660 mentem:
1091 2639 1144 2660 me
1172 2631 1277 2670 θαῖμα
1299 2629 1496 2670 fortunam,
1529 2631 1597 2662 sive

147 2670 302 2709 abfuerit.
880 2671 1065 2712 fortunam
1091 2673 1195 2713 eulpoe
1219 2673 1405 2712 assignare,
1427 2683 1487 2713 pro
1508 2673 1597 2704 dare.

136 2707 152 2716 ’
186 2711 229 2747 49
256 2713 309 2754 nee
330 2714 466 2754 culpam
482 2713 637 2754 fhrtuna’
660 2713 847 2754 assignare]
894 2714 934 2745 Ei
957 2715 1039 2745 bene
1062 2714 1239 2755 respondet
1258 2725 1352 2746 mox:
1376 2718 1508 2746 nullam
1519 2714 1599 2755 for-

147 2755 213 2786 Hic
238 2755 358 2790 vitium
377 2766 458 2793 esse,
485 2757 713 2787 consentiunt.
736 2766 851 2787 omnes
894 2761 1014 2788 tunam
1042 2756 1174 2798 objicio,-
1211 2762 1310 2797 atque
1335 2760 1436 2790 etiam
1466 2758 1599 2789 concin-

143 2802 269 2841 putant
284 2807 352 2828 esse
371 2799 407 2828 in
421 2798 552 2829 defectu
570 2799 670 2829 verbi.
718 2799 757 2829 In
773 2809 811 2829 eo
826 2799 853 2829 si
897 2799 971 2829 nius
1008 2799 1185 2839 respondet
1218 2799 1335 2832 alteri:
1372 2801 1597 2833 calamitatem

146 2844 198 2870 est
213 2839 344 2876 vitium,
360 2845 476 2881 putem
495 2842 618 2871 homini
632 2841 801 2880 excidisse,
816 2846 854 2871 ut
898 2842 1031 2873 crimini
1047 2843 1136 2873 dare.
1426 2856 1429 2858 ·

149 2882 369 2914 Hotomanno
407 2882 570 2923 placebat.
614 2883 715 2915 Venit
751 2889 785 2916 et
820 2884 856 2914 in

816 2933 939 2968 Ee4
