1907 3231
561 122 682 160 PRO
714 122 763 160 A.
799 119 1126 159 CLUENTIO.
1495 120 1567 156 531

119 226 218 281 fide,
243 241 328 286 qua
350 226 594 285 prudentia,
618 241 705 283 qua
733 226 948 283 dignitate
971 224 1115 275 fuerit,
1138 223 1385 264 meminisse
1409 228 1485 265 vos
1503 235 1570 264 ar-

119 287 268 328 bitror.
333 286 386 328 Ei
427 285 607 342 placuit,
639 295 687 326 ut
721 284 970 341 Diogenem
1004 281 1161 322 Avitus
1201 291 1361 321 emeret
1393 296 1418 322 a
1441 280 1570 328 Cleo-

119 342 301 399 phanto,
325 359 411 399 quo
436 342 604 384 facilius
627 352 702 384 aut
724 340 1164 399 comprehenderetur
1185 352 1249 378 res
1273 337 1366 392 ejus
1391 338 1568 389 indicio,

118 412 193 441 aut
212 401 318 442 falsa
340 416 431 442 esse
453 410 804 457 cognosceretur.
849 400 919 441 Ne
939 398 1108 450 multis;
1145 395 1365 452 Diogenes
1384 396 1566 438 emitur:

118 473 330 500 venenum
361 459 513 499 diebus
548 458 713 515 paucis,
747 457 892 512 (multi
927 457 1005 498 viri
1034 454 1137 496 boni
1167 467 1266 512 cum
1297 467 1351 495 ex
1393 453 1568 493 occulto

115 516 468 572 intervenissent)
494 516 764 572 pecuniaque
794 515 1040 570 obsignata,
1064 528 1161 568 quae
1185 511 1238 552 ad
1260 525 1356 552 eam
1379 525 1469 551 rem
1492 510 1568 551 (la-

114 574 256 623 batur,
287 574 331 614 in
362 575 562 615 manibus
596 574 865 624 Scamandri,
896 572 1039 623 liberti
1073 569 1388 619 Fabriciorum,
1414 568 1567 623 depre'-·

113 631 331 672 henditur.
395 632 479 673 Pro
512 632 572 673 dii
606 631 893 673 immortales!
927 628 1223 686 Oppianicum
1246 627 1476 683 quisquam
1498 626 1628 667 his43

113 689 241 729 rebus
280 690 485 746 cognitis,
522 690 868 731 circumventum
901 701 993 727 6556
1022 686 1138 727 dicet
1153 688 1172 728 Β·
1215 684 1326 730 Quis
1358 699 1562 740 umquam
1581 688 1648 743 17

115 743 348 788 audacior?
379 747 475 803 quis
507 748 764 789 nocentior?
796 745 891 801 quis
915 744 1105 800 apertior
1129 744 1170 783 in
1187 741 1407 795 judicium
1430 742 1565 783 addu-

113 813 209 845 ctus
229 808 317 846 est?
351 806 482 852 Quod
506 805 856 862 ingenium,quae
878 801 1060 842 facultas
1080 799 1271 849 dicendi,
1294 815 1390 854 quac
1416 816 1440 840 a
1458 815 1567 855 quo-

112 877 242 917 quam
263 863 517 919 excogitata
532 862 741 912 defensio,
758 861 859 901 huic
874 859 947 900 uni
967 857 1138 900 crimini
1163 857 1308 913 potuit
1330 858 1566 900 obsistere?

116 920 242 961 simul
276 931 319 961 ct
352 922 456 962 illud
491 920 586 976 quis
620 928 686 960 est
715 918 789 974 qui
816 916 1002 967 dubitet,
1025 915 1130 971 quin
1160 915 1243 955 hac
1277 929 1320 955 rc
1343 924 1568 970 comperta.

111 978 432 1034 manifestoque
461 978 741 1034 deprehensa,
777 985 851 1017 aut
873 974 1076 1016 obeunda
1101 987 1216 1014 mors
1249 971 1469 1024 Cluentio,
1493 982 1568 1014 aut

112 1035 387 1092 suscipienda
407 1036 628 1077 accusatio
651 1034 809 1075 fuerit?

173 1093 286 1134 Satis
318 1107 410 1134 esse
441 1093 627 1134 arbitror
650 1089 1211 1146 demonstratum,judiceS,
1235 1089 1285 1129 iis
1309 1087 1629 1137 criminibus49

115 1160 368 1192 accusatum
400 1166 491 1192 esse
516 1150 827 1207 Oppianicum,
851 1159 899 1190 ut
922 1149 1102 1189 honeste
1133 1147 1298 1188 absolvi
1332 1146 1450 1187 nullo
1472 1162 1567 1188 mo-
1578 1151 1610 1182 b·

115 1208 172 1249 do
193 1209 400 1264 potuerit.
463 1208 732 1266 Cognoscite
755 1222 868 1248 nunc
889 1208 950 1248 ita
972 1220 1090 1246 reum
1111 1205 1292 1246 citatum
1317 1219 1408 1245 esse
1431 1204 1567 1257 illum,

114 1276 176 1317 ut,
199 1281 243 1307 re
267 1266 396 1308 semel
430 1275 561 1323 atque
593 1267 748 1308 iterum
773 1265 1074 1322 praejudieata,
1098 1263 1412 1304 condemnatus
1437 1262 1478 1303 in
1493 1263 1570 1318 ju-

111 1323 275 1365 dicium
310 1325 488 1366 venerit.
550 1325 665 1366 Nam
699 1323 942 1373 Cluentius,
967 1321 1155 1377 judiceS,
1190 1321 1379 1377 primum
1407 1334 1569 1362 nomen

110 1381 204 1436 ejus
226 1381 396 1433 detulit,
419 1383 543 1438 cujus
566 1382 609 1423 in
633 1381 834 1423 manibus
859 1394 1073 1421 venenum
1105 1378 1462 1435 deprehenderat.
1525 1377 1569 1419 Is

111 1448 204 1480 erat
223 1439 401 1481 libertus
426 1440 741 1489 Fabriciorum,
766 1438 1044 1480 Scamander.
1069 1436 1285 1492 integrum
1310 1436 1567 1478 consilium:

103 1496 264 1552 judicii
284 1499 476 1555 corrupti
498 1497 615 1539 nulla
637 1497 853 1553 suspicio:
887 1494 1071 1550 simplex
1104 1493 1146 1533 in
1173 1494 1392 1548 judicium
1423 1509 1569 1547 causa,

111 1561 230 1595 certa
252 1569 331 1607 res,
353 1569 504 1596 verum
539 1555 702 1596 crimen
734 1554 911 1595 allatum
945 1562 1024 1593 est.
1087 1550 1177 1592 Hic
1210 1561 1301 1592 tum
1326 1551 1567 1604 Fabricius,

111 1612 161 1663 is,
184 1612 238 1653 de
265 1612 354 1668 'quo
391 1621 492 1654 ante
526 1612 636 1664 dixi,
669 1613 759 1669 qui,
792 1611 950 1652 liberto
979 1611 1202 1660 damnato,
1239 1608 1322 1650 sibi
1358 1608 1462 1650 illud
1486 1609 1569 1650 im-

110 1670 298 1726 pendere
331 1671 572 1727 periculum
605 1670 800 1722 videret3
832 1668 949 1725 quod
986 1667 1095 1709 mihi
1126 1681 1226 1708 cum
1249 1666 1567 1708 Aletrinatibus

109 1728 396 1780 vicinitatem,
429 1739 473 1770 et
506 1730 614 1771 cum'
642 1728 859 1785 plerisque
893 1740 1042 1767 eorum
1077 1739 1287 1781 magnum
1319 1739 1444 1766 usum
1475 1739 1568 1766 esse

110 1786 290 1837 sciebat,
313 1786 558 1842 frequentes
581 1796 662 1828 eos‘
677 1786 731 1827 ad
750 1800 819 1826 me
841 1785 1019 1826 domum
1040 1783 1239 1824 adduxit.
1304 1783 1391 1830 Qui
1415 1797 1569 1839 quam—

109 1859 240 1899 quam
264 1843 317 1885 de
340 1844 531 1896 homine,
555 1845 667 1887 sicut
697 1857 872 1885 necesse
902 1850 1008 1894 erat,
1031 1840 1368 1892 existimabant3
1403 1849 1566 1894 tamen,

107 1902 226 1957 quod
248 1910 340 1943 erat
361 1917 416 1944 ex
438 1903 591 1944 eodem
622 1901 879 1958 municipio,
907 1915 995 1941 suae
1018 1899 1246 1956 dignitatis
1269 1913 1360 1939 esse
1381 1898 1565 1940 arbitra-

107 1960 282 2011 bantur,
303 1974 417 2012 eum,
438 1961 595 2016 quibus
627 1961 754 2001 rebus
779 1967 970 2016 possent,
989 1957 1245 1999 defendere:
1280 1957 1409 2013 idque
1432 1972 1456 1997 a
1480 1971 1563 2009 me,

108 2027 158 2058 ut
179 2017 382 2069 facerem,
403 2028 447 2059 et
477 2028 526 2059 ut
552 2033 726 2060 causam
750 2016 1001 2058 Scamandri
1026 2015 1304 2072 susciperem,
1328 2015 1560 2072 petebant:

109 2076 153 2116 in
177 2090 263 2132 qua
296 2091 425 2117 eausa
446 2076 617 2132 patroni
651 2090 779 2117 omne
802 2073 1041 2132 periculum
1064 2073 1385 2115 continebatur.
1448 2071 1560 2130 Ego,
1574 2096 1628 2131 50

108 2133 182 2189 qui
215 2147 355 2189 neque
386 2133 469 2175 illis
503 2133 660 2176 talibus
702 2133 818 2184 viris,
851 2148 901 2174 ac
937 2142 1026 2173 tam
1057 2132 1303 2172 amantibus
1337 2130 1439 2182 mei,
1470 2145 1561 2174 rem

107 2206 281 2247 possem
315 2191 444 2233 ullam
478 2206 660 2249 negare3
692 2204 831 2247 neque
864 2189 968 2232 illud
1001 2190 1164 2231 crimen
1195 2198 1366 2230 tantum
1397 2204 1447 2230 ac
1471 2197 1561 2230 tam

107 2248 388 2291 manifestum
424 2264 517 2291 esse
554 2250 798 2300 arbitrarer,
836 2248 948 2290 sicut
978 2262 1032 2288 ne
1064 2247 1124 2288 illi
1155 2247 1331 2304 quidem
1364 2246 1462 2303 ipsi,
1484 2247 1559 2302 qui

107 2307 217 2348 mihi
237 2316 329 2348 tum
345 2307 462 2349 illam
476 2322 649 2350 causam
664 2306 1045 2361 commendabant,
1060 2305 1383 2347 arbitrabantur
1398 2322 1408 2356 ;
1433 2304 1559 2361 polli-

108 2365 221 2409 citus
245 2365 295 2406 iis
318 2381 428 2416 sum,
448 2380 518 2407 me
548 2366 708 2417 omnia,
739 2380 837 2421 quae
861 2363 1034 2415 vellent,
1057 2378 1148 2404 esse
1172 2363 1405 2404 facturum.
1469 2362 1555 2403 Res
1577 2384 1641 2434 18

110 2423 182 2479 agi
205 2415 356 2479 'coepta
377 2433 462 2466 est:
495 2424 654 2465 citatus
685 2434 751 2464 est
774 2423 1037 2463 Scamander
1058 2436 1168 2462 reus.
1230 2420 1481 2462 Accusabat
1505 2420 1556 2462 P.

111 2481 339 2532 Canutius,
362 2481 493 2523 homo
516 2483 560 2523 in
584 2481 734 2538 primis
757 2481 1023 2537 ingeni-osus,
1044 2488 1089 2520 et
1119 2479 1163 2520 in
1185 2478 1370 2519 dicendo
1392 2477 1560 2519 exerci-

107 2547 249 2581 tatus:
282 2541 516 2581 accusabat
553 2549 698 2580 autem
740 2538 810 2580 ille
845 2538 1021 2593 quidem
1060 2537 1374 2578 Scamandrum
1417 2537 1560 2578 verbis

109 2596 263 2647 tribus,
289 2611 539 2639 VENENUM
567 2611 684 2639 ESSE
712 2609 1116 2638 DEPREHENSUM:
1149 2595 1297 2637 omnia
1320 2594 1402 2635 tela
1424 2594 1559 2637 totius

108 2654 397 2696 accusationis
438 2656 483 2697 in
523 2655 820 2712 Oppianicum
867 2654 1234 2710 conjiciebantur:
1283 2652 1560 2710 aperiebatur
1604 2705 1608 2711 ἱ

109 2725 240 2752 cansa
260 2712 534 2756 insidiarum:
570 2713 871 2755 Fabriciorum
889 2711 1158 2755 familiaritas
1184 2711 1559 2752 commemoraba-

110 2778 207 2814 tur.
235 2769 422 2812 hominis
448 2771 538 2813 vita
566 2781 610 2812 et
641 2770 822 2812 audacia
844 2769 1164 2826 proferebatur:
1196 2768 1384 2824 denique
1413 2768 1556 2811 omnis

109 2828 331 2870 accusatio
368 2829 484 2871 varie
520 2829 795 2887 graviterque
830 2836 1031 2883 tractata,
1054 2827 1109 2871 ad
1141 2836 1387 2875 extremum
1418 2826 1557 2870 mani-

764 2900 799 2929 M
821 2900 864 2930 m
888 2892 915 2929 2
