1907 3231
526 116 645 159 PRO
671 113 832 159 LEGE
856 111 1132 170 MANILIA.
1484 120 1562 160 515

123 224 267 267 studio
290 224 436 268 adesse
455 223 693 276 videamus,
719 225 976 280 81quantam
1008 237 1124 265 nunc
1156 223 1311 265 iterum
1344 224 1387 266 in
1409 225 1562 267 eodem

121 281 300 325 homine
323 281 598 340 praeficiendo
620 283 839 325 videmusz
871 281 974 339 quid
997 290 1077 332 est,
1099 281 1212 337 quod
1242 292 1316 322 aut
1336 283 1389 323 cle
1410 298 1468 334 re,
1487 292 1563 324 aut

122 339 177 380 de
206 340 456 396 perficiendi
489 338 694 380 facultate
727 339 1001 381 dubitemus?
1036 337 1130 394 Ego
1163 347 1322 390 autem,
1351 341 1563 395 quidquid

120 397 167 438 in
190 412 258 438 me
279 407 343 439 est
366 397 511 448 studii,
532 397 716 448 consilii,
745 397 919 449 laboris,
941 397 1120 453 ingenii,
1141 396 1350 452 quidquid
1382 397 1465 438 hoc
1490 398 1562 438 be·

119 455 278 496 neficio
301 454 448 511 populi
474 454 678 506 Romani,
707 463 837 510 atque
857 454 939 495 hac
959 463 1174 511 potestate
1195 453 1413 511 praetoria,
1436 454 1562 509 quid-

120 512 223 566 quid
247 512 520 564 auctoritate,
539 512 638 563 fide,
661 512 906 553 constantia
926 526 1128 568 possum3
1159 512 1203 553 id
1224 526 1351 553 omne
1372 511 1426 552 ad
1448 512 1561 552 hanc

117 583 210 610 rem
231 569 561 621 conficiendam,
585 569 665 611 tibi
697 578 741 610 et
768 569 929 626 populo
954 569 1154 611 Romano
1181 570 1386 627 polliceor
1414 584 1465 610 ac
1486 569 1560 610 de-

119 625 226 667 fero.
269 626 508 682 Testorque
529 640 678 669 omnes
700 627 818 678 dem,
840 639 884 668 et
912 641 986 668 eos
1007 628 1212 680 maxime,
1233 627 1308 684 qui
1338 627 1440 668 huic
1462 627 1622 675 100070

118 683 369 740 temploque
403 685 651 741 praesident,
680 685 754 740 qui
787 685 982 725 omnium
1013 695 1178 726 mentes
1207 699 1370 737 eorum,
1402 685 1477 741 qui
1506 684 1561 726 ad

118 743 432 797 rempublicam
467 743 640 794 adeunt,
674 742 864 783 maxime
899 742 1181 798 perspiciunt,
1202 757 1272 784 me
1304 742 1388 784 hoc
1422 756 1562 799 neque

117 808 274 855 rogatu
297 799 436 844 facere
459 800 730 856 cujusquam,
759 812 898 854 neque
919 813 1006 854 quo
1041 798 1123 840 Cn.
1156 799 1355 857 Pompeii
1377 801 1561 856 gratiam
1572 803 1604 834 b-

115 857 227 901 mihi
250 871 325 913 per
345 857 457 899 hanc
478 872 651 899 causam
670 855 891 897 conciliari
914 865 1077 911 putem,
1108 871 1248 912 neque
1268 872 1353 913 quo
1376 858 1484 900 mihi
1505 872 1561 900 ex

118 914 377 970 cujusquam
413 914 711 971 amplitudine,
741 921 817 954 aut
851 913 1054 969 praesidia
1087 914 1304 970 periculiS,
1333 924 1408 956 aut
1437 916 1562 971 adju-

115 981 265 1015 menta
286 972 523 1015 honoribus
545 985 763 1027 quaeram:
795 979 1026 1027 propterea
1055 972 1170 1027 quod
1201 973 1391 1029 pericula
1420 971 1561 1023 facile,

117 1040 169 1071 ut
198 1030 418 1071 hominem
452 1038 656 1085 praestare
690 1038 877 1085 oportet,
910 1029 1160 1071 innocentia
1192 1034 1231 1063 82
1246 1031 1349 1072 tecti
1385 1030 1561 1086 repelle-

116 1101 236 1130 mus:
270 1088 455 1128 honores
477 1096 621 1129 autem
644 1101 782 1141 neque
803 1086 858 1128 ab
879 1101 982 1138 un0,
1003 1101 1143 1143 neque
1164 1103 1219 1130 ex
1242 1088 1327 1133 hoc
1351 1088 1462 1140 loco,
1485 1088 1560 1129 sed

117 1145 268 1189 eadem
289 1154 438 1187 nostra
459 1144 531 1186 illa
558 1143 895 1186 laboriosissima
924 1144 1090 1187 ratione
1118 1146 1234 1198 vitae,
1257 1147 1290 1187 si
1319 1155 1461 1187 vestra
1482 1161 1558 1188 vo-

115 1201 260 1243 luntas
288 1202 410 1254 feret,
441 1215 767 1258 consequemur.
830 1202 1140 1255 Quamobrem,
1162 1204 1372 1260 quidquid
1400 1204 1444 1244 in
1475 1203 1556 1245 hac
1568 1210 1616 1249 71

116 1274 247 1301 causa
266 1261 374 1301 mihi
397 1268 644 1316 susceptum
665 1269 743 1311 est,
767 1259 977 1311 Quirites,
999 1260 1042 1301 id
1069 1276 1197 1302 omne
1218 1276 1286 1302 me
1308 1260 1558 1317 reipublicae

117 1332 248 1358 causa
289 1318 526 1374 suscepisse
563 1317 798 1360 confirmo:
830 1324 1086 1373 tantumque
1118 1319 1254 1372 abest,
1288 1329 1336 1360 ut
1371 1319 1561 1374 aliquam

119 1375 281 1417 bonam
298 1376 482 1431 gratiam
498 1375 606 1416 mihi
626 1375 830 1431 quaesisse
850 1375 1008 1427 videar,
1027 1387 1074 1416 ut
1088 1377 1244 1418 multas
1263 1377 1393 1418 etiam
1412 1377 1561 1418 simul-

117 1441 227 1473 tates
249 1432 407 1489 partim
435 1433 654 1484 obscuras,
676 1432 833 1489 partim
865 1443 1033 1488 apertas
1064 1434 1318 1489 intelligam,
1341 1434 1448 1475 mihi
1472 1449 1560 1476 non

116 1490 392 1541 necessarias,
415 1490 536 1531 vobis
556 1505 646 1531 non
666 1490 852 1541 inutiles,
875 1491 1127 1546 suscepisse.
1176 1492 1259 1532 Sed
1282 1506 1364 1548 ego
1387 1506 1454 1533 me
1476 1492 1560 1533 hoc

116 1547 281 1600 honore
309 1547 556 1604 praeditum,
581 1548 711 1589 tantis
734 1547 886 1590 vestris
920 1548 1140 1590 beneficiis
1171 1548 1390 1600 affectum,
1414 1550 1559 1600 statui,

118 1605 328 1657 Quirites,
352 1614 538 1647 vestram
560 1605 842 1657 voluntatem,
865 1613 909 1646 et
937 1605 1188 1662 reipublicae
1213 1606 1486 1662 dignitatem,
1516 1618 1560 1648 et

117 1663 299 1707 salutem
322 1663 643 1719 provinciarum
672 1672 801 1718 atque
831 1663 1061 1718 sociorum,
1083 1664 1189 1706 meis
1213 1665 1414 1707 omnibus
1441 1679 1560 1707 com-

114 1720 256 1765 modis
275 1729 320 1763 et
339 1720 580 1765 rationibus
599 1720 801 1778 praeferre
817 1730 1032 1777 oportere.

159 1837 198 1869 81
214 1839 376 1875 quantam
390 1845 478 1869 nune
489 1834 814 1875 iterum—videmus]

118 1877 170 1911 Sic
185 1878 267 1910 bene
289 1889 306 1909 e
330 1878 410 1908 Mss.
433 1878 580 1912 restituit
604 1879 764 1915 Graevius,
780 1884 819 1908 ut

117 1918 152 1950 et
166 1920 315 1960 placebat
329 1920 484 1958 Grutero,
498 1921 554 1960 qui
566 1926 677 1952 tamen
692 1922 818 1952 nonin-

115 1961 199 1993 tulit
210 1963 246 1992 in
259 1967 400 1994 textum.
431 1963 541 2002 Vulgo
555 1965 816 2002 non—vidimus,

116 2013 188 2035 sine
204 2015 312 2037 sensu.

161 2049 202 2078 82
225 2049 301 2078 tecti
329 2048 534 2088 repellemus]
572 2049 636 2079 Pro
657 2050 817 2089 pellemus

117 2089 203 2123 bene
216 2100 234 2120 e
250 2090 314 2121 Ms.
330 2091 398 2121 Erf.
414 2091 573 2123 Graevius.
606 2092 729 2122 Statim
743 2097 818 2132 post

117 2133 248 2172 reposui
264 2135 408 2169 honores,
419 2143 476 2174 pro
489 2135 652 2171 honorem,
667 2138 707 2164 ut
718 2140 767 2164 est
782 2134 818 2164 iu

103 2173 191 2205 odd.
211 2175 307 2206 dunt.
330 2176 416 2207 Vict.
440 2176 474 2206 P.
491 2175 623 2207 Manut.
646 2177 686 2207 R.
703 2176 818 2217 Steph.

120 2218 178 2251 &Q
201 2217 336 2249 Frustra
345 2219 504 2249 Gruterus
514 2223 547 2249 et
557 2219 703 2249 Graevius
712 2229 816 2250 unum

120 2259 340 2298 Consulatum,
362 2261 511 2294 Ciceroni
531 2261 740 2303 superfuisse,
762 2262 818 2296 ad-

860 1846 962 1876 eoque
975 1836 1148 1876 honorem,
1164 1847 1230 1868 non
1244 1837 1396 1869 honores·
1425 1834 1512 1869 Nain
1527 1844 1561 1870 et

863 1885 940 1914 ante
955 1885 1033 1910 sunt
1049 1880 1242 1922 adjumenta
1258 1882 1440 1918 honoribus,
1458 1882 1560 1921 iisque

861 1921 1011 1953 hocloco
1031 1925 1162 1954 honores
1182 1924 1389 1964 respondent.
1435 1924 1477 1954 Et
1503 1934 1559 1954 no-

860 1968 933 1994 tum
949 1967 1027 1995 satis
1042 1971 1104 2003 est,
1127 1968 1259 1996 honores
1280 1967 1381 1997 etiam
1396 1965 1435 1995 de
1448 1967 1560 2006 singu·

858 2007 897 2037 lis
923 2009 1170 2047 magistratibus
1196 2008 1272 2046 dici,
1300 2009 1386 2048 quod
1411 2008 1559 2039 Graevius

859 2049 926 2090 ipse
942 2049 1086 2081 defendit
1102 2051 1142 2081 ad
1157 2060 1205 2080 or.
1221 2061 1279 2091 pro
1294 2051 1397 2091 Flacc.
1419 2054 1444 2081 l.
1482 2051 1560 2082 Non

859 2101 987 2134 semper
1001 2093 1131 2132 quidem
1152 2095 1296 2130 honores,
1312 2093 1367 2124 sed
1390 2093 1491 2128 etiam
1506 2095 1559 2124 ho-

859 2145 920 2165 nor
941 2135 1074 2172 dicitur,
1105 2135 1161 2166 sed
1181 2146 1257 2166 cum
1278 2136 1315 2166 de
1338 2142 1428 2166 certo
1456 2137 1559 2174 gradu

861 2178 1057 2208 nominatim
1070 2178 1202 2215 dicitur,
1214 2183 1252 2208 ut
1267 2189 1354 2215 mox,
1371 2188 1421 2208 me
1435 2179 1490 2208 huc
1506 2180 1558 2208 ho-

859 2230 938 2295 mil-{3
953 2221 1144 2261 praeditum,
1169 2231 1212 2253 se.
1233 2228 1396 2264 praeturae,
1412 2230 1439 2251 v.
1466 2220 1556 2254 Clav.

860 2272 895 2294 in
934 2285 942 2293 .
960 2273 989 2295 ν.

913 2954 939 2988 ὢ
