1907 3231
502 103 614 143 Ac'r
640 102 691 143 11.
727 101 918 141 LIBER
941 101 1184 140 PRIMUS.
1490 98 1565 146 137

127 224 211 267 que
233 208 419 252 amicum
450 206 585 259 fumo,
608 208 920 259 excruciatum,
943 206 1198 248 semivivum
1227 204 1413 261 reliquit.
1463 205 1491 248 J
1495 221 1565 248 am

127 283 224 324 quae
259 268 339 308 iste
371 266 508 321 signa,
542 280 647 320 quas
677 266 843 306 tabulas
878 266 1015 320 pictas
1045 279 1099 305 ex
1133 262 1301 305 Achaia
1333 262 1565 314 sustulerit,

126 340 214 367 non
238 325 377 365 dicam
400 323 482 364 1100
506 322 616 363 1000.
639 332 703 364 est
725 323 830 364 alius
853 322 960 363 1111111
981 322 1101 363 100115
1133 322 1186 362 ad
1214 320 1327 361 113110
1348 320 1471 360 istius
1493 336 1567 361 cu-

128 382 355 438 piditatem
393 380 772 421 demonstrandam
805 390 1011 421 servatus.
1072 378 1258 420 Athenis
1298 377 1477 418 audistis
1515 392 1570 420 ex

128 439 220 480 aede
243 437 456 478 Minervae
481 437 642 493 grande
674 438 763 478 auri
787 437 954 494 pondus
985 437 1191 478 ablatum.
1214 436 1379 476 dictum
1401 435 1485 475 hoc
1506 445 1571 475 est

129 497 173 537 in
213 495 295 536 Cn.
331 494 569 535 Dolabellae
606 495 792 552 ι10111010.
835 496 1026 536 dictum?
1067 495 1249 535 3813113111
1292 493 1570 534 aestimatum.

129 553 275 608 Hujus
306 552 470 593 consilii
503 567 591 592 non
621 553 751 594 modo
783 554 1037 609 participem
1061 551 1112 592 C.
1133 552 1324 601 Verrem,
1348 550 1420 590 sed
1452 551 1569 606 prin-

127 611 269 667 cipem
291 609 423 650 fuisse
445 610 679 666 reperietis.
733 610 890 651 Delum
916 611 1047 651 venit.
1071 610 1130 650 ibi
1154 624 1207 650 ex
1232 608 1332 649 fano
1356 607 1569 664 Apollinis
1582 609 1631 642 46

129 667 452 724 religiosissimo
476 677 607 708 noctu
631 668 740 709 clam
768 668 941 709 sustulit
972 668 1095 723 signa
1125 666 1412 724 pulcherrima
1442 674 1572 721 atque

128 725 453 781 antiquissima:
486 739 620 780 eaque
643 726 686 766 in
711 726 948 766 onerariam
974 739 1127 765 navem
1159 739 1278 765 suam
1300 723 1575 778 conjicienda

128 783 310 824 curavit.
375 782 591 824 Postridie
624 798 723 824 cum
755 782 902 824 fanum
936 783 1166 839 spoliatum
1197 782 1391 822 viderent
1421 781 1467 832 ii,
1500 782 1575 836 qui

131 840 291 882 Delum
323 840 584 892 incolebant,
616 841 804 897 graviter
836 840 1045 882 serebant.
1069 850 1133 881 est
1163 840 1279 880 enim
1310 848 1431 879 tanta
1461 839 1577 894 apud

129 912 204 939 eos
227 898 318 954 ejus
342 898 429 939 fani
463 897 613 953 religio
638 908 765 953 atque
797 899 1046 954 antiquitas,
1069 907 1117 938 ut
1148 898 1191 938 in
1223 911 1274 938 eo
1304 896 1401 938 loco
1434 895 1576 952 ipsum

128 954 376 1012 Apollinem
416 964 564 996 natum
599 970 688 997 0550
723 957 997 997 arbitrentur.
1037 956 1216 997 verbum
1255 963 1398 995 tamen
1435 953 1576 995 facere

130 1028 218 1054 non
241 1013 472 1063 audebant,
493 1027 545 1053 110
569 1013 679 1055 forte
699 1029 749 1054 ea
772 1029 835 1055 res
859 1014 911 1055 ad
934 1013 1203 1054 Dolabellam
1223 1013 1363 1068 ipsum
1387 1012 1574 1068 pertine-

130 1080 209 1112 ret.
269 1070 380 1111 Tum
414 1071 557 1111 subito
582 1081 858 1128 tempestates
886 1083 1046 1113 coortae
1080 1080 1179 1112 sunt
1210 1071 1428 1120 maximae,
1453 1069 1656 1125 judi-18

130 1142 215 1180 005,
246 1137 295 1168 ut
326 1142 414 1169 11011
454 1128 582 1169 1110110
616 1130 845 1185 proficisci,
876 1144 976 1171 cum
1007 1138 1197 1184 cuperet,
1230 1126 1455 1168 Dolabella
1486 1141 1571 1168 non
1584 1141 1616 1172 b.

129 1194 290 1242 posset,
315 1186 386 1226 sed
406 1186 479 1226 vix
504 1186 548 1226 111
571 1187 732 1242 oppido
756 1187 1032 1228 consisteret:
1066 1189 1126 1226 ita
1148 1186 1294 1242 magni
1319 1186 1475 1225 fluctus
1496 1185 1575 1240 eji-

131 1243 370 1284 ciebantur.
434 1243 521 1285 Hic
544 1246 664 1285 navis
688 1245 759 1285 illa
783 1245 996 1300 praedonis
1020 1244 1157 1294 istius,
1181 1252 1335 1284 onusta
1357 1242 1490 1298 signis
1513 1257 1578 1283 re-

132 1300 314 1356 ligiosis,
348 1301 527 1356 expulsa
560 1313 687 1358 atque
718 1302 858 1357 ejecta
890 1302 1040 1353 fluctti,
1080 1301 1308 1356 frangitur.
1349 1300 1392 1341 in
1434 1300 1579 1341 littore

134 1358 260 1414 signa
282 1357 354 1398 1113
375 1357 589 1414 Apollinis
621 1361 915 1415 reperiuntur:
941 1359 1066 1414 jussu
1095 1358 1332 1399 Dolabellae
1364 1371 1579 1414 reponun-

135 1424 229 1457 tur:
263 1424 494 1472 tempestas
518 1418 712 1459 sedatur:
749 1416 975 1458 Dolabella
999 1416 1109 1457 Delo
1134 1415 1436 1473 proficiscitur.
1477 1415 1579 1456 Non
1592 1417 1643 1456 47

137 1473 305 1526 dubito,
328 1473 448 1528 quin,
472 1475 642 1516 tametsi
666 1475 805 1516 nullus
828 1475 872 1516 in
895 1484 936 1515 te
968 1489 1114 1515 sensus
1146 1473 1443 1525 humanitatis,
1466 1472 1582 1514 nulla

135 1531 244 1572 ratio
267 1545 471 1586 umquam
496 1532 579 1573 fuit
611 1533 846 1589 religionis,
867 1547 982 1573 nunc
1014 1541 1172 1583 tamen,
1199 1532 1243 1573 in
1266 1540 1382 1572 metu
1415 1531 1584 1587 pericu-

139 1588 267 1644 loque
289 1597 380 1639 tuo,
404 1598 576 1631 tuorum
601 1591 678 1631 tibi
705 1590 911 1632 scelerum
935 1590 1079 1630 veniat
1102 1590 1144 1629 in
1176 1599 1379 1630 mentem.
1415 1589 1586 1630 Potest-

138 1661 193 1686 ne
225 1647 305 1687 tibi
329 1646 415 1687 ulla
445 1662 539 1703 spes
574 1648 720 1689 salutis
744 1647 974 1690 commoda
995 1647 1178 1698 ostendi,
1201 1662 1299 1688 011111
1335 1646 1586 1698 recordaris,

139 1704 183 1745 in
214 1704 316 1745 deos
348 1704 610 1745 immortales
644 1721 774 1761 quam
808 1706 981 1762 impiUS,
1016 1719 1146 1759 quam
1181 1704 1425 1756 sceleratus,
1456 1719 1587 1759 quam

141 1761 330 1802 nefarius
354 1762 512 1805 fueris?
544 1762 849 1819 Apollinemne
880 1773 925 1803 tu
954 1762 1129 1804 Delium
1152 1762 1335 1818 spoliare
1366 1777 1493 1802 ausus
1515 1764 1587 1805 es?

140 1819 256 1860 illine
288 1827 334 1859 tu
369 1820 545 1876 templo,
577 1831 665 1861 tam
706 1822 899 1877 antiquo,
931 1829 1019 1862 tam
1057 1830 1220 1870 sancto,
1258 1828 1346 1861 tam
1386 1819 1588 1875 religioso

140 1891 292 1917 manus
315 1877 468 1933 impias
491 1893 541 1919 30
572 1879 798 1935 sacrilegas
831 1879 982 1919 afferre
1005 1888 1185 1918 conatus
1207 1880 1279 1919 es?
1312 1877 1357 1917 Si
1381 1877 1423 1917 in
1447 1877 1590 1933 pueri-

141 1935 202 1976 tia
224 1949 311 1975 non
338 1935 405 1976 his
438 1936 602 1976 artibus
625 1946 667 1977 et
689 1937 927 1993 disciplinis
960 1936 1183 1977 institutus
1205 1949 1311 1985 eras,
1334 1943 1383 1976 ut
1404 1949 1468 1985 ea,
1490 1947 1589 1989 quae

142 1992 296 2033 litteris
319 1993 521 2034 mandata
544 2004 657 2045 sunt,
677 1994 860 2035 disceres
883 2003 1012 2049 atque
1031 2005 1341 2049 cognosceres,
1364 2007 1416 2033 ne
1440 2001 1590 2048 postea

145 2050 335 2105 quidem,
359 2066 458 2091 cum
490 2050 533 2092 in
564 2066 614 2092 ea
644 2052 738 2108 ipsa
767 2052 863 2093 loca
887 2050 1057 2102 venisti,
1090 2050 1270 2106 potuisti
1302 2049 1497 2106 accipere
1528 2049 1586 2100 id,

144 2107 261 2163 quod
282 2117 347 2148 est
370 2108 589 2165 proditum
612 2110 831 2150 memoriae
855 2125 904 2150 ac
929 2109 1110 2151 litteris?
1145 2109 1355 2149 Latonam
1377 2122 1431 2148 ex
1454 2106 1586 2162 longo
1599 2110 1650 2145 48

146 2180 287 2206 errore
319 2175 362 2207 et
397 2166 514 2222 fuga,
547 2167 785 2222 gravidam,
817 2177 859 2207 et
887 2166 982 2222 jam
1014 2166 1067 2207 ad
1100 2165 1353 2222 pariendum
1386 2164 1588 2215 vicinam,

147 2224 414 2280 temporibus
444 2225 625 2275 exactis,
656 2227 697 2257 39
710 2224 958 2281 confugisse
995 2223 1167 2275 Delum,
1202 2232 1330 2278 atque
1363 2222 1425 2262 ibi
1454 2221 1591 2277 Apol-

145 2281 278 2323 linem
302 2280 575 2337 Dianamque
597 2281 837 2338 peperisse:
861 2296 946 2337 qua
966 2296 1021 2322 ex
1045 2282 1250 2338 opinione
1271 2279 1499 2320 hominum
1521 2278 1594 2320 illa

147 2338 286 2381 insula
307 2354 455 2380 eorum
478 2341 655 2381 deorum
679 2343 798 2380 sac'ra
819 2349 1020 2395 putatur:
1054 2347 1259 2394 tantaque
1280 2336 1372 2392 ejus
1404 2336 1594 2378 auctori-

148 2406 212 2438 tas
243 2396 463 2453 religionis
487 2407 530 2438 et
560 2405 639 2448 est,
662 2406 704 2438 et
736 2411 903 2452 semper
924 2396 1021 2446 fuit,
1052 2405 1102 2436 ut
1130 2410 1184 2437 ne
1220 2395 1363 2435 Persae
1400 2394 1591 2449 quidem,

146 2468 246 2495 cum
270 2455 428 2495 bellum
452 2455 532 2496 toti
556 2455 759 2505 Graeciae,
781 2455 862 2495 diis
886 2453 1220 2508 hominibusque
1251 2452 1525 2503 indixissent,
1547 2460 1591 2492 et

146 2511 263 2552 mille
294 2526 472 2553 numero
495 2513 671 2554 navium
693 2512 869 2553 classem
902 2511 955 2551 ad
982 2510 1140 2551 Delum
1164 2509 1444 2566 appulissent,
1466 2508 1592 2565 quid-

147 2567 278 2623 quam
299 2579 558 2610 conarentur
579 2578 654 2611 aut
675 2569 848 2620 violare,
871 2578 946 2609 aut
968 2569 1196 2623 attingere.
1251 2566 1352 2608 Hoc
1374 2575 1421 2608 tu
1444 2565 1594 2608 fanum

148 2626 415 2683 depopulari,
450 2627 580 2668 homo
612 2627 944 2683 improbissime,
977 2634 1106 2680 atque
1136 2624 1443 2675 amentissime,
1466 2624 1596 2665 aude-

190 2746 231 2774 33
254 2744 355 2774 etiam
381 2745 594 2784 aestimatum]
622 2744 695 2775 Hoc
722 2743 854 2774 additur
939 2745 980 2776 39
1002 2740 1185 2781 confugisse
1213 2741 1351 2781 Delum]
1382 2742 1434 2772 Sic
1456 2739 1528 2771 edd.
1551 2749 1601 2780 pr.

150 2786 192 2816 ad
217 2786 466 2826 intelligendam
491 2788 666 2818 veritatem
693 2786 852 2817 criminis
897 2789 937 2815 ut
962 2794 1029 2815 non
1055 2788 1139 2814 esset
1165 2794 1247 2825 opus
1273 2786 1464 2824 conjectura
1494 2783 1601 2813 Hoto-

149 2838 228 2859 nam
265 2829 441 2861 aestimatio
471 2830 523 2868 fit,
555 2840 609 2861 reo
637 2829 790 2861 convicto
820 2833 855 2860 et
898 2827 1023 2857 manni.
1068 2825 1170 2856 Aldus
1184 2826 1330 2857 ediderat
1342 2825 1488 2867 fugisse.
1507 2826 1602 2856 sicet

151 2870 322 2902 damnato.
899 2869 979 2900 Mss.
1023 2868 1146 2901 Noster
1160 2868 1353 2910 confugisse.
