1907 3231
480 110 606 151 ACT.
636 109 688 149 Π.
730 107 918 149 LIBER
942 110 1240 150 QUARTUS.
1456 113 1586 152 '³335

151 223 295 257 tamen
311 214 494 272 idipsum
519 215 676 257 tabulis
697 214 979 257 demonstrari
998 229 1087 255 non
1109 222 1267 271 potest.
1328 213 1372 255 Si
1396 229 1501 270 quas
1523 224 1588 259 ta-

152 273 274 314 bulas
307 272 487 330 proferS,
523 273 568 313 in
604 273 684 324 his,
706 273 810 329 quid
840 273 1014 324 habeas,
1049 271 1268 327 quomodo
1289 270 1463 324 habeas,
1486 274 1589 315 scri-

150 338 276 386 ptum
299 344 384 371 non
405 339 484 371 est.
546 329 718 371 Horum
749 340 893 371 autem
915 338 1175 398 temporum,
1198 343 1298 369 cum
1321 339 1362 369 te
1384 329 1632 384 plurimasp.
1645 343 1720 374 208.

150 401 218 428 res
239 387 392 428 emisse
412 387 545 438 dicas,
577 388 744 428 tabulas
775 388 953 428 omnino
976 386 1111 427 nullas
1136 386 1350 448 proferas:
1382 400 1525 427 nonne
1547 395 1628 429 tea⁴

150 455 196 484 et
216 444 393 500 prolatis
425 452 468 484 et
503 458 589 485 non
623 445 801 509 prolatis
825 444 980 486 tabulis
1003 442 1279 485 condemnari
1303 457 1473 484 necesse
1496 448 1588 487 est?

149 499 219 541 Tu
240 516 266 541 a
288 501 353 542 M.
373 499 532 551 Coelio,
548 503 692 557 equite
709 503 922 552 Romano,
938 503 1171 543 lectissimo
1185 499 1470 551 adolescente,
1492 515 1587 556 quae
1607 501 1674 556 17

151 556 342 609 voluisti,
365 573 465 600 vasa
495 569 698 614 argentea
731 559 826 615 Lily
833 560 912 600 baei
936 559 1172 600 abstulisti:
1206 570 1250 598 tu
1269 557 1377 599 ⁴3C.
1402 556 1573 599 Cacurii
1580 573 1654 610 ,37

149 615 434 670 promtissimi
470 615 672 668 hominis,
705 627 748 658 et
777 618 1054 673 experientis,
1090 628 1133 657 et
1168 615 1363 671 inprimis
1396 615 1593 679 gratiosi,

153 672 462 728 supellectilem
493 688 665 715 omnem
703 674 869 716 auferie
901 689 987 715 non
1018 673 1250 715 dubitasti:
1284 683 1330 713 tu
1357 687 1595 714 mammam

154 738 200 770 et
217 730 564 793 pulcherrimam
598 746 791 773 mensam
823 733 1000 772 citream
1035 747 1060 772 a
1088 732 1144 778 Q.
1176 730 1350 771 Lutatio
1384 728 1595 782 Diodoro,

152 786 227 842 qui
247 788 303 834 Q.
328 787 471 829 Catuli
503 790 711 830 beneficio
733 804 757 829 a
778 788 826 829 L.
850 789 966 829 Sulla
984 789 1090 829 civis
1112 789 1333 828 homanus
1356 787 1496 828 factus
1517 797 1598 840 est,

153 845 356 886 omnibus
378 847 628 897 scientibus,
648 846 796 902 44Lily
803 847 884 886 baei
907 846 1137 886 abstulisti.
1198 845 1299 886 Non
1323 845 1401 886 tibi
1418 845 1598 900 objicio,

154 903 275 957 quod
325 903 544 945 hominem
587 880 890 959 dignissimum
928 904 1013 944 tuis
1052 902 1258 953 mmibus,
1301 901 1597 958 Apollonium,

155 958 340 1001 Niconis
370 961 520 1012 filium,
544 960 904 1016 Diepanitanum‚
935 961 1009 1016 qui
1040 975 1154 1002 nunc
1178 959 1232 1001 A.
1257 959 1436 1001 Clodius
1469 975 1597 1002 voca-

153 1025 239 1068 tur,
261 1019 378 1060 omni
402 1029 581 1074 argento
603 1018 768 1074 optime
804 1018 918 1059 facto
952 1017 1143 1082 spoliasti
1166 1032 1216 1058 ac
1239 1017 1516 1074 depeculatus
1538 1032 1597 1059 es.

156 1073 313 1116 Taceo.
346 1090 433 1116 non
455 1076 569 1117 enim
600 1086 723 1132 putat
746 1075 813 1116 ille
837 1076 917 1116 sibi
950 1090 1152 1131 11⁴1Jullam
1175 1075 1349 1125 factam,
1375 1085 1600 1140 propterea

154 1133 270 1187 quod
294 1132 567 1189 hominijam
597 1133 780 1189 perdito,
812 1145 856 1174 et
885 1133 1041 1174 collum
1075 1147 1117 1173 ln
1149 1132 1350 1187 laqueum
1380 1133 1600 1183 inserenti,

156 1190 410 1242 subvenisti,
444 1206 542 1231 cum
588 1190 760 1246 pupillis
798 1190 1104 1246 Drepanitanis
1141 1191 1252 1231 bona
1282 1189 1423 1245 patlia
1452 1199 1601 1247 erepta

157 1261 256 1288 cum
291 1247 363 1289 illo
394 1249 576 1304 partitus
610 1263 668 1289 65.
731 1248 913 1289 Gaudeo
943 1249 1088 1298 etiam,
1130 1247 1290 1302 siquid
1313 1248 1366 1288 ab
1399 1246 1472 1287 illo
1504 1249 1601 1289 abs-

136 1304 318 1350 tulisti:
352 1316 394 1346 et
415 1307 491 1347 abs
529 1316 570 1347 te
591 1304 699 1346 nihil
730 1305 888 1345 rectius
911 1303 1071 1346 factum
1095 1319 1185 1345 esse
1208 1307 1232 1345 (Ξ
1239 1305 1320 1345 ico.
1380 1303 1420 1344 A
1444 1304 1602 1346 Lisone

156 1376 258 1403 vero
285 1362 379 1418 Lily
385 1364 571 1414 baetano,
602 1363 742 1419 primo
775 1361 964 1412 homine,
987 1362 1099 1418 apud
1124 1376 1251 1417 quem
1273 1362 1352 1402 dex
1357 1373 1520 1402 ersatus
1541 1377 1601 1414 es,

156 1418 374 1476 Apollinis
405 1422 577 1476 signum
607 1419 851 1460 45ablatum
882 1429 997 1460 certe
1018 1434 1105 1459 non
1136 1420 1343 1474 op01·tui.t
1404 1418 1464 1459 At
1485 1419 1602 1460 dices

157 1486 200 1517 te
221 1477 388 1519 emisse.
412 1478 521 1520 scio:
559 1476 623 1518 H·
627 1477 655 1518 S
691 1490 786 1518 cm.
811 1477 869 1518 ita
900 1477 1070 1532 opinor.
1103 1491 1208 1527 seio,
1241 1490 1431 1531 inquam.
1460 1476 1603 1532 profe-

156 1548 246 1575 ram
271 1534 455 1576 littelas:
489 1545 532 1576 et
563 1544 704 1575 tamen
734 1534 776 1575 id
810 1534 974 1576 factum
995 1549 1083 1575 non
1109 1534 1316 1590 opoltuit.
1376 1533 1415 1573 A
1440 1533 1602 1589 pupillo

158 1590 293 1647 Hejo,
327 1593 396 1634 cui
432 1592 665 1634 Malcellus
703 1600 820 1632 tut01
853 1602 931 1642 est,
962 1607 988 1632 a
1027 1607 1112 1646 quo
1147 1605 1421 1647 pecuniam0
1399 1591 1603 1632 0··1andem

158 1650 390 1706 eripueras,
413 1650 590 1706 scaphia
605 1664 703 1691 cum
717 1649 986 1690 emblematis
1011 1649 1105 1705 Lil)
1113 1649 1195 1690 bai
1218 1658 1361 1689 unum
1380 1658 1495 1689 emta
1511 1662 1603 1690 esse

157 1705 281 1757 dicis,
304 1722 357 1748 an
379 1708 598 1749 confiteiis
615 1709 790 1772 erepta?

217 1765 302 1805 Sed
324 1764 428 1820 quid
450 1780 532 1822 ego
555 1765 678 1806 istius
702 1766 745 1805 in
776 1763 990 1829 ejusmodi
1014 1765 1139 1806 rebus
1162 1763 1430 1806 mediocr'es
1421 1763 1600 1819 injurias
1612 1775 1663 1809 33

157 1821 344 1878 colligo:
375 1838 473 1878 quae
477 1800 824 1864 ‘³'tantummod0
815 1837 860 1862 ln
882 1821 1007 1863 furtis
1030 1823 1168 1873 istius,
1187 1833 1230 1862 et
1251 1822 1417 1863 damnis
1436 1836 1600 1886 eorum,

159 1893 186 1919 a
208 1881 364 1934 quibus
400 1880 636 1931 auferebat,
674 1890 853 1921 teisatae
890 1894 981 1920 6556
1018 1880 1266 1921 xideantur.¹
1309 1878 1525 1934 Accipite,
1564 1879 1599 1920 si

160 1937 304 1988 vultis,
328 1937 516 1992 judices,
547 1952 634 1979 rem
667 1937 895 1993 ejusmodi,
918 1947 966 1978 ut
996 1938 1230 1978 amentiam
1253 1936 1529 2000 singularem,
1551 1945 1600 1978 ut

158 1983 383 2036 furorem
364 2010 474 2049 Jam
489 2010 573 2036 non
597 1996 881 2052 cupiditatem
903 1994 995 2049 ejus
1015 1995 1256 2059 pelspicere
1279 1994 1466 2051 possitis.
1499 1993 1598 2035 Me-
1617 1990 1681 2038 18

158 2050 324 2093 litensis
344 2051 562 2094 Diodorus
584 2065 662 2104 est,
684 2068 757 2108 qul
779 2051 894 2108 apud
919 2067 991 2093 vos
1011 2063 1137 2093 antea
1160 2052 1454 2093 testimonium
1470 2051 1598 2092 dixit.
1608 2057 1641 2088 b

162 2107 205 2150 Is
229 2109 324 2166 Lily
331 2111 412 2151 baei
435 2110 698 2166 nuiltosjam
722 2124 855 2151 annos
878 2109 1061 2161 habitat,
1075 2110 1206 2151 homo
1221 2119 1264 2151 et
1285 2109 1402 2151 domi
1428 2109 1599 2160 nobilis,

159 2176 205 2213 et
225 2169 339 2231 apud
356 2182 443 2219 eos,
461 2183 546 2224 quo
571 2182 613 2208 se
636 2167 834 2217 contulit,
857 2176 1033 2222 piopter
1063 2168 1268 2209 xirtutem
1291 2166 1537 2223 splendidus
1559 2175 1603 2208 et

160 2226 391 2280 gratiosus.
461 2226 528 2267 De
568 2224 653 2266 hoc
697 2224 818 2266 Verri
856 2224 1027 2275 dicitur,
1058 2224 1216 2266 habere
1260 2239 1358 2266 eum
1393 2224 1604 2280 perbona-

160 2290 402 2324 toreumata
421 2300 430 2325 :
453 2284 497 2324 in
518 2283 583 2324 his
604 2282 758 2339 pocula
776 2281 859 2323 duo
881 2282 1094 2336 quaedam,
1114 2298 1211 2338 quae
1232 2281 1507 2322 46Theri01ea
1528 2296 1605 2322 no-

161 2340 397 2392 minantur,
421 2340 638 2382 Mentoris
656 2354 801 2391 manu,
825 2353 993 2380 summo
1016 2340 1218 2391 artificio,
1240 2339 1369 2381 faeta.
1386 2339 1502 2395 quod
1525 2339 1605 2380 iste

201 2468 243 2497 43
271 2466 305 2497 C.
333 2465 480 2506 (ἶαι-ιινὶἱ]
518 2465 635 2496 Lamb.
664 2447 800 2505 conjicit
830 2465 863 2496 C.
907 2466 1040 2496 caciter.

164 2508 267 2540 Curii.
282 2509 345 2540 Sed
353 2515 388 2540 et
399 2510 432 2539 in
448 2508 716 2549 inscriptionibus
731 2509 863 2539 Cae-urii
948 2509 990 2538 46
1005 2507 1196 2547 Thericlea]
1213 2508 1333 2548 Recepi
1347 2506 1412 2538 hoc
1424 2517 1501 2538 eum
1515 2506 1606 2537 Grae-

159 2557 353 2590 occurrunt,
367 2557 408 2582 ut
421 2562 473 2593 ap.
489 2552 670 2582 Gruterum
693 2551 738 2583 P.
761 2551 863 2582 Cacu-

161 2604 243 2624 nus.

205 2639 247 2667 44
277 2636 429 2677 Lilyboez]
451 2636 586 2674 Vereor,
613 2647 655 2667 ne
669 2647 687 2667 e
702 2636 862 2677 superiori

163 2681 288 2710 temere
303 2680 481 2720 repetitum
497 2679 552 2709 sit.

205 2723 246 2751 45
260 2721 408 2752 ablatum
424 2732 451 2752 c.
464 2732 497 2752 n.
511 2722 553 2762 0.]
579 2721 694 2752 Delevi
709 2731 773 2752 esse
787 2730 863 2751 cum

162 2762 294 2794 Graevio
309 2769 443 2794 auctore
466 2764 530 2795 Μ.
553 2774 619 2804 reg.
665 2764 757 2795 Idem
772 2764 864 2793 Grae-

163 2801 234 2836 vius
249 2805 361 2846 paullo
375 2811 450 2847 post
469 2806 574 2837 edidit
589 2817 629 2837 ex
651 2806 765 2837 eodem
782 2806 865 2836 libro

163 2846 374 2888 etJurorum.
390 2858 458 2880 non
472 2849 570 2888 male,
587 2849 642 2881 sed
664 2850 777 2881 miuus
798 2849 866 2880 effi-

906 2551 958 2580 w'o
970 2560 1028 2591 pro
1045 2550 1224 2587 Heraclea,
1234 2550 1270 2580 in
1283 2549 1374 2580 codd.
1383 2550 1488 2580 tribus
1498 2558 1606 2590 reper-

905 2597 990 2623 tum.
1013 2593 1063 2623 Eo
1079 2592 1168 2623 ducit
1182 2598 1215 2623 et
1231 2593 1294 2622 Ms.
1310 2593 1372 2622 Gu.
1388 2592 1541 2623 meridia.
1565 2590 1605 2622 In

906 2645 945 2665 eo
959 2636 1080 2666 centies
1097 2635 1120 2664 d
1134 2645 1192 2674 pro
1207 2637 1247 2665 cI.
1262 2644 1293 2665 v.
1311 2635 1402 2665 Clav.
1430 2634 1606 2666 Turnebus

907 2678 1052 2708 defendit
1071 2676 1251 2717 Heraclea,
1267 2687 1340 2717 quae
1352 2682 1430 2708 sunt
1445 2676 1605 2717 ap.Athe-

908 2730 1030 2751 naeum.
1074 2719 1137 2749 Sed
1158 2730 1197 2750 ea
1219 2720 1376 2751 dicuntur
1397 2731 1416 2750 a
1439 2719 1607 2759 magnitu-

906 2763 992 2794 dine.
1038 2763 1102 2793 Hic
1114 2766 1163 2792 est
1178 2762 1283 2794 fermo
1297 2762 1336 2794 de
1349 2761 1474 2794 caelatis
1487 2765 1521 2793 et
1535 2764 1608 2792 arte

907 2805 1066 2846 exquisite
1079 2804 1185 2836 factis.
