1907 3231
576 113 642 151 IN
668 111 714 150 L.
743 109 1097 148 CATILINAM.

1478 111 1560 152 64¹7-

110 218 241 259 etiam
264 217 307 259 in
330 223 525 267 senatum
545 217 688 258 venit:
712 216 762 257 fit
779 214 942 272 publici
968 213 1137 255 consilii
1159 214 1373 271 particeps
1394 230 1404 256 t
1435 222 1559 255 notat

114 285 160 316 et
178 276 377 333 designat
398 274 533 316 oculis
555 273 607 314 ad
630 274 795 315 caedem
824 285 1172 327 unumquemque
1193 274 1403 330 nosti-sim.
1465 271 1558 312 Nos

114 341 274 385 autem,
299 333 377 374 viri
410 332 557 383 fortes,
581 330 836 373 satisfacere>
859 329 1113 387 reipublicae·
1143 328 1350 379 videmur,
1374 329 1407 368 si
1436 328 1557 368 istius

116 390 303 431 furorem
337 404 388 430 ac
425 389 510 430 tela
540 388 739 430 vitemus.

798 387 867 429 Ad
902 395 1092 428 mortem'
1112 394 1169 436 te,
1210 385 1412 435 Catilina,
1442 386 1557 435 duci,

106 446 231 502 jussu
254 446 454 498 consulis,
466 444 735 502 jampridem
758 445 1008 502 oportebat:
1041 445 1086 485 in
1117 452 1159 484 te
1180 441 1363 484 conferri
1389 451 1553 497 pestem

114 505 255 555 istam,
277 518 407 560 quam
429 513 474 544 tu
498 504 540 544 in
566 518 641 544 nos
663 503 996 558 omnesjamdiu
1026 501 1301 542 machinaris.
1336 514 1339 518 ’
1361 498 1430 539 An
1452 500 1588 539 veroS

115 562 180 603 vir
211 561 514 617 amplissimus,
554 560 604 602 P.
633 560 796 617 Scipio,
829 560 1029 616 pontifex
1068 558 1298 609 maximus,
1328 555 1395 598 Ti.
1420 555 1557 597 Grac-

115 619 260 670 chum,
283 619 558 660 mediocriter
579 617 910 659 labefactantem
937 626 1098 658 statum
1129 616 1395 673 reipublicae,
1417 613 1560 669 privass

115 685 184 717 tus
206 676 448 717 interfecit:
483 675 716 717 Catilinam
739 689 855 725 verO,
878 675 1025 714 orbem
1049 683 1171 714 terrae
1205 674 1474 729 caede‘atque
1494 671 1560 712 in-

114 733 279 774 cendiis
321 745 485 775 vastare
523 733 785 790 cupientem,
807 746 884 772 nos
923 731 1119 771 consules
1153 731 1559 786 perferem'us?'nam

112 790 186 831 illa
220 791 348 831 nimis
380 792 559 846 antiqua
591 800 815 846 praetereo,
844 788 959 843 quod
984 787 1070 828 GC.
1095 787 1461 829 Servilius·Ah·ala
1483 786 1559 842 Sp..

115 847 317 900 Melium,
341 849 462 890 novis
496 849 622 888 rebus
652 846 910 895 studentem,
944 859 1073 886 manu
1102 860 1178 885 sua
1206 845 1382 885 occidit.

114 905 198 947 fuit
220 905 303 947 ista
317 906 535 961 quondam
558 905 601 945 in
624 904 704 944 hac
727 903 948 959 republica
968 903 1114 953 virtus,
1131 911 1179 942 ut
1203 902 1281 943 viri
1298 902 1431 943 fortes
1451 903 1559 946 acri·
1571 918 1602 947 p.
1616 910 1668 942 98.

1445 843 1559 894 Fuit,

113 963 260 1004 oribus
293 962 518 1019 suppliciis
554 963 693 1003 civem
722 961 1028 1016 perniciosum,
1067 975 1195 1015 quam
1235 959 1558 1000 acerbissimum
1572 960 1602 981 a·

113 1020 283 1061 hostem
327 1021 592 1061 coercerent.

115 1077 317 1128 Catilina,
341 1077 569 1118 vehemens
607 1085 651 1117 et
684 1090 838 1131 grave:

113 1135 232 1185 lium,
257 1149 395 1189 neque
416 1136 651 1176 auctoritas
674 1133 801 1187 hujus
823 1132 1009 1174 ordinis:
1042 1148 1135 1183 nos,
1158 1148 1250 1183 nos,
1273 1132 1371 1173 dico
1394 1140 1555 1187 aperte,

612 1191 819 1233 Decrevit
848 1191 1065 1245 quondam
1098 1200 1284 1241 senatus,
1307 1199 1355 1230 ut
1379 1190 1427 1237 L.
1447 1188 1556 1244 Opi-

113 1192 310 1234 eonsules
334 1193 550 1233 desumus.

662 1022 680 1052 7
703 1017 927 1059 Habemus
962 1017 1381 1058 senatusconsultum
1418 1016 1462 1057 in
1501 1025 1558 1066 te,

872 1090 960 1117 non
992 1075 1112 1116 deest
1140 1074 1391 1130 reipublicae
1415 1074 1558 1114 consi-

1570 1168 1600 1215 2

113 1250 225 1291 mius
248 1250 397 1290 consul
420 1250 597 1299 videret,
619 1264 673 1290 ne
695 1248 798 1303 quid
830 1248 1073 1304 respublica
1099 1248 1346 1288 detrimenti
1368 1241 1592 1303 caperet.4

114 1323 203 1348 nox
223 1307 339 1348 nulla
360 1307 601 1348 intercessit
621 1326 629 1348 ;
664 1305 914 1346 interfectus
937 1316 1002 1346 est
1024 1315 1199 1362 propter
1220 1305 1426 1360 quasdam
1450 1303 1560 1344 sedi·-

115 1366 282 1406 tionum
307 1365 572 1421 suspiciones
598 1364 649 1405 C.
674 1363 913 1413 Gracchus,
937 1362 1173 1404 clarissimo
1195 1373 1330 1419 patre,
1350 1377 1449 1412 avo,
1471 1376 1562 1402 ma-

107 1422 305 1478 joribus:
329 1437 497 1463 occisus
516 1431 580 1462 est
601 1436 699 1463 cum
721 1419 866 1461 liberis
887 1420 954 1461 M.
970 1420 1161 1472 Fulvius,
1184 1420 1433 1461 consularis

1494 1419 1563 1460 Si-

114 1480 206 1520 mili
225 1478 612 1530 senatusconsulto,
634 1478 686 1520 C.
702 1477 847 1518 Mario
870 1487 914 1518 et
929 1478 977 1518 L.
992 1477 1179 1530 Valerio,
1193 1478 1562 1532 consulib11S,pei·-

113 1537 244 1578 missa
259 1547 325 1577 est
341 1537 596 1592 respublica.
620 1539 637 1567 8
654 1550 756 1576 num
776 1549 908 1576 unum
923 1535 1038 1576 diem
1058 1544 1208 1591 postea
1224 1534 1563 1575 L.Saturninum

114 1594 337 1635 tribunum
369 1594 522 1650 plebis,
554 1603 598 1634 et
630 1593 682 1634 C.
706 1593 935 1634 Servilium
969 1603 1214 1648 praetorem,
1246 1607 1362 1632 mors
1395 1607 1444 1633 ac
1482 1591 1564 1632 rei-

114 1650 302 1708 publicae
326 1667 461 1708 poena
490 1660 703 1692 remorata
732 1653 824 1692 est?

873 1650 932 1690 At
959 1665 1035 1690 nos
1058 1651 1311 1692 vicesimum
1332 1649 1426 1704 jam
1448 1649 1563 1689 diem

117 1709 305 1765 patimur
325 1709 553 1750 hebescere
566 1708 703 1749 aciem
717 1708 870 1749 horum
888 1708 1174 1749 auctoritatis.
1208 1707 1433 1748 Habemus
1447 1707 1563 1747 enim

115 1766 366 1821 hujusmodi
402 1766 836 1816 senatusconsultum,
861 1776 1154 1806 verumtamen
1183 1765 1394 1806 inclusum
1424 1765 1468 1805 in
1499 1773 1564 1804 ta.-

118 1824 246 1874 bulis,
269 1827 523 1879 9tamquam
561 1823 753 1880 gladium
790 1823 834 1863 in
864 1823 1023 1878 vagina
1055 1823 1352 1864 reconditum:
1385 1837 1472 1877 quo
1507 1836 1563 1863 ex

118 1881 490 1922 senatusconsulto
532 1880 764 1922 confestim
806 1880 1084 1921 interfectum
1127 1890 1170 1921 te
1210 1894 1316 1930 esse,
1359 1879 1563 1931 Catilina,

121 1942 160 1975 ¹0
171 1939 390 1980 convenit.

104 2066 301 2108 serendus?
322 2070 422 2100 immo
436 2079 511 2100 vero
532 2070 634 2100 etiam
655 2067 820 2111 adjuvan-

122 2111 195 2142 dus.

160 2154 180 2184 6
209 2153 241 2183 C.
270 2153 430 2185 Servilius
453 2153 580 2193 Ahala]
598 2154 651 2184 Sic
675 2153 748 2185 dedi
763 2163 822 2195 pro

119 2195 165 2237 ρ.
190 2206 219 2225 v.
237 2196 327 2227 Clav.
346 2198 381 2227 in
398 2196 434 2227 C.
450 2196 543 2227 Serv.

160 2241 179 2271 7
191 2239 363 2269 Habemus
377 2238 478 2278 enim]
493 2237 608 2269 Delevi
623 2239 722 2276 enim,
733 2237 820 2278 quod

119 2281 139 2311 a
165 2281 312 2321 pluribus
341 2281 432 2312 libris
457 2281 561 2311 abest.
609 2280 687 2311 Non
713 2281 821 2311 multo

97 2345 103 2351 .
120 2328 195 2364 post
218 2328 269 2354 est
285 2324 457 2354 Habemus
479 2324 579 2358 enim,
595 2328 704 2353 recte:
735 2323 822 2354 unde

118 2366 206 2397 enim
219 2365 284 2396 huc
294 2366 449 2406 migrasse
460 2365 601 2396 videtur.
625 2366 677 2396 Sic
690 2371 723 2396 et
733 2366 824 2396 Grae-

120 2408 192 2438 vius
207 2408 320 2438 edidit.

164 2453 182 2482 8
206 2460 287 2481 num
300 2460 404 2480 unum
417 2450 502 2482 diem
512 2460 548 2490 p.
566 2450 607 2480 L.
626 2448 823 2489 ›SC—prmo-

119 2502 205 2530 rem‚
221 2503 307 2523 mors
322 2492 398 2532 &e.]
416 2493 480 2523 Hic
493 2493 598 2529 locus,
611 2496 649 2522 ut
664 2492 763 2532 vulgo
777 2492 824 2522 le-

101 2542 103 2544 ·
121 2535 224 2574 gitur,
240 2544 339 2565 sanus
353 2544 421 2565 esse
436 2545 503 2565 non
518 2540 628 2575 potest
643 2545 699 2574 per
713 2534 825 2565 latini-

121 2582 239 2607 tatem.
283 2577 372 2609 Nam
387 2577 490 2608 latine
505 2587 571 2608 non
585 2576 825 2617 dicitur-‚poena

122 2623 315 2649 remoratur
329 2623 386 2649 aut
402 2624 554 2650 moratur
570 2620 731 2650 hominem
747 2631 755 2648 :
771 2618 828 2649 sed

124 2661 189 2699 vel,
218 2661 285 2691 dies
309 2666 460 2692 moratur
482 2672 630 2702 pretium,
659 2661 709 2691 vel
727 2671 828 2701 poena

123 2704 263 2747 lgomt'm's
293 2708 447 2734 ‘moratur
469 2706 528 2735 ἃς.
563 2714 621 2734 nec
655 2706 827 2744 quisquam

122 2745 281 2785 exemplis
314 2745 437 2777 idoneis
469 2750 502 2776 et
527 2746 679 2786 analogia
705 2747 829 2785 linguae

123 2784 266 2825 docebit,
283 2787 379 2818 aliter
393 2798 472 2819 esse.
511 2788 599 2828 Ergo
622 2789 829 2819 scribendum

125 2829 254 2859 videtur
281 2830 323 2860 L.
343 2830 520 2861 Saturnini
538 2832 663 2861 tribuni
679 2833 728 2872 pl.
745 2836 776 2861 et
793 2831 829 2861 C.

125 2871 259 2903 Servilii
266 2871 322 2912 Pr.
339 2872 542 2914 Compendia
550 2874 721 2914 scripturae
734 2874 768 2903 in
781 2873 831 2903 his

452 1938 595 1981 Vivis:
629 1948 672 1979 et
704 1937 812 1979 vivis
848 1952 933 1978 non
967 1938 1020 1979 ad
1053 1938 1369 1994 deponendam,
1404 1938 1478 1979 sed
1510 1938 1566 1979 adv

864 2068 1052 2099 nominibus
1067 2078 1210 2099 errorem
1227 2073 1436 2109 pepererunt.

905 2115 926 2144 9
949 2116 1121 2151 tamquam
1140 2113 1293 2150 gladium
1311 2113 1344 2141 in
1359 2122 1387 2141 υ.
1404 2111 1483 2151 retu]
1512 2112 1565 2143 Sic

865 2153 936 2183 edd.
950 2154 1002 2183 W.
1022 2156 1110 2184 1480.
1147 2155 1197 2184 Ab
1214 2155 1298 2191 aliis,
1313 2160 1353 2184 ut
1367 2154 1438 2184 edd.
1453 2155 1492 2185 R.
1508 2155 1566 2186 ΒΓ.

867 2197 923 2226 ἃς.
935 2196 1039 2232 abest,
1051 2201 1089 2225 ut
1097 2201 1130 2226 et
1140 2197 1219 2226 Mss.
1231 2197 1378 2237 pluribus
1383 2219 1392 2234 ,
1399 2198 1568 2235 gladium,

863 2238 951 2268 unde
975 2243 1009 2268 et
1035 2238 1194 2269 Gruterus
1220 2240 1343 2270 omisit.
1388 2240 1452 2270 Sed
1480 2241 1567 2271 ratio

864 2280 1041 2311 latinitatis
1063 2287 1096 2311 ct
1111 2280 1345 2312 concinnitatis
1361 2292 1427 2313 non
1441 2283 1570 2323 patitur

867 2323 991 2354 abesse:
1017 2323 1113 2353 aliter
1127 2330 1224 2361 esset,
1248 2326 1274 2355 si
1298 2327 1462 2357 inclusum
1477 2330 1568 2358 abes-

868 2372 933 2396 set:
959 2370 1175 2396 veruntamen
1204 2369 1238 2397 in
1263 2369 1384 2399 tabulis
1407 2375 1568 2410 tanquam

863 2410 900 2438 in
920 2410 1046 2446 vagina
1060 2409 1261 2440 reconditum
1275 2424 1283 2440 ,-
1307 2412 1393 2451 quod
1415 2421 1493 2442 sane
1517 2418 1569 2444 est

865 2450 1048 2490 elegantius
1074 2451 1221 2491 vulgato,
1247 2452 1443 2493 quocunque
1470 2455 1569 2486 modo

866 2492 996 2532 legeris.
1041 2492 1105 2523 Sed
1127 2496 1151 2523 si
1176 2501 1288 2526 manet
1312 2495 1441 2527 SC'tum
1463 2499 1570 2528 inc-lu·-

867 2545 940 2565 sum
971 2537 1004 2566 in
1033 2536 1118 2565 tahh.
1146 2538 1327 2568 necessario
1346 2537 1446 2579 sequi
1473 2539 1572 2572 debet

868 2582 1028 2617 tanquam
1039 2579 1193 2616 gladium
1208 2580 1241 2609 in
1254 2590 1331 2619 vag.
1345 2583 1560 2614 reconditum.

916 2624 952 2651 10
967 2621 1128 2660 convenit]
1148 2621 1187 2651 In
1204 2623 1348 2663 perfecto
1363 2624 1570 2666 capiendum.

871 2662 955 2692 forte
980 2663 1046 2692 fuit
1069 2665 1287 2702 eom'eniebat,
1311 2670 1350 2696 ut
1372 2675 1517 2708 supra'c.
1544 2670 1572 2698 1.

871 2706 1042 2744 oportebat.
1073 2706 1136 2736 Sed
1152 2706 1196 2736 ibi
1211 2712 1260 2737 est
1275 2706 1320 2738 ad
1334 2714 1469 2740 mortem
1484 2711 1574 2747 duci,

872 2747 925 2777 hic
939 2747 1148 2787 interjectum
1165 2759 1239 2779 esse.
1272 2749 1407 2782 Frustra
1421 2752 1576 2784 Muretus

874 2790 1008 2819 verbum
1033 2791 1154 2830 ipsum,
1176 2796 1215 2821 ut
1239 2793 1324 2828 male
1345 2793 1486 2826 latinum
1511 2793 1576 2825 hoe

874 2841 983 2869 sensu,
1001 2831 1268 2874 reprehendebat.
1568 2850 1577 2854 ν

798 2922 912 2963 Τῖ4
