1907 3231
592 109 652 146 IN
684 109 730 147 L.
765 106 1120 146 CATILINAM.
1504 111 1578 146 665

143 211 304 266 species
345 221 409 254 est
440 211 764 255 honestissima:
807 222 906 254 sunt
938 211 1053 252 enim
1088 210 1346 267 locupletes:
1380 211 1577 252 voluntas

141 282 242 309 vero
281 281 323 310 et
359 286 487 312 causa
517 270 902 326 impudentissima.
962 268 1026 310 Tu
1057 268 1186 324 agris,
1221 278 1266 308 tu
1296 269 1505 320 aedificiis,
1530 278 1578 311 tu

140 336 336 380 argento,
370 337 415 368 tu
453 326 631 378 familia,
670 337 715 368 tu
753 328 877 369 rebus
909 326 1107 367 omnibus
1140 337 1314 366 omatus
1353 337 1396 366 et
1427 327 1577 382 copio-

141 396 209 422 sus
241 385 322 426 sis:
354 395 398 425 et
428 384 597 425 dubites
629 385 682 426 de
714 385 981 441 possessione
1012 383 1248 433 deu-,ahere
1271 383 1490 446 acquireie
1521 384 1575 425 ad

139 438 297 483 fidem?
329 441 445 488 Quid
476 441 590 482 enim
622 445 878 498 exspectas?
910 441 1098 483 bellum?
1129 440 1262 495 quid?
1293 454 1395 495 elgo
1424 455 1467 480 m
1502 455 1575 481 va-

139 499 323 538 statione
340 499 533 540 omnium
567 509 658 540 tuas
684 514 970 556 possessmnes
994 508 1285 539 sacrosanctas
1309 496 1472 537 futuras
1496 512 1575 552 pu-

139 557 229 596 tas?
260 570 313 595 an
337 557 503 597 tabulas
527 559 688 598 novas?
718 569 875 608 e1··,1ant
909 557 982 612 qui
1018 556 1119 596 istas
1153 571 1178 596 a
1201 554 1390 596 Catilina
1422 568 1575 610 exspe-

137 620 271 653 ctant.
303 615 449 655 9911160
470 611 679 655 beneficio
699 614 857 655 tabulae
881 628 1006 654 novae
1027 612 1311 669 proterentm,
1334 626 1481 652 verum
1500 626 1574 652 au-

138 669 377 711 ctionariae.
402 685 538 726 neque
557 671 669 713 enim
696 672 783 722 isti,
803 672 875 727 qui
901 670 1192 734 possessiones
1213 670 1387 720 habent,
1409 669 1491 710 alia
1509 683 1575 710 ra-

138 725 255 767 tione
285 727 370 768 ulla
389 728 492 769 salvi
516 743 606 769 esse
629 738 823 784 possunt.
846 728 960 783 quod
986 743 1019 767 s1
1041 727 1247 768 maturius
1263 726 1402 768 facere
1418 726 1575 767 voluis-

137 793 246 836 sent,
280 799 418 841 neque
439 786 501 839 (id
535 786 648 841 quod
679 786 979 826 stultissimum
1003 786 1085 834 est)
1114 794 1276 825 certare
1303 799 1400 825 cuin
1436 785 1573 826 usuris

135 839 347 883 fructibus
382 843 665 899 piaedior;um
696 853 740 883 et
770 842 1123 898 locupletioribus
1159 842 1224 882 his
1247 850 1290 882 et
1321 840 1571 884 melioribus

133 897 302 940 civibus
325 909 553 941 uteremur.
614 900 699 940 Sed
731 900 861 940 hosce
894 899 1088 940 homines
1111 899 1289 940 minime
1311 907 1416 954 puto
1442 899 1572 955 perti-

136 958 403 1008 mescendOS,
426 957 589 1012 3⁰quod
622 966 695 998 aut
729 957 881 998 deduci
916 957 968 997 de
1001 957 1214 997 sententia
1247 966 1450 1012 possunt3
1482 966 1571 1007 aut,

133 1013 167 1053 si
200 1015 527 1069 permanebunt,
562 1015 700 1071 mao-is
732 1015 838 1056 mihi
870 1015 1070 1055 videntur
1102 1024 1203 1054 vota
1234 1013 1388 1054 facturi
1421 1023 1573 1054 contra

133 1071 459 1127 rempublicam,
474 1087 602 1127 quam
623 1087 741 1113 arma
759 1072 901 1113 laturi.
952 1071 1148 1113 Alterum
1169 1086 1303 1128 genus
1325 1080 1390 1111 est
1407 1084 1570 1122 eorum,
1584 1076 1619 1130 9

132 1128 205 1182 qui
229 1143 490 1185 quamquam
515 1140 778 1186 pr'emuntur
798 1144 882 1171 aere
904 1129 1058 1181 alieno,
1090 1132 1127 1159 3¹
1144 1128 1485 1170 dominationem
1507 1138 1571 1170 ta·
1587 1148 1634 1184 19

130 1199 230 1226 men
252 1196 533 1242 exspectant:
558 1201 698 1228 retum
722 1188 852 1244 potiri
874 1187 1046 1228 volunt:
1072 1186 1271 1252 honoreS‚
1294 1201 1401 1242 quos
1424 1186 1572 1241 quieta

136 1243 360 1299 iepublica
376 1244 620 1300 desperant,
645 1245 895 1302 perturbata
915 1244 1119 1299 consequi
1142 1258 1185 1284 se
1218 1258 1340 1300 posse
1360 1244 1572 1285 arbitran-

135 1308 217 1340 tur.
271 1302 443 1348 Quibus
468 1302 550 1343 hoc
587 1303 926 1359 praecipiendum
959 1302 1142 1353 videtur,
1177 1316 1309 1342 unum
1344 1301 1507 1342 scilicet
1529 1311 1574 1342 et

130 1356 259 1409 idem,
281 1359 397 1414 quod
419 1360 572 1400 ceteris
591 1361 808 1410 omnibus,
832 1369 879 1400 ut
901 1360 1142 1415 desperent,
1165 1361 1206 1390 32
1220 1373 1263 1400 se
1286 1358 1343 1422 id,
1366 1359 1499 1423 quod.
1499 1373 1572 1400 co-

130 1423 302 1467 nantur,
327 1417 533 1471 consequi
563 1431 711 1473 posse:
746 1417 933 1472 primum
967 1431 1161 1458 omnium
1196 1431 1264 1457 me
1295 1415 1437 1472 ipsum
1463 1416 1615 1480 yigi-b·

129 1471 230 1523 lare,
264 1473 427 1523 adesse,
458 1475 684 1538 providere
717 1474 984 1529 ieipublicae.
1016 1473 1171 1514 deinde
1193 1487 1374 1529 magnos
1407 1488 1574 1515 ammos

127 1542 218 1569 esse
238 1529 280 1570 in
306 1531 428 1571 bonis
454 1531 567 1583 viris,
583 1546 784 1588 magnam
802 1530 1096 1581 concordiam,
1118 1532 1158 1561 33
1170 1531 1406 1571 maximam
1430 1530 1575 1572 multi-

128 1586 338 1639 tudinem,
371 1602 551 1644 magnas
586 1598 794 1645 praeterea
827 1589 975 1644 copias
1008 1588 1223 1640 militum3
1254 1588 1357 1629 deos
1389 1587 1577 1644 denique

131 1643 394 1686 immoltales
431 1645 530 1687 huic
563 1646 728 1687 invicto
767 1647 944 1710 populo,
978 1645 1214 1687 clarissimo
1248 1645 1446 1701 imperio,
1480 1646 1575 1701 pul-

127 1700 352 1743 cherlimae
377 1702 487 1753 urbi,
510 1712 661 1744 contra
683 1713 847 1744 tantam
874 1718 959 1744 vim
983 1702 1167 1753 sceleris,
1191 1711 1422 1759 praesentes
1446 1702 1572 1743 auxi-

131 1757 238 1799 lium
260 1773 352 1800 esse
370 1759 547 1801 latui-,os
581 1760 782 1807 Quodsi
766 1775 803 1815 J
791 1775 858 1800 ·-1m
880 1761 965 1802 sint
984 1761 1042 1811 id,
1066 1760 1181 1815 quod
1205 1774 1303 1801 cum
1319 1775 1487 1801 summo
1506 1759 1576 1801 fu-

127 1830 221 1856 rore
240 1816 437 1872 cupiunt,
451 1818 622 1874 adepti:
647 1833 749 1859 num
768 1817 853 1858 illi
844 1833 887 1859 m
901 1818 1044 1859 cinere
1064 1817 1197 1868 urbis,
1217 1827 1260 1858 et
1283 1818 1493 1873 sanguine
1513 1817 1575 1859 ci-

128 1872 262 1924 vium,
293 1889 390 1929 quae
428 1886 570 1916 mente
601 1875 892 1916 conscelerata
914 1891 963 1917 ac
995 1874 1160 1916 nefaria
1178 1875 1507 1932 concupierunt,
1531 1889 1574 1917 se

126 1930 322 1972 consules
344 1946 393 1972 ac
416 1933 662 1984 dictatores,
682 1942 756 1974 aut
772 1933 901 1974 etiam
923 1947 1042 1989 reges
1067 1941 1240 1988 sperant
1259 1930 1453 1973 futuros?
1484 1947 1571 1974 non

128 1987 275 2029 vident
297 1988 339 2029 id
363 2003 406 2031 se
427 2004 597 2046 cupere,
620 1990 734 2054 quod
768 1991 800 2030 si
835 1991 980 2046 adepti
1013 1990 1187 2040 fuerint,
1210 1989 1398 2046 fugitivo
1426 1990 1569 2040 alicui,

124 2055 201 2086 aut
222 2046 450 2102 gladiatoii
472 2048 650 2089 concedi
675 2048 730 2088 sit
750 2051 950 2090 necesse?
981 2047 1176 2089 Tertium
1196 2061 1332 2104 genus
1355 2055 1419 2088 est
1441 2057 1570 2089 aetate
1581 2052 1634 2086 ‘20

867 2209 973 2239 fluxit.
1031 2208 1092 2239 Ed.
1119 2209 1172 2238 W.
1201 2208 1302 2239 habet
1328 2209 1396 2248 qui,
1426 2209 1512 2249 quod
1536 2216 1574 2245 et.

866 2252 1014 2282 Graevius
1030 2262 1047 2282 e
1061 2252 1125 2282 Ms.
1144 2252 1280 2292 recepit:
1307 2252 1390 2282 nihil
1403 2252 1551 2284 interest,

908 2297 944 2324 31
971 2294 1223 2324 dominationem
1251 2294 1452 2334 eof-spectant]
1492 2294 1573 2326 Fru-

123 2207 233 2247 aliquo
248 2207 348 2244 malo,
366 2215 403 2238 ut
427 2209 565 2249 opinor:
589 2210 649 2239 etsi
667 2208 699 2239 id
715 2209 821 2250 ipsum

122 2260 250 2289 quoque
273 2251 416 2281 insolens
439 2258 499 2282 est.
544 2252 614 2282 Nec
638 2252 773 2282 adduc-ti
788 2257 822 2282 et

121 2293 250 2323 dissolvi
276 2294 500 2325 consentiunt.
564 2294 615 2324 An
643 2295 821 2325 adstricti?

125 2345 153 2366 ν.
170 2333 284 2365 Parad.
305 2335 332 2370 1,
347 2337 376 2366 27.
864 2342 933 2367 stra
955 2337 1087 2375 quidam
1111 2337 1282 2375 corrigunt
1307 2341 1472 2376 eea-petunt.
1517 2337 1572 2367 In-

166 2381 206 2412 ⁶29
222 2387 290 2407 meo
306 2377 454 2418 beneficio
468 2378 587 2408 tabulae
599 2387 687 2408 novoe
694 2377 781 2417 prof.
794 2388 825 2408 v.
868 2380 920 2408 fra
946 2383 996 2409 est
1009 2390 1015 2408 τ
1051 2389 1084 2409 se
1118 2380 1275 2414 eonsules,
1308 2380 1482 2409 dictatores
1512 2385 1575 2411 aut

125 2419 353 2460 auctionarioe]
402 2420 582 2459 Nunquam
620 2421 672 2451 hic
709 2430 828 2450 conco-
869 2422 969 2451 etiam
982 2431 1075 2460 reges
1086 2420 1372 2460 sperantfitturos.

122 2472 219 2501 quere
248 2462 340 2510 potui
364 2462 494 2492 tabulas
522 2472 639 2493 novas·
665 2473 742 2492 nam
768 2473 826 2493 au-

122 2505 293 2536 ctionariae
309 2505 431 2534 tabulae
445 2504 537 2535 nullo
554 2505 651 2535 modo
669 2516 706 2535 ac
729 2515 825 2535 sensu

124 2556 212 2577 notoe
226 2547 288 2577 diei
302 2553 453 2587 possunt,
468 2552 507 2576 ut
529 2548 656 2588 opinor.
701 2547 761 2578 Est
775 2548 822 2578 di-

121 2595 213 2619 ctum
229 2590 311 2632 παρὰ
328 2587 508 2632 προσδοκίαν.
554 2590 695 2620 Auditor
710 2599 823 2629 exspe-

122 2637 192 2662 etat
207 2633 338 2662 tabulas
353 2643 470 2666 nomm,-
495 2632 550 2662 sed
574 2633 678 2672 lepide
701 2632 822 2672 decipi-

121 2680 190 2711 tur,
206 2684 281 2704 cum
297 2684 354 2714 pro
380 2685 480 2706 notas
503 2675 607 2711 audit,
632 2684 746 2705 verum
761 2685 821 2705 au-

122 2717 308 2747 ctionarias.
366 2717 482 2757 Itaque
511 2728 611 2748 novas
644 2717 821 2747 delendum

122 2766 216 2798 puto,
244 2759 330 2798 quod
354 2769 412 2800 per
434 2760 576 2799 glossam
596 2759 746 2790 additum
759 2764 820 2790 est.

122 2801 204 2832 Edd.
221 2811 269 2841 pr.
285 2801 385 2832 etiam
400 2802 523 2833 habent
534 2801 766 2842 proferuntur.

163 2846 204 2875 30
226 2844 311 2884 quod
322 2849 383 2876 aut
397 2845 442 2886 d.]
471 2845 545 2876 Hoc
566 2855 606 2876 ex
628 2844 678 2876 ed.
703 2844 742 2876 R.
765 2844 822 2875 ΒΓ.

911 2466 952 2493 3⁴2
973 2473 1006 2493 se
1030 2463 1075 2500 id,
1101 2464 1187 2503 quod
1211 2468 1385 2500 conantur,
1412 2473 1496 2494 cons.
1513 2464 1568 2505 p.)

869 2505 907 2535 In
923 2506 972 2536 ed,
998 2505 1051 2535 W.
1078 2508 1169 2536 1480.
1191 2516 1224 2535 se
1246 2510 1294 2535 est
1319 2511 1396 2536 ante
1411 2509 1572 2546 consequi,

865 2548 951 2587 quod
965 2553 1015 2578 est
1030 2547 1146 2578 lenius.
1191 2547 1319 2578 Deinde
1331 2558 1389 2588 pro
1405 2554 1569 2580 conantur

864 2596 915 2621 est
931 2590 1120 2630 leg-endum,
1136 2595 1306 2620 conentur.

907 2635 947 2663 33
973 2634 1155 2663 maz-imam
1193 2633 1453 2673 multitudinem]
1498 2633 1573 2664 Hoc

865 2675 997 2705 nonita
1012 2675 1124 2705 referri
1142 2679 1252 2715 potest
1274 2675 1314 2705 ad
1341 2676 1439 2705 verba
1461 2676 1498 2705 in
1521 2677 1572 2706 bo-

863 2719 914 2748 m's
942 2719 1034 2753 viris,
1063 2722 1101 2747 ut
1130 2718 1257 2747 animos
1283 2722 1318 2748 et
1354 2718 1572 2750 concordiam.

864 2760 979 2800 Itaque
993 2759 1247 2799 intelligendum
1257 2770 1389 2791 eorum:
1403 2760 1489 2790 sicut
1499 2765 1575 2799 post

864 2809 914 2833 est
929 2803 1206 2842 copiasmilitum:
1222 2802 1278 2833 sed
1289 2802 1475 2835 estdurius.
1494 2802 1573 2839 For-

864 2852 951 2877 tasse
967 2844 1090 2885 aliquid
1104 2844 1237 2876 excidit-
