1907 3231
339 134 418 169 ⁶33
930 130 1181 172 ORATIO

336 244 542 286 mortem,
564 243 692 291 atque
715 236 783 279 ille
816 245 1137 294 persequeretur
1168 234 1312 276 fratris
1342 235 1422 287 sui,
1444 235 1478 276 si
1498 235 1580 277 ista
1610 237 1775 289 ratione

341 306 470 348 agere
494 293 720 336 voluisset:
751 304 794 336 et
818 309 892 350 par
924 293 1182 334 desiderium
1214 292 1277 333 sui
1309 291 1482 347 reliquit
1502 294 1615 349 apud
1636 309 1775 350 popu-

346 349 435 390 lum
480 348 724 391 Romanum
769 351 980 392 Labienus
1015 349 1108 400 iste,
1131 351 1360 406 24patruus
1395 360 1545 402 vester,
1580 352 1772 406 quisquis

347 406 445 457 fuit,
477 422 527 448 ac
555 407 621 450 Ti.
654 408 876 449 Gracchus
920 405 1173 460 reliquerat?
1224 406 1293 448 An
1334 407 1471 462 pietas
1506 416 1579 447 tua
1621 409 1772 463 maior,

345 479 475 518 quam
499 463 715 506 Gracchi?
744 479 795 504 an
814 463 1009 504 animus?
1040 478 1090 509 an
1114 463 1364 506 consilium?
1394 480 1447 506 an
1471 468 1597 520 opes?
1629 481 1681 508 an
1700 480 1774 507 an.-

347 522 550 563 otor-itas?
582 536 632 562 an
658 520 932 574 eloquentia?
964 535 1077 574 quae,
1092 520 1125 559 si
1148 521 1189 560 in
1214 520 1284 561 illo
1308 521 1486 563 minima
1503 522 1775 574 fuis-sent,ta.-

286 582 444 622 l5men
465 582 606 633 Εὔμαιε·
630 578 712 617 tuis
736 576 1011 619 facultatibus
1032 577 1222 618 maxima
1243 586 1507 633 putarentur.
1540 578 1650 620 Cum
1676 593 1777 631 vero

344 635 410 676 his
433 636 556 676 rebus
578 635 778 681 omnibus
801 633 854 675 C.
878 633 1102 677 Gracchus
1124 648 1271 675 omnes
1294 634 1458 686 vicerit,
1479 646 1687 690 quantum
1707 637 1775 686 :in-

343 691 566 732 tervallum
595 691 765 732 tandem
795 691 905 732 inter
935 700 974 732 te
1007 702 1136 745 atque
1169 690 1288 732 illum
1325 691 1597 746 interjectum
1617 696 1772 750 putas?

343 749 426 789 Sed
463 758 696 789 moreretur
732 748 847 804 prius
870 748 1146 789 acerbissima
1174 757 1314 791 morte
1346 748 1498 790 millies
1535 749 1774 802 Gracchus,

341 820 470 860 quam
494 805 536 845 in
551 805 642 860 ejus
663 806 871 847 concione
887 804 1081 847 carnifex
1098 805 1351 846 consisteret
1363 822 1387 846 ε.
1403 821 1528 861 quem
1543 821 1628 858 non
1645 808 1777 859 modo

341 863 452 913 foro,
475 862 547 903 sed
569 863 698 903 etiam
731 862 838 904 caelo
869 862 952 904 hoc
980 878 1030 904 ac
1062 863 1214 918 spiritu
1246 863 1452 906 censoriae
1487 863 1617 919 legeS,
1648 874 1776 920 atque

342 920 460 960 urbis
479 920 700 961 domicilio
714 934 857 961 carere
881 920 1120 962 voluerunt.
1183 919 1270 961 Hic
1293 934 1337 960 se
1356 920 1609 977 ,popularem
1633 920 1775 970 dicere

333 976 485 1028 audet,
516 991 583 1017 ine
604 978 790 1018 alienum
812 993 839 1018 a
856 977 1094 1018 commodis
1129 978 1300 1019 vestris:
1334 992 1432 1018 cum
1464 978 1543 1019 iste
1564 992 1712 1020 omnes
1733 989 1776 1030 et

342 1034 649 1089 suppliciorum
675 1046 718 1075 et
743 1036 968 1075 verborum
990 1035 1260 1086 acerbitates,
1281 1049 1366 1076 non
1388 1050 1441 1076 ex
1472 1037 1680 1078 memoria
1704 1051 1776 1078 ve-

342 1101 430 1131 stra
451 1106 500 1132 ac
533 1101 702 1147 patrum
738 1101 990 1141 vestrorum,
1020 1091 1095 1132 sed
1131 1106 1185 1132 ex
1215 1092 1432 1133 annalium
1470 1093 1775 1145 monumentis,

343 1158 473 1203 atque
492 1163 548 1189 ex
588 1163 735 1205 regum
770 1149 1090 1190 commentariis
1122 1149 1428 1203 conquisierit:
1458 1164 1540 1206 ego
1575 1151 1777 1197 omnibus

343 1205 450 1246 meis
469 1206 640 1261 opibus,
663 1207 863 1247 omnibus
893 1204 1098 1257 consiliis,
1121 1206 1320 1247 omnibus
1342 1206 1469 1248 dictis
1500 1216 1628 1262 atque
1650 1207 1775 1257 factis

343 1264 634 1319 repugnarim,
654 1273 696 1304 et
727 1263 954 1305 restiterim
986 1263 1252 1305 crudelitati?
1288 1263 1382 1304 Nisi
1405 1263 1516 1304 forte
1539 1264 1648 1312 hanc
1669 1279 1774 1309 con.-

342 1320 553 1361 ditionem
588 1321 708 1361 vobis
740 1334 832 1362 esse
870 1320 1012 1366 vultis,
1042 1335 1168 1375 quam
1204 1321 1328 1371 servi,
1357 1321 1393 1362 si
1425 1320 1633 1366 libertatis
1655 1336 1775 1378 spem

283 1395 330 1430 16
344 1378 609 1433 propositam
627 1393 710 1419 non
733 1378 954 1428 haberent,
972 1377 1081 1418 ferre
1104 1377 1218 1418 nullo
1232 1378 1360 1418 modo
1380 1387 1568 1434 possent.
1611 1377 1776 1425 Misera

342 1443 408 1475 est
422 1435 660 1492 ignominia
674 1435 1409 1490 judiciorumpublicorum,misera
1425 1435 1623 1478 multatio
1642 1437 1778 1487 bono-

341 1506 452 1543 rum,
474 1494 676 1534 miserum
697 1492 916 1534 exsilium:
950 1492 1022 1532 sed
1053 1502 1196 1533 tamen
1229 1493 1273 1532 in
1296 1492 1413 1533 omni
1446 1493 1690 1541 calamitate
1710 1508 1775 1536 re-

299 1549 505 1594 b.tinetur
538 1549 710 1604 aliquod
746 1549 973 1605 vestigium
1005 1549 1228 1590 libertatis.
1255 1564 1368 1590 mors
1392 1549 1575 1605 denique
1605 1551 1640 1591 si
1676 1565 1774 1606 pro-

344 1607 532 1662 ponitur,
553 1606 651 1647 26in
673 1606 870 1647 libertate
892 1606 1113 1647 morimur.
1136 1606 1329 1647 carnifex
1354 1621 1467 1658 vere,
1493 1616 1537 1648 et
1567 1607 1774 1658 obductio

341 1664 511 1719 capitis,
533 1673 577 1705 et
597 1678 755 1705 nomen
777 1665 916 1719 ipsum
941 1664 1094 1714 crucis,
1128 1664 1240 1704 absit
1263 1678 1347 1704 non
1375 1664 1503 1705 modo
1536 1679 1561 1706 a
1595 1679 1774 1720 corpore

341 1722 503 1762 civium
537 1721 849 1771 Romanorum,
882 1720 955 1760 sed
986 1720 1116 1761 etiarn
1139 1736 1164 1760 a
1185 1720 1465 1776 cogitatione,
1490 1720 1640 1772 oculis,
1662 1722 1774 1765 auri-

343 1778 437 1818 bus.
470 1778 621 1819 harum
653 1779 768 1818 enim
799 1777 989 1818 omnium
1016 1791 1170 1827 rerum,
1194 1792 1278 1818 non
1301 1777 1438 1817 solum
1459 1780 1497 1813 27
1512 1786 1690 1818 eventus
1711 1788 1778 1819 at-

341 1849 424 1889 que
444 1835 677 1891 perpessiO,
697 1835 769 1876 sed
804 1835 932 1876 etiam
957 1834 1165 1884 conditi0‚
1187 1834 1470 1890 exspectatio,
1501 1835 1664 1876 mentio
1685 1836 1779 1893 ipsa

340 1892 466 1948 deniq
475 1907 539 1943 ue,
559 1892 739 1948 indigna
758 1892 853 1933 cive
877 1891 1075 1932 Romano
1098 1889 1227 1946 atque
1249 1891 1423 1932 homine
1442 1890 1576 1933 libero
1595 1901 1673 1934 est.
1703 1892 1774 1935 An

340 1964 441 1990 vero
464 1965 607 1990 servos
629 1959 795 1990 nostros
819 1949 973 1990 horum
989 1949 1300 2004 suppliciorum
1319 1948 1513 1989 omnium
1535 1957 1667 2001 metu,
1698 1951 1776 1991 do*-

339 2007 556 2048 minorum
579 2006 824 2062 benignitas
846 2021 932 2047 una
954 2006 1144 2047 vindicta
1165 2008 1204 2036 ‘38
1218 2005 1418 2047 liberabit
1437 2024 1447 2059 3
1477 2020 1557 2047 nos
1580 2021 1604 2046 a
1626 2008 1775 2056 verbe-

340 2064 473 2115 ribus,
495 2065 549 2105 ab
582 2079 707 2115 unco,
735 2079 760 2104 a
791 2063 930 2105 crucis
966 2063 1150 2118 denique
1181 2070 1355 2114 terrore,
1377 2077 1515 2118 neque
1537 2077 1601 2104 res
1624 2074 1773 2119 gestae,

280 2130 328 2168 17
341 2135 479 2178 neque
491 2130 586 2162 acta
609 2131 727 2173 aetas,
749 2135 888 2176 neque
912 2120 1046 2161 nostri
1070 2120 1252 2161 honores
1270 2120 1580 2163 vindicabunt?
1611 2121 1778 2167 Quam-

337 2277 379 2309 ad
406 2288 488 2316 rem,
518 2287 584 2308 non
608 2278 648 2308 ad
675 2287 848 2318 personam
879 2277 1034 2319 pertinet.

337 2318 473 2358 Vereor,
484 2331 525 2351 ne
540 2321 593 2351 hic
608 2321 725 2351 vitium
738 2321 789 2351 sit.

372 2365 563 2402 &patruus
572 2363 688 2403 vester]
700 2363 772 2393 Hoc
781 2368 860 2403 puto
869 2372 938 2393 esse
946 2361 1035 2393 addi.

334 2409 525 2436 tamencum
535 2406 695 2442 librarii‚e
705 2405 811 2445 glossa
821 2411 948 2435 natum.
958 2414 1034 2435 nam

334 2456 572 2487 supervacuum
590 2452 661 2477 erat
682 2448 735 2477 hie
759 2447 888 2478 addere.
902 2451 935 2477 et
951 2446 1034 2477 nihil

333 2489 483 2520 additum
498 2495 547 2520 est
563 2489 635 2520 Tib.
657 2490 815 2526 Graccho,
838 2489 925 2528 quod
939 2490 967 2519 ei
986 2498 1033 2519 re-

333 2531 505 2571 spondeat,
518 2537 552 2562 et
564 2534 770 2563 concinnitas
783 2532 940 2562 orationis
950 2531 1034 2561 desi-

333 2572 478 2604 derabat.
524 2574 681 2605 Ceterum
703 2574 786 2604 illud
806 2572 1031 2613 quisquis-fuit

330 2615 479 2645 additum
489 2620 540 2646 est
550 2627 570 2646 a
579 2617 735 2647 Cicerone
745 2615 785 2646 ad
795 2616 993 2646 obscuritate
1000 2626 1030 2645 m

332 2654 476 2688 hominis
510 2657 705 2691 notandam:
741 2658 882 2688 Gracchi
910 2667 1032 2688 nomen

328 2698 461 2733 'clarum
476 2705 548 2730 erat
562 2710 619 2740 per
630 2710 674 2730 se.

373 2743 415 2772 25
433 2751 504 2781 prae
517 2741 821 2782 tuisfamltacz'bus]
849 2741 1032 2772 Facultatz'-

335 2783 394 2814 bus
420 2794 546 2823 quoque
572 2784 654 2814 mihi
689 2793 817 2823 semper
844 2789 1032 2824 suspectum

334 2825 409 2855 fuit.
433 2830 493 2856 tua
503 2831 717 2866 opponuntur
731 2826 896 2862 omnibus,
907 2836 982 2865 quae
994 2826 1033 2856 de

329 2867 483 2901 ‚Graccho
495 2867 586 2901 dicta
599 2874 695 2901 suut:
719 2867 775 2899 sed
791 2879 830 2900 ea
840 2878 907 2898 non
921 2869 1034 2900 omnia

1077 2282 1158 2308 sunt
1169 2277 1342 2318 ejusmodi,
1357 2283 1395 2309 ut
1409 2279 1443 2308 in
1454 2288 1495 2310 ea
1505 2277 1701 2311 facultatum
1715 2289 1775 2315 no—

1078 2330 1155 2351 men
1169 2331 1205 2351 ac
1221 2330 1323 2361 genus
1343 2321 1448 2351 eadat.

1121 2363 1162 2393 26
1184 2363 1220 2393 in
1245 2365 1267 2393 l.
1290 2361 1486 2401 moriamur]
1515 2361 1582 2392 Aut
1614 2363 1776 2394 morimur

1078 2405 1295 2441 scribendum,
1311 2410 1349 2435 ut
1364 2410 1441 2435 ante
1451 2411 1506 2436 'est
1518 2405 1692 2442 retinetur,
1714 2413 1773 2442 aut

1078 2452 1167 2478 certe
1185 2448 1373 2478 moriemur.
1397 2447 1485 2478 Illud
1499 2451 1629 2477 secutus
1646 2456 1731 2478 sum.

1119 2491 1158 2523 27
1192 2488 1518 2528 eventus—conditio]
1556 2498 1586 2518 v-
1621 2489 1712 2520 Clav.
1738 2490 1773 2527 in

1075 2536 1215 2571 utroque
1241 2532 1349 2562 verbo.
1393 2531 1445 2562 De
1467 2531 1529 2568 boc
1550 2535 1584 2560 et
1606 2530 1647 2561 ad
1667 2531 1774 2563 Flacc.

1118 2618 1158 2646 98
1195 2615 1358 2655 liberabit]
1396 2613 1479 2645 Edd.
1514 2624 1562 2654 pr.
1601 2615 1771 2648 liberavit.-

1075 2665 1162 2688 recte
1188 2658 1223 2687 P.
1238 2658 1412 2696 Manutius
1433 2658 1579 2689 correxit
1603 2657 1771 2696 liberabit.-

1074 2700 1299 2731 confusionem
1328 2700 1413 2731 hane
1442 2699 1532 2729 libris
1551 2701 1633 2729 vett.
1665 2699 1773 2735 solen-

1074 2751 1150 2772 nem
1174 2742 1251 2772 alibi
1282 2743 1401 2782 passim
1425 2741 1629 2772 notavimus:
1659 2746 1693 2772 et
1718 2741 1771 2775 hic

1075 2789 1229 2815 notamus
1245 2783 1286 2821 ad
1299 2783 1477 2816 firmandas
1491 2782 1574 2815 tales
1597 2784 1771 2822 correctio-

1075 2836 1144 2863 nes,
1171 2836 1244 2856 cum
1268 2827 1337 2857 sine
1364 2826 1454 2857 libris
1482 2826 1582 2863 fiunt,
1609 2830 1647 2856 ut
1670 2825 1770 2867 ipsius

1073 2868 1219 2900 Manutii
1233 2870 1393 2901 correctio
1403 2869 1492 2909 facta
1507 2872 1568 2898 est.
