1907 3231
458 142 581 180 ACT.
608 142 659 180 11.
694 140 879 180 LIBER
911 140 1240 180 SECUNDUS.

1494 146 1569 184 177

134 263 376 331 MULTA
397 286 501 327 mihi
526 285 978 343 necessario,judices,
994 286 1361 343 praetermittenda
1377 296 1489 337 sunt,
1510 297 1558 327 ut
1576 287 1601 332 1

132 347 292 401 possim
319 349 332 376 l
346 344 488 399 aliquo
510 345 640 385 modo
663 345 892 400 aliquando
913 345 995 386 de
986 359 1038 384 115
1060 345 1199 393 lebuS,
1213 359 1309 399 quae
1329 357 1435 383 meae
1460 319 1556 384 fi'dei
1575 356 1592 390 ι

131 404 371 445 commissae
394 411 506 452 SUsst,
539 402 693 443 (llCClC.

756 402 919 466 Recepi
951 402 1066 442 enim
1097 416 1270 442 causam
1304 400 1478 441 Siciliae.
1511 415 1562 441 ea

132 475 202 501 me
229 460 282 501 ad
309 460 392 500 hoc
424 459 647 514 negotium
678 460 901 515 provincia
938 459 1131 500 attraxit.
1150 454 1276 514 Ego
1301 466 1445 497 tamen
1478 457 1561 498 1106

132 531 260 558 onere
291 526 503 571 suscepto,
522 526 566 557 et
586 526 757 572 recepta
775 531 903 558 causa
921 516 1149 566 Siciliensi,
1170 492 1395 571 amplexus
1417 514 1561 554 animo

133 589 227 614 sum
246 574 464 629 aliquanto
487 574 684 628 amplius.

745 574 923 629 Suscepi
945 574 1059 614 enim
1089 587 1262 614 causam
1293 572 1424 613 totius
1447 571 1561 613 ordi-

131 631 220 682 nis;
251 645 418 686 suscepi
442 645 614 671 causam
648 631 794 686 populi
828 631 1034 673 Romani:

1076 630 1221 686 ‘n'quod
1240 629 1444 685 putabam
1468 638 1561 670 tum

130 688 317 743 denique
338 688 653 742 rectejudicari
671 703 810 744 posse,
830 689 863 728 si
887 702 973 729 non
991 688 1122 728 modo
1139 702 1234 728 reus
1252 687 1473 742 improbus
1487 685 1561 726 ad-

131 745 383 796 duce1·etur;

130 803 246 843 cium
279 817 397 843 venii
400 811 456 842 et

414 745 486 786 sed
516 745 644 785 etiam
667 745 848 800 diligens
878 755 920 786 et
942 745 1088 785 firmus
1117 754 1342 785 accusator
1373 743 1425 784 ad
1441 743 1560 798 judi-

517 802 618 848 Quo
651 802 756 842 mihi
787 801 992 842 matu1ius
1024 802 1077 842 ad
1107 801 1265 842 Siciliae
1295 815 1466 841 causam
1490 802 1595 842 vae-2

133 859 340 900 niendum
356 869 434 909 est,
458 859 616 900 relictis
639 859 790 899 ceteris
813 859 905 914 ejus
929 857 1052 899 furtis
1084 873 1133 899 ac
1156 858 1348 914 flagitiis,
1368 868 1415 898 ut
1437 868 1479 898 et
1497 857 1561 897 vi-

133 917 251 958 ribus
270 932 399 972 quam
421 916 706 972 integerrimis
728 930 868 972 agere,
888 925 930 956 et
944 916 996 957 ad
1018 915 1248 957 dicendum
1271 915 1476 971 temporis
1499 929 1564 954 sa-

135 973 190 1014 tis
213 974 370 1015 habere
401 974 576 1029 possimss
635 972 779 1028 Atque
810 974 930 1023 adeo,
953 983 1184 1028 antequam
1205 973 1257 1014 de
1279 972 1565 1013 incommodis

135 1031 295 1072 Siciliae
326 1031 439 1081 dico,
462 1045 598 1086 pauca
617 1030 721 1070 inihi
746 1031 944 1071 videntur
964 1045 1054 1071 esse
1076 1031 1128 1071 (16
1159 1030 1394 1094 provinciae
1424 1029 1566 1085 digni-

136 1097 239 1152 tate,
274 1096 499 1138 vetustate,
531 1087 718 1128 utilitate
747 1088 943 1129 dicenda.

1004 1088 1118 1128 Nam
1147 1102 1244 1129 cum
1276 1087 1469 1128 onmium
1499 1101 1568 1127 so-

134 1145 301 1186 ciorum
318 1145 723 1208 provinciarumque
737 1145 947 1186 rationem
966 1145 1193 1200 dilioenter
1212 1145 1368 1186 habere
1386 1144 1567 1194 debetis,

137 1211 229 1242 tum
265 1216 482 1258 praeclpue
516 1202 691 1254 Siciliae,
718 1201 904 1257 judices,
933 1202 1127 1258 plurimis
1151 1202 1488 1257 justissimisque
1515 1201 1568 1242 de

134 1259 298 1302 causis:
332 1259 535 1314 primum,
564 1260 680 1314 quod
705 1260 899 1300 omnium
931 1260 1156 1300 nationum
1186 1269 1430 1300 exteraium
1454 1259 1569 1314 prin-

136 1331 237 1372 ceps
271 1316 420 1357 Sicilia
449 1330 492 1356 se
524 1316 577 1356 ad
604 1316 840 1357 amicitiam
871 1317 1085 1371 fidemque
1108 1317 1255 1372 populi
1279 1316 1468 1357 Romani
1495 1330 1570 1370 ap-

137 1374 314 1429 plicuit:
347 1373 485 1429 prima
514 1373 722 1423 omnium,
753 1373 795 1414 id
818 1374 934 1429 quod
966 1384 1266 1414 ornamentum
1292 1373 1462 1430 imperii
1491 1383 1570 1423 est,

136 1431 360 1487 provincia
399 1439 466 1470 est
506 1430 739 1486 appellata:

792 1433 931 1486 prima
974 1431 1123 1473 docuit
1162 1431 1345 1485 majores
1387 1439 1571 1480 nostrOS,

137 1503 267 1543 quam
285 1487 538 1544 piwaeclaium
559 1497 683 1538 esset,
704 1489 863 1529 exteris
886 1489 1119 1544 gentibus
1111 1502 1344 1545 llnpelmtale
1378 1487 1468 1528 sola
1488 1486 1574 1527 fuir,

137 1559 189 1586 ea
211 1545 295 1586 fide
329 1544 704 1600 benivolentiaque
737 1559 840 1601 elga

137 1612 246 1644 tates
268 1602 360 1658 ejus
382 1602 546 1654 insulae,
577 1617 674 1658 quae
698 1603 827 1643 5611161

136 1669 245 1711 sent,
285 1674 520 1715 numquam
562 1669 712 1716 postea
760 1659 1012 1702 deficerent:

138 1716 328 1758 maxime
364 1717 545 1758 illustres
578 1732 623 1758 m
659 1717 851 1758 amicitia
882 1727 1090 1774 perpetuo
1121 1728 1356 1759 manerent.

873 1546 1080 1610 populum
1113 1545 1374 1596 Romanum,
1397 1554 1444 1585 ut
1466 1544 1574 1585 civi-

849 1603 890 1633 3
883 1618 925 1643 m
948 1603 1183 1644 amicitiam
1214 1611 1406 1644 nostram
1427 1601 1568 1643 venis-

1062 1660 1277 1716 pleraeque
1316 1668 1476 1710 autem,
1525 1663 1610 1699 etb

1417 1711 1605 1780 Itaque3

138 1775 376 1830 majoribus
399 1775 554 1815 nostris
585 1774 629 1815 in
659 1774 854 1816 Africam
875 1790 930 1816 ex
959 1779 1041 1816 hac
1063 1775 1288 1831 provincia
1316 1774 1499 1831 gradus
1490 1787 1572 1814 1111-

140 1832 247 1888 perii
282 1831 422 1873 factus
453 1841 532 1872 est.
559 1846 697 1887 neque
729 1832 845 1873 enim
878 1842 966 1873 tam
997 1832 1124 1874 facile
1152 1847 1255 1888 opes
1286 1831 1571 1886 Karthaginis

140 1898 274 1931 tantae
300 1889 604 1939 concidissent,
625 1889 707 1930 nisi
730 1889 833 1930 illud

138 1955 185 2001 et
205 1946 525 2004 receptaculum
546 1945 752 1988 classibus
783 1948 940 1990 nostris
971 1956 1152 2005 pateret.

188 2127 202 2155 1
229 2125 338 2164 aliquo
362 2122 454 2153 modo
476 2122 667 2162 aliquando]
693 2123 745 2153 Sic
767 2121 839 2153 edd.

142 2174 192 2207 pr.
207 2166 280 2197 Ald.
303 2165 402 2196 Basil.
426 2175 550 2195 01111165.
583 2165 749 2195 Victorius
775 2165 839 2205 pri-

145 2219 219 2239 mus
258 2208 378 2239 delevit
419 2208 607 2247 aliquando,
645 2212 840 2246 secutusque

141 2251 229 2283 idem
245 2251 281 2281 P.
295 2250 428 2281 Manut.
443 2249 544 2280 Aldus
553 2250 628 2289 jun.
645 2250 700 2288 qui
721 2249 838 2280 deinde

143 2292 230 2324 idem
244 2294 279 2323 in
291 2292 341 2323 ed.
364 2293 442 2333 maj.
463 2291 553 2322 dedit
567 2291 755 2331 aliquando,
771 2292 840 2322 sine

142 2336 251 2376 aliquo
263 2335 372 2366 modo.-
395 2333 482 2373 quod
495 2338 529 2364 et
544 2334 690 2364 Graevius
712 2337 842 2364 secutus

143 2383 205 2408 fflt.
227 2378 388 2408 Gruterus
401 2381 494 2407 vetus
508 2377 665 2411 restituit,
679 2377 715 2406 in
730 2386 795 2415 quo
809 2380 844 2406 et

143 2420 225 2451 Mss.
260 2429 374 2450 omnes
407 2419 629 2450 consentiunt.
666 2419 842 2457 aliquando

143 2462 362 2494 necessarium
372 2466 436 2492 est:
452 2462 560 2501 aliquo
569 2462 672 2498 modo,
688 2462 714 2491 si
729 2470 843 2491 verum

143 2510 206 2543 est,
229 2504 408 2544 significat,
427 2505 454 2534 si
470 2513 536 2533 non
550 2503 658 2544 plene,
672 2503 759 2542 quod
773 2503 844 2533 fieri

144 2556 213 2578 non
227 2550 350 2587 potest,
360 2547 411 2587 (ut
419 2556 518 2586 supra
530 2546 597 2586 ipse
605 2546 714 2585 dixin)
728 2550 845 2576 tamen

139 2588 406 2628 quodammodo,
397 2600 405 2607 ·
427 2588 648 2626 mediocriter,
662 2593 696 2618 et
708 2597 776 2617 non
790 2588 840 2617 ni-

146 2631 209 2661 mis
223 2631 365 2662 breviter
385 2641 423 2662 36
437 2632 644 2661 festinanter.
688 2631 754 2670 Qui
768 2639 841 2660 sen-

145 2682 214 2711 sus,
230 2683 334 2715 quem
357 2673 427 2703 sine
442 2673 539 2703 dubio
558 2673 724 2703 Victorius
746 2672 840 2709 vidit,

144 2724 223 2745 cum
237 2723 305 2745 non
325 2714 552 2747 incommodus
574 2720 633 2745 aut
646 2715 772 2746 alienus
786 2715 841 2750 sit,

145 2756 255 2788 delere
270 2756 342 2788 haec
353 2758 453 2788 verba
472 2766 539 2787 non
559 2767 632 2787 sum
643 2767 759 2788 ausus:
782 2766 843 2786 nec

148 2798 330 2830 similitudo
356 2798 426 2836 illa,
453 2800 488 2830 in
515 2801 625 2839 aliquo
649 2800 752 2836 modn,
781 2800 843 2829 alz-

147 2841 289 2880 quando,
311 2851 385 2879 quae
406 2841 592 2872 offendebat
605 2822 803 2878 Victoritim‚
825 2851 845 2872 a

145 2882 315 2915 Ciceronis
329 2883 564 2917 consuetudine
578 2884 686 2917 aliena
699 2889 760 2916 est.

203 2949 314 2979 VOL.
335 2949 390 2979 11

854 1899 899 1930 et
919 1889 981 1931 rei
1001 1890 1294 1931 frumentariae
1316 1889 1571 1939 subsidium,

1212 1947 1358 1995 Quare
1381 1946 1432 1988 P.
1455 1932 1615 1989 Afri-2

924 2124 944 2154 2
965 2122 1050 2163 quod
1066 2122 1230 2162 putabam
1257 2122 1332 2162 &c.]
1362 2122 1511 2153 Primum
1533 2122 1580 2152 le-

881 2166 973 2204 genti
984 2165 1055 2195 haec
1067 2164 1148 2195 olim
1161 2165 1295 2195 venitin
1305 2172 1451 2196 mentem
1463 2174 1562 2204 quam
1571 2176 1581 2194 .-

882 2207 969 2247 quod
983 2214 1058 2248 post
1066 2207 1130 2238 vidi
1141 2213 1174 2238 et
1186 2207 1400 2238 Hotomanus
1411 2207 1581 2247 placuisse.

881 2250 1024 2280 refertur
1037 2250 1210 2280 manifeste
1225 2249 1265 2279 ad
1278 2259 1410 2280 causam
1426 2254 1579 2281 mactus.-

883 2301 1002 2332 nempe
1012 2302 1055 2322 311
1064 2292 1093 2322 ei
1102 2292 1227 2331 judicia
1235 2291 1408 2322 adimenda
1423 2291 1490 2322 sint
1505 2301 1581 2321 nee·

885 2344 938 2371 ne,
967 2339 1002 2364 et
1025 2334 1080 2364 ille
1102 2344 1161 2364 sua
1182 2343 1225 2364 an
1248 2333 1356 2364 aliena
1376 2333 1472 2374 culpa
1494 2333 1580 2364 male

885 2381 964 2407 ante
981 2377 1153 2415 judicarit.
1208 2375 1248 2406 In
1276 2376 1410 2415 vulgata
1437 2376 1581 2406 lectione

885 2419 1022 2449 Hotom.
1035 2419 1172 2459 putabat
1187 2417 1330 2457 intelligi
1344 2418 1382 2448 de
1393 2428 1432 2448 ea
1444 2428 1557 2448 caussa
1567 2431 1578 2450 ,-

884 2461 972 2500 quod
985 2462 1064 2491 milii
1081 2460 1192 2490 durius
1215 2460 1361 2490 videtur:
1386 2460 1579 2499 maximique,

887 2504 913 2533 si
927 2504 975 2534 ita
990 2513 1009 2533 a
1022 2503 1179 2533 Cicerone
1194 2502 1249 2539 sit,
1273 2502 1469 2542 simpliciter
1482 2502 1581 2532 intel-

886 2545 988 2585 ligere
1003 2544 1041 2575 de
1051 2544 1236 2585 judicibus3
1260 2545 1315 2584 qui
1330 2549 1417 2575 recte
1433 2544 1581 2586 judicare

882 2598 949 2618 non
964 2594 1114 2627 possunt,
1131 2596 1191 2616 nisi
1205 2588 1263 2617 δερ.

925 2633 943 2661 3
963 2631 998 2659 in
1012 2639 1078 2659 am.
1088 2639 1120 2659 n.
1135 2629 1304 2668 venissent]
1320 2630 1380 2660 int.
1390 2638 1449 2660 sua
1461 2634 1579 2670 sponte

883 2681 916 2702 se
931 2672 1116 2712 applicuere
1130 2671 1170 2701 ad
1192 2681 1263 2708 nOS,
1280 2677 1316 2701 ut
1338 2671 1487 2710 quaedam
1503 2672 1581 2701 civi·

883 2720 969 2745 tates
980 2715 1098 2744 Siciliae
1108 2713 1192 2743 bello
1205 2714 1329 2743 Punico
1340 2715 1446 2754 primo
1460 2715 1580 2745 feceret

886 2766 959 2796 quae
981 2760 1174 2795 sequuntur,
1196 2759 1275 2786 sunt
1294 2757 1391 2786 victae
1414 2761 1447 2786 et
1470 2757 1506 2786 in
1525 2766 1584 2796 po-

885 2802 1041 2829 testatem
1057 2797 1208 2835 redactae,
1220 2802 1259 2827 ut
1272 2798 1439 2838 Syracusae
1450 2803 1485 2829 et
1497 2799 1583 2837 aliae,

888 2849 967 2881 quas
982 2851 1040 2883 per
1053 2841 1196 2872 maxime
1209 2841 1354 2872 illustres
1366 2840 1535 2882 intelligit.

854 2948 885 2978 N
