1907 3231
311 145 389 181 668
857 143 1118 182 ORATIO
1157 139 1208 179 11.

311 246 568 311 constantia,
584 247 699 289 illinc
716 247 855 289 furor:
879 247 980 288 hinc
997 246 1212 296 honestas,
1230 245 1345 287 illinc
1360 245 1602 302 turpitudo:
1633 246 1735 288 hinc

312 304 590 356 coutinentia,
623 305 737 347 illinc
770 303 1185 358 ii}›ido:42de11ique
1216 304 1409 358 aequitaS,
1441 304 1734 368 temperantia,

312 359 536 412 fortitudo,
552 362 787 417 prudentia,
809 362 985 401 virtutes
1007 374 1168 410 omnes,
1190 372 1293 402 cer-t
1294 370 1354 401 int
1375 375 1473 400 cum
1498 361 1736 425 iniquitate,

313 431 411 458 cum
446 418 626 469 luxuria,
649 434 746 460 cum
769 417 953 480 ignavia,
976 431 1072 457 cum
1106 417 1358 468 temeritate,
1390 432 1488 458 cum
1509 417 1623 458 vitiis
1645 433 1736 459 om-

316 475 464 517 nibus:
497 487 711 531 postremo
735 474 871 529 copiae
903 488 1000 514 cum
1023 483 1226 529 egestate,
1251 475 1362 515 bona
1394 475 1501 516 ratio
1524 489 1621 516 cum
1644 489 1738 531 per-

185 532 419 582 p.1io.d1ta,
460 547 579 573 mens
618 546 719 572 sana
754 546 851 571 cum
892 531 1094 581 amentia,
1131 531 1244 571 bona
1284 531 1466 585 denique
1507 546 1601 586 spes
1640 546 1739 572 cum

273 589 303 610 ὃ·
317 590 509 630 omnium
534 603 670 629 rerum
687 587 982 652 desperatione
995 588 1207 643 confligit.
1269 587 1318 628 In
1344 588 1587 643 hujusmodi
1605 597 1740 629 certa-

316 646 432 686 mine
455 661 502 687 ac
527 645 696 700 proelio,
720 659 874 695 nonne,
907 644 1074 685 etiamsi
1109 644 1332 685 hominum
1362 645 1501 685 studia
1523 645 1739 696 deficiant,

317 703 408 743 dii
400 703 479 758 1psi
504 702 762 743 immortales
781 711 939 758 cogent
962 702 1015 742 ab
1048 702 1112 742 his
1135 701 1468 757 praeclarissimis
1492 701 1739 752 viitutibus,

239 749 302 795 12
319 769 382 799 tot
403 770 445 799 et
466 768 585 800 tanta
608 759 683 800 viti
689 775 712 799 ι
730 759 939 822 superari?
972 759 1082 805 Quae
1106 773 1203 799 cum
1223 759 1283 799 ita
1305 759 1403 809 sint,
1427 758 1633 809 Quirites,
1647 774 1737 810 vos,

254 820 303 853 26
316 816 675 871 quemadmodum
696 816 837 870 431am
859 825 997 867 antea,
1020 824 1158 856 vesna
1182 825 1295 856 tecta
1325 816 1529 856 custodiis
1562 815 1741 873 vigiliis-

314 886 396 927 que
417 873 660 915 defendite:
692 874 812 924 mihi,
836 882 883 913 ut
906 873 999 914 urbi
1023 873 1111 913 sine
1134 882 1274 914 vestro
1308 883 1443 924 motu,
1474 888 1524 913 ac
1546 848 1636 913 sine
1655 873 1740 913 ullo

313 930 516 980 tumultu,
551 931 652 971 satis
687 940 795 971 esset
832 919 1035 986 praesidii,
1063 925 1306 970 consultum
1339 944 1388 970 ac
1422 930 1639 985 provisum
1661 938 1739 971 est.

317 987 472 1028 Coloni
496 1002 642 1028 omnes
665 988 987 1051 municipesque
1020 988 1162 1037 vestli,
1184 987 1384 1028 ce1ti01es
1418 1002 1442 1027 a
1474 1001 1542 1027 me
1563 986 1665 1028 facti
1689 987 1741 1028 de

316 1043 396 1085 hac
417 1054 625 1085 nocturna
643 1059 896 1085 excursione
911 1044 1127 1094 Catilinae,
1145 1043 1269 1085 facile
1290 1045 1413 1085 urbes
1436 1059 1531 1084 suas
1553 1043 1744 1099 finesque

312 1100 569 1143 defendent:
603 1101 873 1157 gladiatores,
896 1115 1022 1156 quam
1044 1076 1127 1141 sibi
1150 1101 1217 1141 ille
1238 1102 1472 1142 maximam
1505 1116 1679 1141 manum
1701 1109 1746 1142 et

316 1159 596 1199 certissimam
618 1159 707 1200 fore
729 1158 910 1223 putavit,
941 1161 1251 1214 44qua1nqua1n
1276 1158 1446 1199 meliore
1465 1158 1608 1199 animo
1631 1166 1744 1208 sunt,

316 1230 444 1270 quam
467 1231 562 1271 pais
587 1216 879 1271 patriciorum,
900 1223 1111 1271 potestate
1132 1225 1274 1256 tamen
1295 1225 1439 1256 nostra
1459 1215 1745 1256 continebun-

317 1282 399 1313 tur.
472 1273 527 1319 Q.
550 1272 766 1323 Metellus,
800 1287 925 1327 quem
960 1286 1041 1328 ego
1076 1273 1339 1336 prospiciens
1381 1272 1464 1313 hoc
1505 1272 1547 1313 in
1591 1286 1744 1328 agrum

318 1330 590 1370 Gallicanum
626 1329 918 1385 Picenumque
950 1344 1153 1385 praem1S1,
1176 1339 1249 1370 aut
1272 1329 1487 1385 opprimet
1508 1329 1744 1380 hominem,

318 1395 393 1427 aut
414 1401 561 1428 omnes
594 1401 686 1441 ejus
721 1397 863 1427 motus
894 1396 1158 1441 conatusque
1184 1387 1446 1443 prohibebit.
1477 1385 1649 1450 reliquis
1671 1401 1746 1427 au-

320 1453 408 1484 tem
429 1444 482 1485 de
503 1445 628 1484 rebus
645 1444 970 1494 constituendis,
988 1445 1266 1507 maturandiS,
1288 1443 1511 1500 agendis,
1493 1458 1589 1499 Jam
1606 1443 1659 1485 ad
1682 1457 1746 1484 se-

321 1512 471 1542 natum
494 1500 738 1551 referennm,
757 1515 885 1556 quem
907 1501 1049 1541 vocari
1068 1501 1236 1541 xidetis.

256 1562 304 1601 27
324 1576 327 1579 ’
379 1558 507 1600 Nunc
529 1558 636 1609 illos,
658 1558 730 1614 qui
751 1573 793 1598 ln
818 1559 921 1598 urbe
943 1567 1248 1607 remanseiQunt
1271 1566 1399 1612 atque
1421 1557 1527 1599 adeo
1549 1556 1621 1612 qui
1642 1571 1746 1598 con-

322 1626 387 1656 tra
409 1615 525 1655 urbis
559 1614 737 1655 salutem
768 1615 1048 1669 omniumque
1083 1614 1288 1665 vestrum,
1310 1615 1352 1655 in
1387 1615 1492 1655 urbe
1514 1630 1539 1655 a
1560 1613 1750 1656 Catilina

321 1672 456 1713 relicti
480 1681 593 1721 sunt,
625 1686 881 1735 quamquam
917 1681 1015 1712 sunt
1047 1671 1203 1722 hostes,
1226 1682 1385 1721 tamen,
1408 1672 1508 1726 quia
1541 1671 1748 1712 natisunt

320 1730 450 1779 cives,
471 1729 656 1769 monitos
679 1729 808 1769 etiam
833 1740 962 1783 atque
983 1728 1111 1768 etiam
1136 1728 1245 1769 volo.
1308 1728 1413 1769 Mea
1433 1728 1583 1769 lenitas
1607 1727 1748 1768 adhuc

319 1786 352 1827 si
376 1786 444 1827 cui
468 1785 646 1826 solutior
670 1786 758 1826 visa
778 1795 856 1836 est,
881 1787 962 1826 hoc
984 1785 1268 1848 exspectavit,
1290 1794 1338 1826 ut
1358 1785 1416 1836 id,
1439 1785 1553 1840 quod
1571 1784 1748 1836 latebat,

317 1853 572 1898 erumperet.
605 1843 720 1898 quod
752 1818 960 1906 reliquum
991 1852 1069 1892 est,
1099 1857 1191 1897 Jam
1211 1857 1299 1883 non
1333 1857 1515 1899 possum
1536 1841 1750 1892 oblivisci,

321 1915 460 1940 meam
485 1900 594 1941 hanc
624 1913 714 1940 esse
737 1900 933 1955 patriam,
964 1913 1033 1940 me
1063 1899 1217 1940 horum
1246 1914 1337 1940 esse
1369 1899 1609 1941 consulem.
1641 1898 1749 1939 mihi

317 1966 391 1997 aut
413 1972 510 1999 eum
536 1957 601 1997 his
622 1957 692 1997 viv
683 1957 868 2007 endum,
891 1965 965 1997 aut
987 1971 1063 2012 pro
1095 1956 1160 1996 his
1183 1971 1272 1997 esse
1296 1956 1578 1997 moriendum.
1609 1954 1748 1997 nullus

316 2024 381 2055 est
401 2018 442 2045 45
457 2023 591 2070 portae
626 2024 784 2065 custos,
818 2013 956 2054 nullus
988 2013 1210 2054 insidiator
1244 2014 1350 2055 viae:
1384 2013 1416 2054 si
1439 2014 1511 2069 qui
1535 2013 1653 2054 exire
1675 2027 1750 2053 vo-

317 2071 425 2121 lunt,
447 2071 668 2112 consulere
691 2071 771 2111 sibi
797 2079 999 2126 possunt3
1030 2070 1104 2125 qui
1129 2085 1226 2111 vero
1261 2071 1302 2111 in
1341 2071 1445 2111 urbe
1481 2085 1525 2111 se
1558 2083 1751 2111 commo-

320 2129 444 2178 verit,
464 2128 586 2183 cujus
607 2142 689 2183 ego
712 2143 797 2168 non
821 2128 948 2168 modo
971 2127 1148 2177 factum,
1172 2128 1243 2168 sed
1272 2128 1492 2192 inceptum
1515 2127 1646 2168 ullum
1677 2141 1750 2167 co-

321 2194 524 2225 natumve
546 2198 696 2226 contra
728 2185 908 2240 patriam
930 2184 1274 2248 deprehendero.
1307 2185 1462 2225 sentiet
1477 2200 1521 2225 1n
1543 2184 1624 2225 hac
1645 2184 1750 2225 urbe

278 2249 308 2278 b.
321 2255 411 2282 esse
444 2242 638 2283 consules
681 2242 922 2297 vigilanteS,
963 2256 1053 2282 esse
1094 2256 1290 2297 egregios
1330 2243 1622 2298 magistratus,
1657 2255 1749 2281 esse

321 2299 476 2340 fortem
500 2309 709 2349 senatum,
732 2313 822 2340 esse
844 2313 975 2350 arma,
997 2312 1088 2339 esse
1118 2312 1353 2341 carceiem:
1385 2314 1513 2354 quem
1534 2297 1751 2339 vindicem

362 2457 403 2485 42
425 2455 559 2495 denique
571 2455 716 2494 oequz'eas]
744 2455 796 2485 Sic
819 2455 868 2485 ed.
892 2455 932 2486 R.
958 2454 1013 2485 Br.

320 2497 408 2528 Med.
422 2505 456 2527 et
470 2503 587 2527 ceterae
601 2497 666 2527 fere
681 2507 807 2534 omnes,
817 2507 869 2528 eas
882 2504 1015 2528 secutae:

312 2546 355 2575 rat
370 2539 420 2569 ed.
436 2539 488 2569 w.
499 2541 572 2569 hinc
587 2540 721 2579 denique
736 2549 815 2578 oequ.
839 2540 925 2579 quod
942 2540 1015 2569 Mu-

321 2586 410 2611 retus
433 2586 466 2610 et
481 2581 625 2611 Graevius
648 2581 831 2621 praetulere.
876 2582 937 2612 Sed
952 2582 1017 2611 cla-

321 2631 395 2652 rum
424 2627 486 2660 est,
515 2623 566 2653 hic
596 2623 695 2663 incipi
718 2633 837 2654 novam
859 2623 1016 2654 orationis

319 2665 472 2695 formam.

362 2709 402 2737 43
415 2705 495 2745 jam
509 2710 607 2737 antea
621 2707 704 2747 dati]
731 2707 814 2737 Dia-2·
827 2706 1014 2737 delevimus.

321 2758 396 2778 nam
412 2758 478 2778 non
494 2748 575 2778 dixit
590 2756 700 2787 antea,
712 2754 746 2780 et
762 2749 885 2779 Mureti
897 2748 1014 2779 Codice

320 2791 443 2821 aberat.

362 2835 402 2863 44
437 2842 636 2872 quamquam
665 2835 794 2864 meliore
821 2843 852 2864 a.
882 2844 907 2863 s.
925 2829 1014 2873 '&c.]

323 2873 446 2911 Tamen
459 2875 587 2906 videtur
609 2876 776 2916 postulare
799 2886 861 2907 non
886 2877 1016 2906 meliore

1057 2455 1167 2483 animo
1181 2459 1276 2487 sunt,-
1295 2460 1391 2494 atque
1406 2455 1505 2486 etiam
1519 2463 1567 2484 res
1582 2454 1659 2494 ipsa.
1676 2463 1753 2485 nam

1045 2497 1083 2526 -si
1098 2497 1230 2527 meliore
1245 2498 1355 2527 animo
1369 2504 1460 2534 suut,
1473 2506 1540 2527 non
1554 2502 1604 2526 est
1618 2497 1752 2534 mirum,

1058 2539 1083 2569 si
1110 2539 1272 2569 contineri
1299 2545 1436 2579 possunt
1459 2539 1607 2579 imperio.
1664 2539 1752 2569 Tum

1060 2591 1117 2620 pro
1126 2585 1285 2620 potestate
1297 2586 1407 2611 nostra
1420 2581 1490 2612 edd.
1504 2591 1551 2621 pr.
1565 2580 1688 2611 habent
1700 2591 1752 2611 ve-

1059 2627 1140 2654 stra,
1186 2623 1247 2653 Sed
1266 2623 1347 2653 illud
1375 2623 1491 2654 melius
1513 2628 1577 2653 est:
1611 2632 1686 2653 nam
1713 2622 1753 2652 de

1058 2665 1221 2696 consulari
1258 2670 1420 2705 potestate
1447 2665 1611 2696 Ciceronis
1646 2674 1754 2695 sermo

1059 2712 1118 2738 est.

1100 2752 1140 2780 45
1171 2752 1275 2788 ρον-ἰῶ
1301 2748 1418 2788 custos]
1457 2748 1538 2779 Edd.
1573 2748 1627 2779 W.
1662 2749 1753 2778 1480.

1054 2792 1172 2832 porti-5,
1202 2791 1287 2830 quod
1311 2801 1328 2821 e
1357 2790 1419 2820 Ms.
1447 2791 1563 2822 Duisb.
1590 2790 1693 2821 edidit
1719 2795 1755 2822 et

1061 2834 1217 2865 Graevius.
1261 2833 1323 2864 Sed
1336 2833 1395 2863 vioe
1405 2834 1540 2873 requirit
1549 2837 1664 2875 portoe.
