1907 3231
531 115 654 154 ACT.
679 110 729 153 11.
768 112 956 151 LIBER
994 112 1267 151 TERTIUS.
1535 115 1612 152 243

170 216 344 270 bidiniS,
364 217 546 269 sceleris,
569 218 776 270 audaciae,
796 218 911 274 quod
935 232 1022 259 non
1045 218 1089 259 in
1112 216 1234 257 istius
1258 215 1383 257 unius
1405 215 1494 257 vita
1515 232 1611 273 per-

167 277 331 331 spicere
362 277 551 332 possitis.
633 275 766 333 4Eg0
797 276 841 317 in
873 276 956 317 isto
987 290 1059 316 reo
1102 274 1241 331 legem
1271 272 1398 323 hanc,
1421 273 1641 328 judices,5

167 333 276 374 mihi
295 342 458 386 statuo3
477 333 709 375 vivendum
728 335 790 375 ita
803 348 907 386 esse,
924 341 972 374 ut
990 333 1061 373 isti
1076 346 1162 372 non
1175 329 1303 371 modo
1321 329 1445 371 factis
1459 331 1607 372 dictis-

166 404 250 445 que
280 390 496 445 omnibus,
531 392 604 432 sed
633 389 763 433 etiam
793 392 877 432 oris
909 390 1218 444 oculorumque
1240 387 1313 429 illa
1333 389 1607 430 contumacia

164 462 214 488 ac
247 448 461 504 superbia,
494 464 623 504 quam
658 450 827 500 videtis,
858 447 1166 489 dissimillimus
1218 460 1324 496 esse,
1355 460 1404 486 ac
1438 459 1734 501 semperp.149.

165 504 296 545 fuisse
331 505 488 546 videar.
552 505 702 548 Patior
734 522 823 547 non
861 505 1056 557 moleste,
1091 504 1276 560 judiees,
1317 516 1412 543 eam
1454 502 1645 554 vitam‚³·

163 575 261 616 quae
283 562 390 603 mihi
413 578 489 603 sua
520 574 673 620 sponte
704 573 830 606 antea
853 563 1051 619 jucunda
1084 561 1228 613 fuerit,
1250 574 1365 601 nunc
1391 560 1486 615 jam
1507 574 1604 601 mea

163 617 258 674 lege
277 628 320 660 et
342 620 592 662 conditione
614 622 897 664 necessariam
920 634 1092 677 quoque
1111 619 1315 660 futuram.
1377 616 1434 658 Et
1454 617 1498 657 in
1517 617 1647 664 hocss

160 674 338 718 homine
360 692 475 734 saepe
497 694 522 719 a
543 694 611 720 ine
632 680 805 735 quaeris,
829 678 1053 729 Hortensi,
1072 677 1229 732 quibus
1249 674 1505 727 inimicitiis,
1526 684 1637 722 aut6

161 747 247 788 qua
281 734 439 790 injuria
472 737 698 788 adductus,
729 737 782 778 ad
813 735 1101 777 accusandum
1133 731 1441 774 descenderim.
1472 733 1603 774 mitto

153 789 249 845 jam
272 793 484 834 rationem
512 794 645 835 officii
682 794 781 845 mei,
810 791 1224 846 necessitudinisque
1252 789 1518 831 Siculorum:
1550 790 1605 831 de

159 848 264 903 ipsis
296 851 375 891 tibi
408 851 647 892 inimicitiis
679 851 934 907 respondeo·
992 848 1064 890 An
1092 857 1140 889 tu
1170 847 1354 903 majores
1386 846 1491 887 ullas
1523 847 1604 889 ini-

157 905 344 948 micitias
367 918 492 964 putas
512 923 615 960 esse,
637 924 767 964 quam
789 907 1024 949 contrarias
1045 905 1273 947 hominum
1293 903 1540 956 sententias,
1553 919 1605 946 ac

158 962 530 1006 dissimilitudines
554 966 794 1007 studiorum
817 975 860 1006 et
881 965 1179 1006 voluntatum?
1213 962 1364 1003 Fidem
1386 961 1604 1003 sanctissi-

157 1035 273 1063 mam
295 1023 338 1063 in
359 1023 448 1063 vita
466 1023 539 1079 qui
563 1032 701 1080 putat,
724 1032 867 1080 potest
888 1023 926 1063 ei
944 1037 1033 1064 non
1053 1021 1253 1063 inimicus
1267 1034 1372 1071 esse,
1391 1019 1465 1075 qui
1485 1034 1604 1075 quae-

157 1087 247 1120 stor
265 1080 485 1121 consulem
508 1096 647 1132 suum,
671 1081 859 1123 consiliis
874 1079 1129 1130 commissis,
1151 1078 1336 1135 pecunia
1352 1077 1523 1128 tradita,
1538 1091 1603 1118 re-

159 1136 237 1177 bus
270 1138 471 1179 omnibus
497 1139 685 1189 creditis,
719 1139 916 1195 spoliare,
949 1138 1203 1192 relinquere,
1234 1136 1429 1192 prodere,
1462 1149 1601 1190 oppu-

156 1207 289 1248 gnare
319 1211 445 1237 ausus
476 1196 559 1238 sit?
594 1196 809 1237 Pudorem
840 1205 884 1236 et
913 1195 1169 1252 pudicitiam
1201 1194 1275 1248 qui
1307 1193 1425 1244 colit,
1457 1201 1602 1248 potest

156 1252 301 1293 animo
325 1268 451 1308 aequo
475 1253 598 1294 istius
629 1254 883 1309 quotidiana
905 1252 1127 1302 adulteria,
1158 1250 1446 1291 meretriciam
1469 1249 1599 1291 disci-

154 1308 332 1364 plinam,
371 1311 658 1352 domesticum
699 1310 962 1352 lenocinium
996 1309 1167 1351 videre?
1208 1311 1227 1338 5
1243 1307 1331 1354 Qui
1371 1307 1599 1362 religiones

155 1366 333 1409 deorum
370 1368 678 1409 immortalium
717 1368 900 1409 retinere
941 1367 1047 1417 vult,
1079 1367 1132 1417 ei,
1158 1365 1232 1420 qui
1275 1365 1375 1405 fana
1405 1364 1602 1420 spoliarit

154 1425 314 1476 omnia,
336 1425 409 1481 qui
432 1440 486 1466 ex
510 1426 758 1467 thensarum
781 1425 934 1466 orbitis
956 1423 1136 1480 praedari
1156 1423 1211 1463 sit
1233 1437 1375 1473 ausus,
1397 1421 1599 1464 inimicus

154 1495 241 1522 non
259 1497 350 1523 esse
371 1483 445 1538 qui
468 1486 640 1539 potest?
677 1483 766 1530 Qui
782 1482 882 1539 jure
900 1497 1026 1538 aequo
1045 1495 1194 1522 omnes
1214 1489 1339 1536 putat
1357 1493 1448 1520 esse
1470 1494 1598 1536 opor-

154 1547 257 1590 tere,
280 1540 315 1581 is
347 1540 426 1581 tibi
459 1555 545 1582 non
578 1541 880 1582 infestissimus
917 1541 986 1591 sit,
1009 1554 1108 1581 cum
1145 1538 1311 1594 cogitet
1345 1536 1598 1580 varietatem

152 1596 463 1654 libidinemque
493 1598 763 1640 decretorum
793 1601 994 1640 tuorum?
1044 1596 1118 1652 qui
1163 1595 1379 1637 sociorum
1411 1594 1597 1650 injuriis,

152 1655 558 1711 provinciarumque
588 1656 874 1698 incommodis
908 1654 1064 1706 doleat,
1101 1654 1136 1694 is
1168 1653 1212 1694 in
1246 1663 1287 1694 te
1320 1666 1407 1693 non
1429 1651 1597 1709 expila-

152 1712 271 1754 tione
289 1712 422 1764 Asiae,
456 1715 686 1756 vexatione
710 1713 999 1770 Pamphyliae,
1023 1711 1220 1767 squalore
1238 1719 1281 1751 et
1303 1709 1504 1766 lacrymis
1528 1709 1596 1751 Si-

150 1769 263 1812 ciliae
295 1772 562 1814 concitetur?
594 1772 667 1828 qui
697 1772 858 1813 civium
893 1770 1190 1811 Romanorum
1215 1768 1316 1824 jura
1337 1782 1387 1808 ac
1420 1766 1595 1808 liberta-

150 1836 238 1869 tem
253 1838 446 1870 sanctam
465 1829 579 1885 apud
596 1844 742 1871 omnes
764 1828 914 1871 haberi
938 1827 1056 1879 velit,
1070 1827 1104 1867 is
1126 1841 1214 1867 non
1237 1826 1317 1867 tibi
1332 1824 1427 1880 plus
1446 1825 1593 1876 etiam,

150 1901 281 1941 quam
304 1886 505 1928 inimicus
538 1901 628 1928 esse
649 1888 817 1938 debeat,
841 1900 940 1927 cum
963 1895 1038 1926 tua
1066 1885 1258 1936 verbera,
1288 1896 1388 1924 cum
1409 1896 1594 1934 secures,

150 1959 251 1985 cum
269 1959 417 1985 cruces
441 1945 493 1985 ad
516 1944 678 1986 civium
702 1944 999 1985 Romanorum
1022 1940 1235 1998 supplicia
1265 1940 1374 1982 fixas
1397 1939 1594 1980 recorde-

149 2005 243 2044 tur?
275 2000 360 2053 An,
381 2001 415 2042 si
434 2017 520 2057 qua
541 2001 584 2043 in
606 2017 650 2043 re
669 2011 820 2043 contra
841 2016 930 2042 rem
951 2015 1091 2041 meam
1110 1999 1324 2040 decresset
1345 1997 1506 2053 aliquid
1528 1997 1628 2045 in-'J‘

143 2059 277 2116 juria,
301 2059 402 2115 jure
433 2074 502 2100 me
534 2059 572 2100 ei
607 2059 866 2101 6inimicum
892 2073 983 2099 esse
1022 2057 1275 2098 arbitrarer:
1309 2070 1408 2096 cum
1445 2054 1594 2096 omnia

147 2125 300 2158 contra
321 2116 516 2158 omnium
538 2118 752 2158 bonorum
771 2131 874 2167 rem,
889 2130 1076 2166 causam,
1099 2115 1326 2164 rationem,
1345 2111 1592 2162 utilitatem,

148 2174 504 2230 voluntatemque
525 2173 690 2226 fecerit,
713 2174 885 2230 quaeris,
908 2189 983 2215 cur
1005 2174 1043 2214 ei
1076 2173 1154 2213 sim
1174 2171 1391 2220 inimicus,
1413 2169 1483 2210 cui
1516 2184 1593 2225 po-

181 2231 274 2273 ulus
312 2231 535 2273 Romanus
579 2232 760 2273 infestus
799 2232 877 2273 sit?
920 2232 992 2288 qui
1028 2228 1268 2287 pracsertim
1311 2227 1405 2284 plus
1444 2226 1590 2278 etiam,
1606 2223 1634 2255 b·

152 2307 160 2324 ι
190 2286 321 2345 quam
349 2303 445 2346 pars
479 2289 612 2331 virilis
643 2288 849 2346 postulat,
872 2303 949 2344 pro
975 2288 1195 2330 voluntate
1218 2285 1367 2342 populi
1400 2283 1589 2326 Romani

149 2348 290 2388 oneris
312 2361 362 2388 ac
384 2348 572 2389 muneris
596 2347 812 2403 suscipere
825 2346 1033 2389 debeam?
1057 2345 1176 2392 Quid
1199 2344 1284 2393 illa,
1307 2357 1404 2398 quae
1427 2340 1638 2387 leviorall·

148 2404 347 2446 videntur
368 2408 484 2448 esse?
515 2420 601 2447 non
624 2404 815 2462 cujusvis
836 2405 1028 2447 animum
1052 2410 1232 2459 possunt
1250 2402 1450 2442 movere?
1474 2399 1592 2455 quod

188 2559 209 2588 4
224 2557 301 2596 Ego
322 2558 357 2588 in
371 2558 431 2588 isto
445 2558 513 2597 reo]
542 2558 682 2590 Videtur
704 2559 847 2589 scriben-
889 2563 992 2589 tei-us.
1037 2555 1116 2586 Non
1130 2552 1201 2584 haec
1216 2551 1331 2584 eodem
1348 2550 1446 2583 modo
1462 2561 1481 2586 a
1505 2550 1596 2583 Cice-

149 2599 229 2630 dum
242 2601 348 2639 Ergo.
372 2600 632 2632 Conformarunt
646 2601 772 2632 librarii
787 2601 848 2632 ini-
891 2609 971 2632 rone
987 2598 1164 2629 enunciata
1176 2605 1244 2627 esse
1258 2594 1435 2636 putemus?

148 2642 196 2673 tio
211 2643 334 2682 periodi
349 2643 574 2683 praeeedentis.
934 2642 953 2671 6
977 2642 1022 2671 in.
1047 2649 1111 2670 esse
1135 2637 1335 2677 arbitrarer]
1362 2637 1596 2667 Hotomannus

191 2687 210 2715 5
223 2684 293 2725 Qui
301 2686 582 2724 religa—retinere
597 2686 680 2725 vult]
698 2685 733 2717 M
737 2696 777 2715 ox
786 2689 852 2721 est,
893 2684 988 2720 bene,
1011 2688 1050 2712 ut
1072 2681 1201 2722 opinor,
1217 2680 1354 2720 corrigit
1375 2679 1597 2709 arbitrarere.-

147 2730 186 2758 ut
201 2732 291 2764 ante,
305 2728 359 2766 qui
370 2731 591 2767 putat-mox
605 2729 660 2768 qui
675 2728 852 2766 velit—qui
895 2728 948 2757 cui
964 2724 1081 2756 melius
1095 2722 1270 2764 respondet
1284 2726 1360 2762 post
1373 2722 1499 2762 quaerz's.

147 2769 307 2800 -doleaa
333 2779 406 2808 quae
428 2779 496 2800 non
518 2771 597 2802 satis
624 2772 851 2801 consentiunt.
937 2772 954 2802 7
972 2776 1070 2808 quam
1080 2775 1164 2808 pars
1176 2765 1281 2799 uirilis
1290 2763 1451 2804 postulat]
1477 2763 1528 2795 An
1538 2773 1598 2804 po·-

146 2811 188 2844 In
198 2811 298 2842 tertio
311 2812 459 2842 membro
468 2813 570 2844 etiam
579 2813 651 2844 edd.
661 2817 786 2843 veteres
796 2812 854 2842 ha—
897 2812 995 2843 stulet
1007 2811 1023 2840 5?
1213 2809 1215 2813 ’

149 2854 230 2886 bent
251 2855 335 2892 vult,
358 2853 413 2885 sed
433 2856 509 2890 velit
523 2856 636 2899 eBMss.
660 2855 856 2891 dedit=G1·u-

849 2918 926 2953 RQ.
