1907 3231
538 99 662 138 ACT.
692 98 744 138 Π.
776 96 964 136 LIBER
989 94 1271 138 QUINTUS.
1522 100 1605 150 435,

156 203 344 254 clamore
364 213 502 260 atque·
516 204 681 261 impetu
703 204 976 262 perturbatus
1006 201 1236 252 exsiluitsi‚
1266 200 1384 256 quid,
1408 201 1602 258 inquam,

158 261 328 303 locutus
365 265 438 304 es?
470 260 614 312 Illum,
647 263 763 318 quod
796 276 961 303 moram
993 258 1205 316 supplicio
1244 270 1470 313 quaereret,
1501 260 1599 301 ideo

155 318 411 370 clamitasse,
425 334 468 360 se
481 334 571 360 esse
583 320 723 362 civem
740 319 1006 361 Romanum:
1031 317 1103 358 sed
1120 316 1432 373 speculatorem
1453 315 1598 358 fuisse.

153 374 257 418 Jam
278 378 511 418 mei.testes
534 378 622 419 veri
645 387 759 418 sunt.
820 377 938 425 Quid
960 376 1075 417 enim
1097 375 1204 416 dicit
1226 373 1340 415 aliud
1365 373 1417 414 C.
1442 374 1600 414 Numi-

155 434 317 476 torius?
347 435 450 489 quid
474 433 544 476 M.
565 445 609 476 et
640 435 691 476 P.
716 434 870 486 Cottii,
893 432 1149 475 nobilissimi
1181 431 1393 482 homines,
1414 446 1467 472 ex
1492 445 1598 486 agro

152 487 540 541 Taurominitano?
570 493 674 548 quid
695 493 752 540 Q.
777 492 976 543 LuceiuS,
1007 491 1080 546 qui
1112 489 1450 545 7ssargentariam
1480 487 1598 529 Rhe·

153 548 215 604 gii
238 550 476 590 maximam
498 550 631 592 fecit?
662 551 765 606 quid
798 550 959 591 ceteri?
990 549 1147 590 Adhuc
1178 548 1293 588 enim
1315 556 1445 587 testes
1467 560 1521 587 ex
1544 560 1596 586 eo

153 619 312 662 genere
332 622 358 647 a
379 622 448 647 me
474 617 575 648 sunt
603 608 707 659 dati,
730 623 817 649 non
837 608 912 663 qui
946 607 1116 648 novisse
1137 605 1341 656 Gavium,
1363 604 1436 646 sed
1459 603 1532 659 qui
1553 618 1640 651 sep.
1657 613 1728 646 270,

153 663 312 704 vidisse
332 665 540 716 dicerent,
563 666 735 717 cumis,
765 665 840 721 qui
872 679 915 705 se
945 665 1084 705 civem
1109 663 1355 704 Romanum
1387 676 1477 703 esse
1513 660 1638 702 cla-²·

152 730 305 773 maret,
337 722 381 763 in
414 737 585 764 crucem
622 733 834 780 ageretur.
896 721 998 763 Hoc
1033 731 1094 772 tu,
1117 720 1286 771 Verres,
1319 720 1433 760 idem
1467 718 1597 761 dicis:

154 776 240 820 hoc
259 789 306 827 tu
327 780 547 822 confiteris
570 781 689 822 illum
713 780 970 829 clamitasse,
993 793 1037 819 se
1059 779 1199 819 civem
1221 792 1312 818 esse
1328 776 1616 819 Romanunm*
1639 788 1641 790 '

153 837 269 892 apud
292 847 335 881 te
355 852 514 879 nomen
545 838 734 880 civitatis
756 853 810 878 ne
833 847 1002 878 tantum
1033 835 1208 891 quidem
1233 835 1428 886 valuisse,
1451 843 1499 875 ut
1519 835 1599 876 du-

149 894 412 937 bitationem
434 896 619 951 aliquam
640 913 649 938 :
682 906 730 937 ut
758 894 1042 936 crudelissimi
1065 892 1373 948 taeterrimique
1396 892 1598 949 supplicii

153 951 340 1008 aliquam
365 968 541 1010 parvam
571 967 735 994 moram
763 952 911 993 saltem
936 962 1081 1008 posset
1102 950 1268 992 afferre.
1330 949 1431 991 Hoc
1456 962 1596 1001 teneo,
1612 951 1687 986 166

153 1008 226 1052 hic
247 1010 608 1066 haereo,judices·,
631 1011 714 1052 hoc
745 1025 839 1051 sum
870 1019 1100 1051 contentus
1123 1023 1234 1050 uno:
1267 1008 1424 1049 omitto
1454 1023 1504 1049 ac
1526 1022 1600 1049 ne-

150 1066 276 1123 gligo
298 1079 460 1119 cetera:
494 1083 571 1109 sua
590 1068 862 1110 confessione
883 1068 1086 1109 induatur
1107 1082 1157 1107 ac
1173 1066 1399 1122 juguletur
1428 1079 1602 1107 necesse

154 1134 234 1166 est.
296 1126 384 1173 Qui
407 1135 532 1177 esset,
556 1125 815 1182 ignorabas?
847 1125 1162 1182 speculatorem
1184 1138 1275 1165 esse
1297 1123 1601 1179 suspicabare?

147 1196 241 1228 -non
277 1198 442 1239 quaero,
465 1198 551 1239 qua
572 1185 841 1240 suspicione:
880 1195 954 1224 tua
988 1192 1029 1224 te
1063 1197 1219 1223 accuso
1253 1182 1463 1223 oratione.
1525 1180 1601 1222 Ci-

153 1253 251 1282 vem
275 1240 636 1283 Romanumesse
657 1242 845 1283 dicebat.
906 1241 951 1282 >ji
984 1251 1028 1282 tu
1053 1240 1167 1296 apud
1193 1239 1344 1281 Persas
1367 1238 1504 1280 autin
1523 1253 1600 1280 ex-

149 1306 291 1347 trema
313 1298 439 1348 India
475 1299 781 1354 deprehensus,
803 1298 972 1349 Verres,
995 1299 1047 1339 ad
1076 1297 1336 1354 supplicium
1369 1297 1597 1338 ducerere:

148 1356 257 1411 ,quid
287 1357 403 1398 aliud
436 1356 695 1408 clamitares,
717 1357 799 1398 nisi
832 1366 875 1397 te
897 1356 1037 1397 civem
1059 1370 1151 1397 esse
1179 1354 1451 1396 Romanum?
1482 1363 1540 1405 et,
1564 1355 1599 1395 si

146 1414 236 1456 ‚tibi
261 1414 414 1471 ignoto
445 1414 561 1470 apud
593 1415 782 1471 ignotos,
805 1414 921 1470 apud
946 1414 1163 1464 barbaros,
1185 1412 1299 1469 apud
1335 1411 1532 1453 homines
1555 1412 1600 1453 in

153 1472 360 1518 extremis
387 1481 517 1528 atque
551 1471 713 1513 ultimis
747 1473 949 1528 gentibus
973 1471 1153 1528 positOS,
1186 1469 1333 1511 nobile
1363 1479 1407 1510 et
1437 1469 1600 1510 illustre

153 1530 268 1585 apud
298 1544 447 1571 omnes
477 1544 637 1571 nomen
660 1539 747 1571 tuae
776 1529 966 1571 civitatis
995 1528 1249 1587 profuisset:
1282 1527 1366 1578 ille,
1405 1527 1600 1582 quisquis

147 1596 259 1639 erat,
290 1602 420 1643 quem
451 1595 496 1628 tu
529 1588 572 1628 in
608 1602 780 1629 crucem
813 1587 1025 1644 rapiebas,
1047 1586 1121 1643 qui
1153 1585 1234 1627 tibi
1265 1596 1377 1626 esset
1408 1584 1599 1641 ignotus,

151 1659 252 1686 cum
273 1646 413 1687 civem
436 1659 480 1686 se
503 1644 752 1687 Romanum
767 1660 858 1686 esse
880 1645 1066 1687 diceret:
1091 1644 1205 1701 apud
1228 1652 1271 1685 te
1293 1653 1539 1700 praetorem,
1562 1643 1597 1684 si

146 1716 241 1745 non
276 1703 504 1760 effugium,
526 1718 580 1744 ne
611 1718 775 1744 moram
806 1703 981 1759 quidem
1018 1703 1183 1752 mortis,
1213 1701 1435 1742 mentione
1466 1710 1595 1756 atque
1656 1750 1677 1762 υ

144 1760 431 1817 usurpatione
455 1761 661 1812 civitatis,
682 1761 850 1817 assequi
873 1761 1038 1818 potuit?
1072 1759 1286 1801 Homines
1323 1770 1486 1810 tenues,
1516 1759 1594 1799 ob·
1607 1746 1677 1800 63

146 1832 278 1866 scuro
300 1817 396 1860 loco
409 1819 756 1875 nati,navigant:
788 1819 949 1860 adeunt
971 1818 1022 1860 ad
1045 1832 1096 1859 ea
1116 1818 1224 1870 loca,
1238 1832 1335 1873 quae
1357 1831 1593 1872 numquam
1611 1826 1684 1863 167

150 1885 279 1918 antea
301 1876 524 1918 viderunt:
553 1877 626 1919 ubi
647 1891 786 1932 neque
806 1877 900 1918 noti
917 1891 1009 1918 esse
1030 1875 1098 1929 iis,
1112 1890 1197 1932 quo
1219 1885 1443 1926 venerunt,
1458 1888 1598 1930 neque

151 1948 320 1990 semper
346 1949 447 1975 cum
476 1935 776 1991 cognitoribus
805 1949 896 1976 esse
928 1943 1123 1991 possunt.
1199 1932 1297 1974 Hac
1331 1947 1416 1974 uua
1451 1942 1596 1973 tamen

151 1990 312 2033 fiducia
333 1992 522 2034 civitatis
545 2007 632 2033 non
653 1993 784 2034 modo
803 1992 917 2049 apud
941 2002 1110 2033 nostros
1139 1991 1432 2047 magistratus,
1455 1990 1528 2045 qui
1551 2000 1596 2030 et

148 2047 295 2105 legum
317 2059 361 2090 et
391 2050 728 2091 existimationis
765 2050 956 2106 periculo
988 2048 1290 2091 continentur:
1323 2063 1461 2103 neque
1480 2046 1596 2103 apud

149 2107 275 2160 cives,
291 2107 429 2149 solum
465 2107 703 2158 Romanos,
733 2109 807 2164 qui
829 2118 872 2149 et
894 2107 1117 2158 sermonis,
1152 2116 1195 2148 et
1224 2106 1351 2162 juris,
1374 2116 1418 2146 et
1439 2105 1595 2146 multa-

149 2178 245 2206 rum
264 2180 406 2206 rerum
436 2166 644 2206 societate
668 2165 814 2220 juncti
845 2176 960 2216 sunt,
983 2165 1075 2207 fore
1097 2179 1141 2206 se
1164 2174 1279 2206 tutos
1302 2164 1591 2204 arbitrantur:

148 2223 238 2274 sed,
259 2238 520 2278 quocunque
544 2224 754 2276 venerint,
773 2223 885 2265 hanc
907 2223 990 2265 sibi
1004 2238 1094 2264 rem
1117 2222 1318 2279 praesidio
1339 2230 1511 2277 sperant
1527 2219 1594 2261 fu-

147 2288 305 2323 turam.
364 2280 486 2322 Tolle
504 2281 616 2322 hanc
638 2296 774 2337 spem,
798 2281 899 2323 tolle
930 2281 1014 2323 hoc
1037 2280 1288 2337 praesidium
1310 2279 1478 2320 civibus
1504 2277 1592 2319 Ro·
1607 2284 1681 2320 168

146 2339 312 2388 inanis:
344 2338 563 2380 constitue
583 2339 693 2380 nihil
714 2353 806 2380 esse
828 2339 922 2396 opis
946 2339 989 2379 in
1021 2338 1102 2379 hac
1125 2352 1246 2388 voce,
1273 2351 1403 2378 eivls
1430 2349 1593 2387 ROMA-

143 2408 246 2438 .Nus
281 2409 404 2445 sUM:
437 2411 562 2453 posse
596 2396 772 2452 impune
806 2405 1052 2454 praetorem,
1075 2404 1149 2436 aut
1181 2395 1311 2437 alium
1343 2393 1595 2449 quemlibet,

148 2453 425 2510 supplicium,
444 2455 560 2509 quod
578 2455 692 2505 velit,
710 2455 753 2495 in
770 2469 867 2496 eum
882 2454 1159 2504 constituere,
1178 2453 1251 2508 qui
1275 2466 1317 2493 se
1340 2452 1479 2493 civem
1505 2450 1595 2492 Ro-

148 2525 325 2568 manum
359 2526 451 2553 esse
483 2512 623 2564 dicat3
665 2512 782 2567 quod
815 2513 911 2569 quis
951 2512 1148 2568 ignoret:
1175 2511 1269 2566 jam
1303 2524 1452 2550 omnes
1495 2511 1594 2565 pro·
1608 2532 1637 2562 b.

148 2569 327 2620 vincias,
343 2569 438 2625 jam
460 2570 609 2610 omnia
628 2584 776 2626 regna,
793 2570 886 2625 jam
919 2584 1068 2611 omnes
1091 2569 1246 2609 liberas
1268 2567 1483 2618 civitates,
1498 2567 1596 2624 jam

147 2639 319 2667 omnem
343 2629 493 2682 orbem
516 2636 739 2679 terrarum,
762 2629 834 2683 qui
856 2641 1023 2683 semper
1055 2626 1211 2667 nostris
1234 2626 1483 2667 hominibus
1506 2639 1596 2666 ma·

147 2682 267 2726 xime
297 2685 452 2740 patuit,
483 2684 653 2727 civibus
688 2685 898 2727 Romanis
929 2686 1014 2726 ista
1033 2683 1286 2726 defensione
1313 2682 1596 2742 praecluseriS.

510 2818 528 2851 7
533 2818 551 2847 8
578 2825 656 2856 arg.
673 2816 739 2849 Rh.
754 2815 1046 2901 mratiqumfecdt]
1064 2816 1116 2847 An
1130 2813 1248 2857 facit?

824 2873 849 2902 F
918 2866 944 2902 Ε).
