1907 3231
439 130 556 169 PRO
583 129 707 168 SEX.
736 128 954 167 ROSCIO
980 128 1280 167 AMERINO.
1530 133 1582 166 45

144 234 283 290 possit
313 234 544 277 criminose
582 249 633 276 ac
670 233 906 291 suspiciose
933 233 1089 283 dicere,
1122 240 1268 288 aperte
1296 230 1504 273 ludificari
1538 241 1581 273 et

144 290 395 333 calumniari
426 292 563 333 sciens
592 306 680 333 non
702 291 910 333 videatur.
972 291 1117 337 Quare
1143 289 1269 330 facile
1290 303 1438 329 omnes
1469 290 1580 344 ‘pati-
1592 302 1643 336 56

144 345 254 401 ln'ur,
276 363 366 390 esse
386 349 725 406 quamplurimos
746 358 1040 390 accusatores:
1073 347 1188 402 quod
1213 347 1433 396 innocens,
1456 346 1489 385 si
1512 361 1580 387 ac·
1592 351 1626 381 b.

143 414 316 447 cusatus
348 406 418 458 sit,
451 406 617 447 absolvi
650 415 818 462 potest3
859 419 1034 456 nocens,
1067 404 1150 445 nisi
1183 413 1408 445 accusatus
1439 401 1584 453 fuerit,

143 463 419 504 condemnari
441 478 529 504 non
552 472 709 519 potest.
753 462 912 504 Utilius
934 471 998 503 est
1020 471 1162 503 autem
1191 460 1356 502 absolvi
1380 460 1586 500 innocen-

145 528 246 570 tem,
268 534 398 575 quam
421 530 649 562 nocentem
672 535 844 561 causam
866 535 953 560 non
977 519 1132 560 dicere.
1164 517 1401 560 Anseribus
1423 516 1588 558 cibaria

138 576 312 631 publice
342 577 552 629 locantur,
574 587 618 619 et
639 592 765 619 canes
796 578 967 618 aluntur
998 577 1040 617 in
1075 575 1310 632 Capitolio,
1342 583 1390 615 ut
1421 573 1587 629 signifi-

142 642 257 686 cent,
279 635 314 675 si
337 634 451 676 fures
473 636 684 676 venerint.
744 634 805 676 At
826 634 939 676 fures
967 635 1256 675 internoscere
1279 647 1367 673 non
1391 639 1586 687 possunt.

142 690 393 746 significant
414 702 573 744 tamen,
596 693 631 733 si
654 693 726 748 qui
757 701 887 733 noctu
918 693 961 732 in
988 691 1255 747 Capitolium
1277 689 1496 731 venerint:
1530 698 1588 739 et,

141 748 245 802 quia
265 749 307 790 id
329 759 394 790 est
424 751 724 806 suspiciosum,
749 750 918 791 tametsi
942 749 1091 790 bestiae
1115 758 1228 799 sunt,
1252 756 1394 788 tamen
1427 747 1470 787 in
1492 761 1589 787 eam

140 815 306 860 partem
329 808 473 862 potius
505 816 700 864 peccant,
723 822 820 862 quae
843 817 909 847 est
929 807 1111 847 cautior.
1173 805 1341 851 Quodsi
1364 804 1457 845 luce
1480 818 1588 859 quo-

140 877 224 917 que
245 879 372 905 canes
393 865 563 916 latrent,
586 879 685 906 cum
709 864 811 905 deos
835 864 1066 904 salutatum
1088 863 1219 918 aliqui
1240 862 1459 913 venerint3
1491 861 1587 917 opi-

139 932 234 972 nor,
273 921 324 962 iis
364 937 487 964 crura
520 921 844 978 suffringantur,
883 921 999 976 quod
1032 934 1150 961 acres
1189 920 1274 961 sint
1306 919 1436 959 etiam
1476 927 1583 968 tum,

141 991 242 1018 cum
273 980 460 1035 suspicio
490 978 605 1020 nulla
636 979 704 1019 sit.
766 978 995 1019 Simillima
1024 987 1088 1019 est
1127 986 1425 1019 accusatorum
1458 975 1582 1016 ratio.
1597 984 1648 1023 57

141 1033 230 1076 Alii
253 1047 441 1077 vestrum
463 1051 630 1077 anseres
663 1037 762 1088 sint,
785 1037 859 1092 qui
883 1036 1185 1077 tantummodo
1207 1035 1409 1084 clamant,
1432 1047 1587 1074 nocere

143 1106 232 1133 non
253 1103 456 1149 possunt:
490 1094 561 1135 alii
584 1109 726 1145 canes,
749 1095 823 1151 qui
846 1103 888 1134 et
920 1094 1071 1134 latrare
1093 1103 1136 1133 et
1166 1092 1360 1133 mordere
1392 1100 1587 1147 possunt.

144 1148 321 1191 Cibaria
342 1152 465 1193 vobis
497 1151 681 1208 praeberi
705 1152 924 1193 videmus:
957 1166 1032 1191 vos
1064 1160 1208 1191 autem
1240 1149 1429 1190 maxime
1459 1148 1590 1189 debe-

144 1207 199 1247 tis
222 1207 263 1249 in
288 1222 360 1250 eos
393 1210 604 1266 impetum
636 1208 791 1260 facere,
816 1210 889 1263 qui
920 1217 1151 1249 merentur.
1184 1207 1267 1248 hoc
1300 1205 1460 1263 populo
1491 1220 1589 1261 gra-

141 1264 355 1307 tissimum
394 1277 472 1307 est.
511 1266 666 1307 deinde
705 1266 739 1306 si
779 1266 946 1316 voletis,
985 1266 1117 1306 etiam
1158 1274 1263 1315 tum,
1303 1279 1401 1304 cum
1440 1263 1590 1304 verisi-

140 1322 242 1363 mile
280 1324 362 1364 erit
398 1324 584 1379 aliquem
617 1323 899 1374 commisisse,
933 1323 976 1363 in
1008 1322 1253 1378 suspicione
1290 1321 1506 1361 latratote.
1544 1320 1589 1361 id

140 1394 313 1435 quoque
354 1381 532 1422 concedi
576 1389 733 1436 potest.
814 1380 891 1421 Sin
933 1389 1077 1421 autem
1120 1380 1181 1420 sic
1227 1379 1380 1434 agetiS,
1426 1387 1472 1418 ut
1522 1392 1590 1418 ar-

142 1439 284 1492 guatis
331 1438 516 1493 aliquem
559 1447 726 1494 patrem
768 1437 991 1489 occidisse,
1034 1451 1172 1492 neque
1214 1437 1355 1477 dicere
1398 1434 1588 1491 possitis,

141 1504 216 1536 aut
245 1510 391 1550 quare,
423 1504 497 1537 aut
529 1495 763 1551 quomodO,
795 1510 844 1536 ac
877 1495 1180 1536 tantummodo
1211 1494 1301 1534 sinc
1341 1492 1588 1549 suspicione

139 1551 376 1595 latrabitis:
408 1568 532 1594 crura
552 1552 728 1608 quidem
749 1552 874 1593 vobis
895 1567 1023 1594 nemo
1046 1552 1297 1607 suffringet3
1329 1550 1402 1591 sed
1434 1550 1465 1590 si
1500 1563 1585 1606 ego

138 1608 220 1651 hos
257 1611 367 1652 bene
403 1611 521 1661 novi,
560 1610 747 1651 litteram
780 1610 911 1661 illam,
941 1610 1011 1652 cui
1045 1624 1122 1651 vos
1161 1623 1295 1664 usque
1327 1622 1378 1649 eo
1417 1607 1584 1648 inimici

140 1667 258 1719 estis,
288 1670 328 1699 35
343 1678 391 1709 ut
420 1669 551 1709 etiam
582 1682 652 1709 eas
684 1682 833 1709 omnes
863 1668 1055 1719 oderitis,
1086 1668 1148 1708 ita
1173 1667 1448 1708 vehementer
1477 1665 1518 1696 36
1530 1664 1586 1706 ad

140 1735 273 1781 caput
302 1727 496 1782 affigent,
518 1734 566 1766 ut
596 1734 748 1782 postea
776 1725 992 1766 neminem
1023 1725 1168 1776 alium,
1190 1724 1274 1765 nisi
1296 1723 1490 1764 fortunas
1514 1736 1587 1763 ve-

140 1792 264 1834 stras,
287 1798 487 1825 accusare
509 1784 697 1839 possitis.
731 1782 850 1829 Quid
872 1783 979 1823 mihi
1002 1783 1056 1823 ad
1074 1781 1391 1823 defendendum
1413 1779 1584 1831 dedisti,
1597 1781 1665 1828 21

142 1839 254 1881 bone
293 1843 544 1883 accusator?
585 1841 690 1896 quid
727 1840 847 1882 hisce
884 1849 1029 1881 autem
1067 1841 1119 1882 ad
1151 1838 1484 1895 suspicandum?
1517 1836 1647 1886 Nefig

140 1897 487 1949 exheredaretur,
509 1898 670 1939 veritus
691 1907 770 1939 est.
793 1898 937 1939 audio.
998 1898 1083 1939 Sed
1111 1913 1196 1953 qua
1226 1897 1278 1938 de
1299 1910 1430 1937 causa
1450 1894 1585 1936 vereri

141 1954 354 2007 debuerit,
384 1970 512 1997 nemo
534 1956 655 1997 dicit.
716 1955 924 1997 Habebat
953 1965 1076 2011 pater
1105 1955 1150 1996 in
1180 1955 1340 1996 animo.
1402 1952 1588 1994 Planum

143 2011 227 2054 fac.
265 2013 375 2054 nihil
412 2022 500 2056 est:
544 2028 647 2064 non,
685 2013 863 2068 quicum
901 2013 1162 2064 deliberarit,
1196 2026 1326 2068 quem
1358 2010 1587 2053 certiorem

137 2068 305 2122 fecerit,
328 2071 440 2112 unde
463 2071 576 2112 istud
601 2070 724 2113 vobis
747 2071 955 2127 suspicari
978 2071 1021 2111 in
1044 2082 1234 2111 mentem
1259 2070 1437 2111 venerit.
1474 2067 1587 2108 Cum
1600 2071 1697 2111 1)·Βὲ-

139 2126 224 2169 hoc
257 2128 387 2170 modo
425 2143 615 2179 accusas,
656 2127 801 2179 Eruci,
834 2143 978 2169 nonne
1018 2128 1101 2170 hoc
1140 2128 1282 2184 palam
1321 2126 1458 2167 dicis?
1489 2125 1632 2180 ego‚³·

140 2185 245 2240 quid
269 2187 525 2242 acceperim,
551 2187 666 2228 scio:
699 2185 803 2240 quid
826 2186 983 2238 dicam,
1006 2187 1177 2228 nescio:
1210 2199 1344 2226 unum
1367 2183 1470 2224 illud
1494 2187 1589 2238 spe-

139 2243 270 2294 ctavi,
303 2244 419 2298 quod
454 2243 766 2300 Chrysogonus
800 2243 960 2298 aJebat‚
995 2244 1213 2284 neminem
1247 2242 1318 2283 isti
1359 2250 1591 2297 patronum

140 2299 358 2343 futurum:
399 2301 454 2342 de
485 2302 699 2343 bonorum
729 2301 934 2353 emtione,
965 2301 1104 2358 deque
1135 2315 1185 2343 ea
1215 2300 1422 2341 societate
1452 2297 1600 2339 nemi—⁷

181 2461 222 2489 35
243 2463 282 2489 ut
303 2469 358 2490 eas
379 2469 487 2490 omnes
510 2459 584 2500 ἃς]
610 2457 692 2489 Edd.
716 2469 763 2500 pr.
786 2458 840 2490 hie

138 2501 231 2532 valde
258 2507 424 2543 corruptae
456 2507 545 2533 sunt.
604 2501 731 2539 Lectio,
768 2511 841 2541 quae

140 2553 229 2574 nunc
243 2549 305 2580 est,
319 2549 370 2575 cst
382 2544 423 2575 ab
436 2544 533 2580 Aldu,
548 2554 650 2584 eaque
665 2548 699 2574 et
713 2546 747 2575 in
762 2544 840 2574 scri-

139 2587 204 2625 ptis
238 2592 377 2626 reperta.
435 2587 670 2618 Hotomannus
695 2587 841 2617 malebat

139 2629 226 2659 alias
247 2639 374 2659 omnes.-
399 2628 486 2669 quod
507 2629 674 2660 consentit
695 2630 841 2668 vestig-iis

138 2670 252 2710 primae
267 2671 417 2701 lectionis
431 2673 618 2708 calumniis,
634 2681 692 2711 pro
707 2681 762 2702 ests
776 2681 842 2702 om-

138 2723 207 2748 nes,
221 2718 480 2753 receperuntque
495 2714 611 2745 Lamb.
654 2713 840 2752 Aldusjun.

140 2755 203 2786 Sed
222 2755 303 2785 mihi
322 2760 356 2786 et
369 2766 424 2787 eas
437 2762 471 2787 et
489 2758 575 2787 alias
593 2757 701 2796 friget.
721 2756 842 2786 sufficit

139 2799 260 2870 segg-2124
283 2798 371 2837 quod
391 2798 542 2838 languet,
559 2800 586 2829 si
609 2809 662 2829 eas
679 2804 738 2831 aut
757 2800 844 2829 alias·

140 2849 159 2870 a
203 2845 281 2870 itur.

183 2882 225 2912 36
245 2881 292 2912 ad
303 2886 403 2922 caput
422 2883 534 2924 affi’g]
561 2883 614 2914 Sic
634 2883 699 2914 Ms.
723 2883 786 2913 Gu.
809 2889 843 2914 et

882 2457 954 2490 edd.
977 2467 1024 2499 pr.
1048 2457 1222 2499 pleraeque.
1247 2457 1293 2488 At
1314 2456 1363 2487 ed.
1385 2456 1439 2486 W.
1464 2453 1586 2496 affrin-

880 2505 971 2540 gene.
1016 2500 1105 2532 Med.
1120 2499 1296 2541 affingent,
1312 2498 1399 2539 quod
1412 2508 1452 2528 ex
1465 2498 1523 2528 illo
1538 2498 1586 2528 fa-

883 2549 975 2574 ctum
997 2544 1137 2574 videtur.
1181 2541 1385 2583 flffrangere
1407 2545 1443 2571 et
1463 2539 1587 2581 (ιθ-’νέη-

881 2596 972 2624 gere,
987 2596 1047 2625 pro
1067 2584 1214 2621 allidere,
1230 2584 1396 2624 adfligere,
1409 2582 1518 2614 dixere
1539 2582 1587 2612 la-
1601 2604 1604 2606 -

884 2629 959 2664 tini,
986 2628 1041 2658 sed
1065 2637 1133 2658 non
1155 2627 1253 2667 hujus
1275 2626 1395 2657 aetatis.
1438 2625 1586 2665 Affigere

885 2671 1017 2709 quidem
1033 2670 1114 2700 mihi
1129 2679 1197 2700 nun
1217 2670 1296 2700 satis
1313 2668 1526 2700 commodum
1539 2667 1585 2697 vi·

885 2714 994 2748 detur,
1017 2712 1194 2751 malimque
1216 2711 1388 2753 affligent:
1414 2711 1468 2741 cui
1489 2710 1588 2741 verbo

885 2765 969 2796 saepe
985 2755 1019 2784 in
1035 2754 1126 2785 libris
1141 2753 1284 2785 alterum
1303 2753 1530 2788 substituitur,
1549 2757 1590 2781 ut

885 2796 1042 2838 exemplis
1069 2796 1217 2837 pluribus
1240 2796 1281 2827 ad
1306 2796 1438 2828 Livium
1461 2795 1590 2826 notavit

887 2839 1189 2871 Drakenborcbius.
