<?xml version="1.0" encoding="UTF-8"?>
<!DOCTYPE html PUBLIC "-//W3C//DTD XHTML 1.0 Transitional//EN"
    "http://www.w3.org/TR/xhtml1/DTD/xhtml1-transitional.dtd">
<html xmlns="http://www.w3.org/1999/xhtml" xml:lang="en" lang="en">
 <head>
  <title>
</title>
<meta http-equiv="Content-Type" content="text/html;charset=utf-8" />
  <meta name='ocr-system' content='tesseract 3.04.00' />
  <meta name='ocr-capabilities' content='ocr_page ocr_carea ocr_par ocr_line ocrx_word'/>
</head>
<body>
  <div class='ocr_page' id='page_1' title='image "./p1operaomnia02ciceuoft_0623.png"; bbox 0 0 1907 3231; ppageno 0'>
   <div class='ocr_carea' id='block_1_1' title="bbox 420 90 1608 133">
    <p class='ocr_par' dir='ltr' id='par_1_1' title="bbox 420 90 1608 133">
     <span class='ocr_line' id='line_1_1' title="bbox 420 90 1608 133; baseline 0 -1"><span class='ocrx_word' id='word_1_1' title='bbox 420 93 496 132; x_wconf 87' lang='lat' dir='ltr'>DE</span> <span class='ocrx_word' id='word_1_2' title='bbox 520 92 666 131; x_wconf 88' lang='lat' dir='ltr'><strong>LEGE</strong></span> <span class='ocrx_word' id='word_1_3' title='bbox 691 90 814 130; x_wconf 88' lang='lat' dir='ltr'>AGR.</span> <span class='ocrx_word' id='word_1_4' title='bbox 842 90 1061 129; x_wconf 87' lang='lat' dir='ltr'>CONTRA</span> <span class='ocrx_word' id='word_1_5' title='bbox 1087 92 1332 133; x_wconf 86' lang='lat' dir='ltr'><strong>RULLUM.</strong></span> <span class='ocrx_word' id='word_1_6' title='bbox 1531 96 1608 132; x_wconf 72' lang='lat'>599</span> 
     </span>
    </p>
   </div>
   <div class='ocr_carea' id='block_1_2' title="bbox 131 196 1708 2496">
    <p class='ocr_par' dir='ltr' id='par_1_2' title="bbox 138 196 1708 1523">
     <span class='ocr_line' id='line_1_2' title="bbox 156 196 1668 254; baseline -0.003 -12"><span class='ocrx_word' id='word_1_7' title='bbox 156 198 240 251; x_wconf 84' lang='lat' dir='ltr'>cio,</span> <span class='ocrx_word' id='word_1_8' title='bbox 265 202 303 234; x_wconf 81' lang='lat'>17</span> <span class='ocrx_word' id='word_1_9' title='bbox 314 198 511 251; x_wconf 86' lang='lat' dir='ltr'>fortuito,</span> <span class='ocrx_word' id='word_1_10' title='bbox 533 197 587 240; x_wconf 89' lang='lat' dir='ltr'>ad</span> <span class='ocrx_word' id='word_1_11' title='bbox 609 197 899 254; x_wconf 86' lang='lat' dir='ltr'><strong>usurpandam</strong></span> <span class='ocrx_word' id='word_1_12' title='bbox 920 196 1164 238; x_wconf 86' lang='lat' dir='ltr'>libertatem</span> <span class='ocrx_word' id='word_1_13' title='bbox 1187 212 1357 239; x_wconf 79' lang='lat' dir='ltr'>vocare.</span> <span class='ocrx_word' id='word_1_14' title='bbox 1405 200 1442 229; x_wconf 81' lang='lat'>18</span> <span class='ocrx_word' id='word_1_15' title='bbox 1458 196 1604 248; x_wconf 77' lang='lat' dir='ltr'>ITEM,</span> <span class='ocrx_word' id='word_1_16' title='bbox 1621 197 1668 232; x_wconf 72' lang='lat'>18</span> 
     </span>
     <span class='ocr_line' id='line_1_3' title="bbox 153 254 1604 313; baseline -0.001 -16"><span class='ocrx_word' id='word_1_17' title='bbox 153 256 312 312; x_wconf 89' lang='lat' dir='ltr'>inquit,</span> <span class='ocrx_word' id='word_1_18' title='bbox 348 269 628 308; x_wconf 71' lang='lat' dir='ltr'>EODEMQUE</span> <span class='ocrx_word' id='word_1_19' title='bbox 663 269 823 307; x_wconf 86' lang='lat' dir='ltr'>MODO,</span> <span class='ocrx_word' id='word_1_20' title='bbox 854 254 999 313; x_wconf 87' lang='lat' dir='ltr'>capite</span> <span class='ocrx_word' id='word_1_21' title='bbox 1030 254 1181 306; x_wconf 82' lang='lat' dir='ltr'>altero,</span> <span class='ocrx_word' id='word_1_22' title='bbox 1219 258 1254 290; x_wconf 88' lang='grc' dir='ltr'>ι9</span> <span class='ocrx_word' id='word_1_23' title='bbox 1270 269 1331 296; x_wconf 83' lang='lat' dir='ltr'>UT</span> <span class='ocrx_word' id='word_1_24' title='bbox 1373 269 1604 296; x_wconf 73' lang='lat' dir='ltr'>comrrus</span> 
     </span>
     <span class='ocr_line' id='line_1_4' title="bbox 157 311 1606 368; baseline -0.001 -13"><span class='ocrx_word' id='word_1_25' title='bbox 157 327 446 357; x_wconf 77' lang='lat' dir='ltr'>PONT1F1015</span> <span class='ocrx_word' id='word_1_26' title='bbox 478 327 692 355; x_wconf 83' lang='lat' dir='ltr'>MAerr.</span> <span class='ocrx_word' id='word_1_27' title='bbox 755 313 824 355; x_wconf 89' lang='lat' dir='ltr'>Ne</span> <span class='ocrx_word' id='word_1_28' title='bbox 854 312 938 354; x_wconf 91' lang='lat' dir='ltr'>hoc</span> <span class='ocrx_word' id='word_1_29' title='bbox 968 311 1143 368; x_wconf 90' lang='lat' dir='ltr'>quidem</span> <span class='ocrx_word' id='word_1_30' title='bbox 1165 312 1289 362; x_wconf 85' lang='lat' dir='ltr'>vidit,</span> <span class='ocrx_word' id='word_1_31' title='bbox 1312 312 1496 367; x_wconf 82' lang='lat' dir='ltr'>majores</span> <span class='ocrx_word' id='word_1_32' title='bbox 1528 327 1606 353; x_wconf 93' lang='lat' dir='ltr'>no-</span> 
     </span>
     <span class='ocr_line' id='line_1_5' title="bbox 154 369 1605 427; baseline -0.001 -15"><span class='ocrx_word' id='word_1_33' title='bbox 154 379 265 413; x_wconf 88' lang='lat' dir='ltr'>stros</span> <span class='ocrx_word' id='word_1_34' title='bbox 289 381 378 414; x_wconf 88' lang='lat' dir='ltr'>tam</span> <span class='ocrx_word' id='word_1_35' title='bbox 399 371 531 413; x_wconf 86' lang='lat' dir='ltr'>fuisse</span> <span class='ocrx_word' id='word_1_36' title='bbox 553 370 798 427; x_wconf 81' lang='lat' dir='ltr'>populares,</span> <span class='ocrx_word' id='word_1_37' title='bbox 822 379 885 422; x_wconf 86' lang='lat' dir='ltr'>ut,</span> <span class='ocrx_word' id='word_1_38' title='bbox 907 370 1023 426; x_wconf 89' lang='lat' dir='ltr'>quod</span> <span class='ocrx_word' id='word_1_39' title='bbox 1045 384 1121 427; x_wconf 85' lang='lat' dir='ltr'>per</span> <span class='ocrx_word' id='word_1_40' title='bbox 1151 370 1362 427; x_wconf 89' lang='lat' dir='ltr'>populum</span> <span class='ocrx_word' id='word_1_41' title='bbox 1383 370 1516 411; x_wconf 86' lang='lat' dir='ltr'>creari</span> <span class='ocrx_word' id='word_1_42' title='bbox 1542 369 1605 410; x_wconf 85' lang='lat' dir='ltr'>fas</span> 
     </span>
     <span class='ocr_line' id='line_1_6' title="bbox 153 427 1606 485; baseline -0.001 -16"><span class='ocrx_word' id='word_1_43' title='bbox 153 442 240 470; x_wconf 88' lang='lat' dir='ltr'>non</span> <span class='ocrx_word' id='word_1_44' title='bbox 262 439 367 481; x_wconf 86' lang='lat' dir='ltr'>erat,</span> <span class='ocrx_word' id='word_1_45' title='bbox 399 437 576 485; x_wconf 82' lang='lat' dir='ltr'>propter</span> <span class='ocrx_word' id='word_1_46' title='bbox 609 427 864 484; x_wconf 78' lang='lat' dir='ltr'>religionem</span> <span class='ocrx_word' id='word_1_47' title='bbox 897 442 1131 479; x_wconf 88' lang='lat' dir='ltr'>sacrorum,</span> <span class='ocrx_word' id='word_1_48' title='bbox 1162 428 1206 469; x_wconf 92' lang='lat' dir='ltr'>in</span> <span class='ocrx_word' id='word_1_49' title='bbox 1237 442 1290 468; x_wconf 92' lang='lat' dir='ltr'>eo</span> <span class='ocrx_word' id='word_1_50' title='bbox 1314 437 1474 476; x_wconf 83' lang='lat' dir='ltr'>tamen,</span> <span class='ocrx_word' id='word_1_51' title='bbox 1507 441 1606 482; x_wconf 89' lang='lat' dir='ltr'>pro-</span> 
     </span>
     <span class='ocr_line' id='line_1_7' title="bbox 150 483 1602 543; baseline -0.001 -16"><span class='ocrx_word' id='word_1_52' title='bbox 150 495 248 543; x_wconf 88' lang='lat' dir='ltr'>pter</span> <span class='ocrx_word' id='word_1_53' title='bbox 278 486 610 543; x_wconf 88' lang='lat' dir='ltr'>amplitudinem</span> <span class='ocrx_word' id='word_1_54' title='bbox 640 485 884 537; x_wconf 87' lang='lat' dir='ltr'>sacerdotii,</span> <span class='ocrx_word' id='word_1_55' title='bbox 915 485 1130 527; x_wconf 84' lang='lat' dir='ltr'>voluerint</span> <span class='ocrx_word' id='word_1_56' title='bbox 1160 483 1321 542; x_wconf 86' lang='lat' dir='ltr'>populo</span> <span class='ocrx_word' id='word_1_57' title='bbox 1354 483 1602 541; x_wconf 85' lang='lat' dir='ltr'>supplicari.</span> 
     </span>
     <span class='ocr_line' id='line_1_8' title="bbox 150 541 1602 599; baseline -0.002 -15"><span class='ocrx_word' id='word_1_58' title='bbox 150 542 297 599; x_wconf 89' lang='lat' dir='ltr'><strong>Atque</strong></span> <span class='ocrx_word' id='word_1_59' title='bbox 319 544 404 586; x_wconf 94' lang='lat' dir='ltr'>hoc</span> <span class='ocrx_word' id='word_1_60' title='bbox 425 544 540 585; x_wconf 89' lang='lat' dir='ltr'>idem</span> <span class='ocrx_word' id='word_1_61' title='bbox 563 544 615 585; x_wconf 91' lang='lat' dir='ltr'>de</span> <span class='ocrx_word' id='word_1_62' title='bbox 637 543 791 585; x_wconf 89' lang='lat' dir='ltr'>ceteris</span> <span class='ocrx_word' id='word_1_63' title='bbox 819 542 1071 584; x_wconf 85' lang='lat' dir='ltr'>sacerdotiis</span> <span class='ocrx_word' id='word_1_64' title='bbox 1095 543 1177 584; x_wconf 86' lang='lat' dir='ltr'>Cn.</span> <span class='ocrx_word' id='word_1_65' title='bbox 1203 541 1440 594; x_wconf 81' lang='lat' dir='ltr'>Domitius,</span> <span class='ocrx_word' id='word_1_66' title='bbox 1464 541 1602 582; x_wconf 89' lang='lat' dir='ltr'>tribu-</span> 
     </span>
     <span class='ocr_line' id='line_1_9' title="bbox 149 599 1602 658; baseline -0.001 -17"><span class='ocrx_word' id='word_1_67' title='bbox 149 615 230 642; x_wconf 87' lang='lat' dir='ltr'>nus</span> <span class='ocrx_word' id='word_1_68' title='bbox 253 601 406 657; x_wconf 89' lang='lat' dir='ltr'>plebis,</span> <span class='ocrx_word' id='word_1_69' title='bbox 428 602 494 643; x_wconf 88' lang='lat' dir='ltr'>vir</span> <span class='ocrx_word' id='word_1_70' title='bbox 514 601 789 653; x_wconf 86' lang='lat' dir='ltr'>clarissimus,</span> <span class='ocrx_word' id='word_1_71' title='bbox 814 600 936 643; x_wconf 88' lang='lat' dir='ltr'>tulit:</span> <span class='ocrx_word' id='word_1_72' title='bbox 968 600 1084 657; x_wconf 86' lang='lat' dir='ltr'>quod</span> <span class='ocrx_word' id='word_1_73' title='bbox 1107 600 1308 657; x_wconf 89' lang='lat' dir='ltr'>populus,</span> <span class='ocrx_word' id='word_1_74' title='bbox 1330 615 1406 658; x_wconf 89' lang='lat' dir='ltr'>per</span> <span class='ocrx_word' id='word_1_75' title='bbox 1427 599 1602 655; x_wconf 83' lang='lat' dir='ltr'>religio-</span> 
     </span>
     <span class='ocr_line' id='line_1_10' title="bbox 148 656 1600 715; baseline 0 -17"><span class='ocrx_word' id='word_1_76' title='bbox 148 671 265 709; x_wconf 87' lang='lat' dir='ltr'>nem,</span> <span class='ocrx_word' id='word_1_77' title='bbox 287 658 528 701; x_wconf 80' lang='lat' dir='ltr'>sacerdotia</span> <span class='ocrx_word' id='word_1_78' title='bbox 549 658 754 700; x_wconf 84' lang='lat' dir='ltr'>mandare</span> <span class='ocrx_word' id='word_1_79' title='bbox 774 672 861 699; x_wconf 90' lang='lat' dir='ltr'>non</span> <span class='ocrx_word' id='word_1_80' title='bbox 885 666 1069 715; x_wconf 90' lang='lat' dir='ltr'>poterat,</span> <span class='ocrx_word' id='word_1_81' title='bbox 1092 669 1140 700; x_wconf 89' lang='lat' dir='ltr'>ut</span> <span class='ocrx_word' id='word_1_82' title='bbox 1163 658 1306 699; x_wconf 90' lang='lat' dir='ltr'>minor</span> <span class='ocrx_word' id='word_1_83' title='bbox 1329 672 1424 714; x_wconf 86' lang='lat' dir='ltr'>pars</span> <span class='ocrx_word' id='word_1_84' title='bbox 1449 656 1600 714; x_wconf 88' lang='lat' dir='ltr'>populi</span> 
     </span>
     <span class='ocr_line' id='line_1_11' title="bbox 148 715 1601 773; baseline 0 -17"><span class='ocrx_word' id='word_1_85' title='bbox 148 724 400 759; x_wconf 84' lang='lat' dir='ltr'>vocaretur:</span> <span class='ocrx_word' id='word_1_86' title='bbox 434 718 488 759; x_wconf 90' lang='lat' dir='ltr'>ab</span> <span class='ocrx_word' id='word_1_87' title='bbox 514 732 566 758; x_wconf 89' lang='lat' dir='ltr'>ea</span> <span class='ocrx_word' id='word_1_88' title='bbox 587 724 710 773; x_wconf 86' lang='lat' dir='ltr'>parte</span> <span class='ocrx_word' id='word_1_89' title='bbox 739 715 814 772; x_wconf 90' lang='lat' dir='ltr'>qui</span> <span class='ocrx_word' id='word_1_90' title='bbox 836 725 950 756; x_wconf 87' lang='lat' dir='ltr'>esset</span> <span class='ocrx_word' id='word_1_91' title='bbox 969 715 1125 766; x_wconf 84' lang='lat' dir='ltr'>factus,</span> <span class='ocrx_word' id='word_1_92' title='bbox 1147 715 1182 757; x_wconf 92' lang='lat' dir='ltr'>is</span> <span class='ocrx_word' id='word_1_93' title='bbox 1213 731 1237 757; x_wconf 87' lang='lat' dir='ltr'>a</span> <span class='ocrx_word' id='word_1_94' title='bbox 1259 716 1444 772; x_wconf 83' lang='lat' dir='ltr'>collegio</span> <span class='ocrx_word' id='word_1_95' title='bbox 1466 730 1601 771; x_wconf 89' lang='lat' dir='ltr'>coop-</span> 
     </span>
     <span class='ocr_line' id='line_1_12' title="bbox 147 772 1662 829; baseline 0 -15"><span class='ocrx_word' id='word_1_96' title='bbox 147 781 324 815; x_wconf 86' lang='lat' dir='ltr'>taretur.</span> <span class='ocrx_word' id='word_1_97' title='bbox 386 774 557 825; x_wconf 91' lang='lat' dir='ltr'>Videte,</span> <span class='ocrx_word' id='word_1_98' title='bbox 587 773 692 829; x_wconf 91' lang='lat' dir='ltr'>quid</span> <span class='ocrx_word' id='word_1_99' title='bbox 724 772 894 814; x_wconf 85' lang='lat' dir='ltr'>intersit</span> <span class='ocrx_word' id='word_1_100' title='bbox 924 773 1036 814; x_wconf 86' lang='lat' dir='ltr'>inter</span> <span class='ocrx_word' id='word_1_101' title='bbox 1067 772 1149 814; x_wconf 86' lang='lat' dir='ltr'>Cn.</span> <span class='ocrx_word' id='word_1_102' title='bbox 1176 772 1438 824; x_wconf 83' lang='lat' dir='ltr'>Domitium,</span> <span class='ocrx_word' id='word_1_103' title='bbox 1462 773 1599 814; x_wconf 88' lang='lat' dir='ltr'>tribu-</span> <span class='ocrx_word' id='word_1_104' title='bbox 1615 776 1662 811; x_wconf 90' lang='grc'>19</span> 
     </span>
     <span class='ocr_line' id='line_1_13' title="bbox 144 828 1599 888; baseline 0 -16"><span class='ocrx_word' id='word_1_105' title='bbox 144 844 252 872; x_wconf 89' lang='lat' dir='ltr'>num</span> <span class='ocrx_word' id='word_1_106' title='bbox 274 831 428 888; x_wconf 88' lang='lat' dir='ltr'>plebis,</span> <span class='ocrx_word' id='word_1_107' title='bbox 450 832 672 874; x_wconf 90' lang='lat' dir='ltr'>hominem</span> <span class='ocrx_word' id='word_1_108' title='bbox 695 828 1029 881; x_wconf 88' lang='lat' dir='ltr'>nobilissimum,</span> <span class='ocrx_word' id='word_1_109' title='bbox 1052 838 1096 871; x_wconf 89' lang='lat' dir='ltr'>et</span> <span class='ocrx_word' id='word_1_110' title='bbox 1119 830 1170 871; x_wconf 88' lang='lat' dir='ltr'>P.</span> <span class='ocrx_word' id='word_1_111' title='bbox 1191 830 1384 882; x_wconf 86' lang='lat' dir='ltr'>Rullum,</span> <span class='ocrx_word' id='word_1_112' title='bbox 1407 831 1481 886; x_wconf 87' lang='lat' dir='ltr'>qui</span> <span class='ocrx_word' id='word_1_113' title='bbox 1504 840 1599 872; x_wconf 85' lang='lat' dir='ltr'>ten-</span> 
     </span>
     <span class='ocr_line' id='line_1_14' title="bbox 146 887 1598 946; baseline 0 -17"><span class='ocrx_word' id='word_1_114' title='bbox 146 889 271 940; x_wconf 84' lang='lat' dir='ltr'>tavit,</span> <span class='ocrx_word' id='word_1_115' title='bbox 293 898 343 931; x_wconf 92' lang='lat' dir='ltr'>ut</span> <span class='ocrx_word' id='word_1_116' title='bbox 370 890 545 946; x_wconf 79' lang='lat' dir='ltr'>opinor,</span> <span class='ocrx_word' id='word_1_117' title='bbox 576 887 832 945; x_wconf 85' lang='lat' dir='ltr'>patientiam</span> <span class='ocrx_word' id='word_1_118' title='bbox 856 897 1056 939; x_wconf 83' lang='lat' dir='ltr'>vestram,</span> <span class='ocrx_word' id='word_1_119' title='bbox 1078 902 1180 929; x_wconf 89' lang='lat' dir='ltr'>cum</span> <span class='ocrx_word' id='word_1_120' title='bbox 1210 902 1255 929; x_wconf 91' lang='lat' dir='ltr'>se</span> <span class='ocrx_word' id='word_1_121' title='bbox 1284 888 1477 936; x_wconf 83' lang='lat' dir='ltr'>nobilem</span> <span class='ocrx_word' id='word_1_122' title='bbox 1507 903 1598 930; x_wconf 88' lang='lat' dir='ltr'>esse</span> 
     </span>
     <span class='ocr_line' id='line_1_15' title="bbox 144 945 1598 1003; baseline 0 -16"><span class='ocrx_word' id='word_1_123' title='bbox 144 945 323 988; x_wconf 86' lang='lat' dir='ltr'>diceret.</span> <span class='ocrx_word' id='word_1_124' title='bbox 384 946 623 997; x_wconf 86' lang='lat' dir='ltr'>Domitius,</span> <span class='ocrx_word' id='word_1_125' title='bbox 645 945 762 1002; x_wconf 90' lang='lat' dir='ltr'>quod</span> <span class='ocrx_word' id='word_1_126' title='bbox 793 959 870 1002; x_wconf 85' lang='lat' dir='ltr'>per</span> <span class='ocrx_word' id='word_1_127' title='bbox 890 945 1172 987; x_wconf 86' lang='lat' dir='ltr'>caeremonias</span> <span class='ocrx_word' id='word_1_128' title='bbox 1203 946 1354 1003; x_wconf 91' lang='lat' dir='ltr'>populi</span> <span class='ocrx_word' id='word_1_129' title='bbox 1387 945 1478 987; x_wconf 86' lang='lat' dir='ltr'>fieri</span> <span class='ocrx_word' id='word_1_130' title='bbox 1508 961 1598 988; x_wconf 91' lang='lat' dir='ltr'>non</span> 
     </span>
     <span class='ocr_line' id='line_1_16' title="bbox 145 1002 1596 1060; baseline 0 -15"><span class='ocrx_word' id='word_1_131' title='bbox 145 1013 332 1060; x_wconf 75' lang='lat' dir='ltr'>poterat,</span> <span class='ocrx_word' id='word_1_132' title='bbox 352 1005 519 1046; x_wconf 88' lang='lat' dir='ltr'>ratione</span> <span class='ocrx_word' id='word_1_133' title='bbox 540 1012 760 1045; x_wconf 84' lang='lat' dir='ltr'>assecutus</span> <span class='ocrx_word' id='word_1_134' title='bbox 781 1012 861 1054; x_wconf 88' lang='lat' dir='ltr'>est,</span> <span class='ocrx_word' id='word_1_135' title='bbox 884 1011 933 1044; x_wconf 92' lang='lat' dir='ltr'>ut</span> <span class='ocrx_word' id='word_1_136' title='bbox 954 1002 1014 1054; x_wconf 84' lang='lat' dir='ltr'>id,</span> <span class='ocrx_word' id='word_1_137' title='bbox 1032 1003 1176 1059; x_wconf 87' lang='lat' dir='ltr'>quoad</span> <span class='ocrx_word' id='word_1_138' title='bbox 1197 1013 1358 1060; x_wconf 85' lang='lat' dir='ltr'>posset,</span> <span class='ocrx_word' id='word_1_139' title='bbox 1374 1003 1518 1059; x_wconf 86' lang='lat' dir='ltr'>quoad</span> <span class='ocrx_word' id='word_1_140' title='bbox 1531 1002 1596 1045; x_wconf 86' lang='lat' dir='ltr'>fas</span> 
     </span>
     <span class='ocr_line' id='line_1_17' title="bbox 143 1059 1708 1118; baseline 0.001 -16"><span class='ocrx_word' id='word_1_141' title='bbox 143 1071 269 1114; x_wconf 86' lang='lat' dir='ltr'>esset,</span> <span class='ocrx_word' id='word_1_142' title='bbox 292 1062 435 1118; x_wconf 86' lang='lat' dir='ltr'>quoad</span> <span class='ocrx_word' id='word_1_143' title='bbox 467 1061 630 1113; x_wconf 85' lang='lat' dir='ltr'>liceret,</span> <span class='ocrx_word' id='word_1_144' title='bbox 660 1059 811 1118; x_wconf 90' lang='lat' dir='ltr'>populi</span> <span class='ocrx_word' id='word_1_145' title='bbox 845 1061 899 1102; x_wconf 88' lang='lat' dir='ltr'>ad</span> <span class='ocrx_word' id='word_1_146' title='bbox 930 1069 1072 1118; x_wconf 86' lang='lat' dir='ltr'>partes</span> <span class='ocrx_word' id='word_1_147' title='bbox 1094 1062 1229 1112; x_wconf 87' lang='lat' dir='ltr'>daret,</span> <span class='ocrx_word' id='word_1_148' title='bbox 1252 1061 1338 1113; x_wconf 88' lang='lat' dir='ltr'>hic,</span> <span class='ocrx_word' id='word_1_149' title='bbox 1368 1062 1486 1117; x_wconf 90' lang='lat' dir='ltr'>quod</span> <span class='ocrx_word' id='word_1_150' title='bbox 1517 1076 1596 1118; x_wconf 88' lang='lat' dir='ltr'>po·</span> <span class='ocrx_word' id='word_1_151' title='bbox 1608 1073 1638 1104; x_wconf 84' lang='lat' dir='ltr'>P·</span> <span class='ocrx_word' id='word_1_152' title='bbox 1657 1066 1708 1098; x_wconf 80' lang='lat'>70.</span> 
     </span>
     <span class='ocr_line' id='line_1_18' title="bbox 143 1117 1638 1176; baseline 0 -15"><span class='ocrx_word' id='word_1_153' title='bbox 143 1119 234 1175; x_wconf 90' lang='lat' dir='ltr'>puli</span> <span class='ocrx_word' id='word_1_154' title='bbox 257 1120 481 1176; x_wconf 88' lang='lat' dir='ltr'>proprium</span> <span class='ocrx_word' id='word_1_155' title='bbox 503 1133 672 1176; x_wconf 80' lang='lat' dir='ltr'><strong>semper</strong></span> <span class='ocrx_word' id='word_1_156' title='bbox 693 1118 792 1170; x_wconf 86' lang='lat' dir='ltr'>fuit,</span> <span class='ocrx_word' id='word_1_157' title='bbox 814 1118 931 1174; x_wconf 89' lang='lat' dir='ltr'>quod</span> <span class='ocrx_word' id='word_1_158' title='bbox 957 1133 1085 1160; x_wconf 88' lang='lat' dir='ltr'>nemo</span> <span class='ocrx_word' id='word_1_159' title='bbox 1107 1118 1344 1172; x_wconf 80' lang='lat' dir='ltr'>imminuit,</span> <span class='ocrx_word' id='word_1_160' title='bbox 1366 1134 1494 1161; x_wconf 89' lang='lat' dir='ltr'>nemo</span> <span class='ocrx_word' id='word_1_161' title='bbox 1516 1120 1598 1161; x_wconf 87' lang='lat' dir='ltr'>irn-</span> <span class='ocrx_word' id='word_1_162' title='bbox 1608 1117 1638 1139; x_wconf 86' lang='lat' dir='ltr'>a.</span> 
     </span>
     <span class='ocr_line' id='line_1_19' title="bbox 141 1175 1598 1235; baseline 0.001 -17"><span class='ocrx_word' id='word_1_163' title='bbox 141 1176 344 1229; x_wconf 87' lang='lat' dir='ltr'>mutavit,</span> <span class='ocrx_word' id='word_1_164' title='bbox 365 1178 472 1233; x_wconf 88' lang='lat' dir='ltr'>quin</span> <span class='ocrx_word' id='word_1_165' title='bbox 503 1177 548 1229; x_wconf 91' lang='lat' dir='ltr'>ii,</span> <span class='ocrx_word' id='word_1_166' title='bbox 571 1177 646 1233; x_wconf 92' lang='lat' dir='ltr'>qui</span> <span class='ocrx_word' id='word_1_167' title='bbox 677 1175 840 1233; x_wconf 91' lang='lat' dir='ltr'>populo</span> <span class='ocrx_word' id='word_1_168' title='bbox 862 1191 990 1233; x_wconf 83' lang='lat' dir='ltr'>agros</span> <span class='ocrx_word' id='word_1_169' title='bbox 1017 1186 1162 1218; x_wconf 85' lang='lat' dir='ltr'><strong>essent</strong></span> <span class='ocrx_word' id='word_1_170' title='bbox 1190 1177 1467 1235; x_wconf 80' lang='lat' dir='ltr'>assignaturi,</span> <span class='ocrx_word' id='word_1_171' title='bbox 1497 1187 1598 1220; x_wconf 84' lang='lat' dir='ltr'>ante</span> 
     </span>
     <span class='ocr_line' id='line_1_20' title="bbox 141 1233 1598 1293; baseline 0.002 -18"><span class='ocrx_word' id='word_1_172' title='bbox 141 1234 391 1291; x_wconf 85' lang='lat' dir='ltr'>acciperent</span> <span class='ocrx_word' id='word_1_173' title='bbox 429 1251 454 1277; x_wconf 90' lang='lat' dir='ltr'>a</span> <span class='ocrx_word' id='word_1_174' title='bbox 487 1235 650 1293; x_wconf 90' lang='lat' dir='ltr'>populo</span> <span class='ocrx_word' id='word_1_175' title='bbox 690 1233 966 1286; x_wconf 87' lang='lat' dir='ltr'>beneficium,</span> <span class='ocrx_word' id='word_1_176' title='bbox 999 1250 1129 1291; x_wconf 87' lang='lat' dir='ltr'>quam</span> <span class='ocrx_word' id='word_1_177' title='bbox 1168 1235 1344 1278; x_wconf 87' lang='lat' dir='ltr'>darent:</span> <span class='ocrx_word' id='word_1_178' title='bbox 1377 1235 1422 1277; x_wconf 90' lang='lat' dir='ltr'>id</span> <span class='ocrx_word' id='word_1_179' title='bbox 1454 1244 1598 1278; x_wconf 86' lang='lat' dir='ltr'>totum</span> 
     </span>
     <span class='ocr_line' id='line_1_21' title="bbox 141 1291 1597 1349; baseline 0.001 -16"><span class='ocrx_word' id='word_1_180' title='bbox 141 1291 307 1349; x_wconf 88' lang='lat' dir='ltr'>eripere</span> <span class='ocrx_word' id='word_1_181' title='bbox 331 1293 455 1335; x_wconf 91' lang='lat' dir='ltr'>vobis</span> <span class='ocrx_word' id='word_1_182' title='bbox 479 1302 609 1349; x_wconf 89' lang='lat' dir='ltr'>atque</span> <span class='ocrx_word' id='word_1_183' title='bbox 629 1307 653 1334; x_wconf 90' lang='lat' dir='ltr'>e</span> <span class='ocrx_word' id='word_1_184' title='bbox 675 1292 876 1334; x_wconf 88' lang='lat' dir='ltr'>manibus</span> <span class='ocrx_word' id='word_1_185' title='bbox 898 1302 1158 1348; x_wconf 83' lang='lat' dir='ltr'>extorquere</span> <span class='ocrx_word' id='word_1_186' title='bbox 1179 1302 1362 1335; x_wconf 88' lang='lat' dir='ltr'>conatus</span> <span class='ocrx_word' id='word_1_187' title='bbox 1384 1302 1463 1335; x_wconf 89' lang='lat' dir='ltr'>est.</span> <span class='ocrx_word' id='word_1_188' title='bbox 1504 1292 1597 1347; x_wconf 86' lang='lat' dir='ltr'>Ille,</span> 
     </span>
     <span class='ocr_line' id='line_1_22' title="bbox 141 1348 1596 1408; baseline 0.001 -17"><span class='ocrx_word' id='word_1_189' title='bbox 141 1350 260 1405; x_wconf 90' lang='lat' dir='ltr'>quod</span> <span class='ocrx_word' id='word_1_190' title='bbox 289 1349 383 1393; x_wconf 84' lang='lat' dir='ltr'>dari</span> <span class='ocrx_word' id='word_1_191' title='bbox 414 1351 577 1408; x_wconf 91' lang='lat' dir='ltr'>populo</span> <span class='ocrx_word' id='word_1_192' title='bbox 598 1349 716 1392; x_wconf 91' lang='lat' dir='ltr'>nullo</span> <span class='ocrx_word' id='word_1_193' title='bbox 739 1349 871 1391; x_wconf 90' lang='lat' dir='ltr'>modo</span> <span class='ocrx_word' id='word_1_194' title='bbox 893 1359 1078 1408; x_wconf 88' lang='lat' dir='ltr'>poterat,</span> <span class='ocrx_word' id='word_1_195' title='bbox 1102 1348 1246 1392; x_wconf 83' lang='lat' dir='ltr'>tamen</span> <span class='ocrx_word' id='word_1_196' title='bbox 1271 1351 1596 1407; x_wconf 90' lang='lat' dir='ltr'>quodammodo</span> 
     </span>
     <span class='ocr_line' id='line_1_23' title="bbox 140 1407 1593 1466; baseline 0.001 -18"><span class='ocrx_word' id='word_1_197' title='bbox 140 1407 286 1450; x_wconf 87' lang='lat' dir='ltr'>dedit:</span> <span class='ocrx_word' id='word_1_198' title='bbox 316 1408 406 1461; x_wconf 91' lang='lat' dir='ltr'>hic,</span> <span class='ocrx_word' id='word_1_199' title='bbox 441 1409 558 1465; x_wconf 92' lang='lat' dir='ltr'>quod</span> <span class='ocrx_word' id='word_1_200' title='bbox 597 1407 731 1450; x_wconf 86' lang='lat' dir='ltr'>adimi</span> <span class='ocrx_word' id='word_1_201' title='bbox 767 1407 886 1450; x_wconf 91' lang='lat' dir='ltr'>nullo</span> <span class='ocrx_word' id='word_1_202' title='bbox 925 1418 1055 1465; x_wconf 85' lang='lat' dir='ltr'>pacto</span> <span class='ocrx_word' id='word_1_203' title='bbox 1090 1418 1276 1466; x_wconf 87' lang='lat' dir='ltr'>poterat,</span> <span class='ocrx_word' id='word_1_204' title='bbox 1310 1411 1593 1466; x_wconf 74' lang='lat' dir='ltr'>20potestate‚</span> 
     </span>
     <span class='ocr_line' id='line_1_24' title="bbox 138 1465 919 1523; baseline 0.001 -17"><span class='ocrx_word' id='word_1_205' title='bbox 138 1465 327 1521; x_wconf 88' lang='lat' dir='ltr'>quadam</span> <span class='ocrx_word' id='word_1_206' title='bbox 348 1467 515 1508; x_wconf 87' lang='lat' dir='ltr'>ratione</span> <span class='ocrx_word' id='word_1_207' title='bbox 536 1465 701 1523; x_wconf 83' lang='lat' dir='ltr'>eripere</span> <span class='ocrx_word' id='word_1_208' title='bbox 722 1476 919 1507; x_wconf 85' lang='lat' dir='ltr'>conatur.</span> 
     </span>
    </p>

    <p class='ocr_par' dir='ltr' id='par_1_3' title="bbox 131 1515 1654 2496">
     <span class='ocr_line' id='line_1_25' title="bbox 198 1515 1637 1583; baseline 0 -19"><span class='ocrx_word' id='word_1_209' title='bbox 198 1523 381 1570; x_wconf 85' lang='lat' dir='ltr'>Quaeret</span> <span class='ocrx_word' id='word_1_210' title='bbox 409 1524 641 1582; x_wconf 86' lang='lat' dir='ltr'>quispiam,</span> <span class='ocrx_word' id='word_1_211' title='bbox 671 1524 716 1564; x_wconf 89' lang='lat' dir='ltr'>in</span> <span class='ocrx_word' id='word_1_212' title='bbox 739 1531 862 1564; x_wconf 82' lang='lat' dir='ltr'>tanta</span> <span class='ocrx_word' id='word_1_213' title='bbox 892 1522 1051 1580; x_wconf 85' lang='lat' dir='ltr'>injuria</span> <span class='ocrx_word' id='word_1_214' title='bbox 1082 1532 1288 1580; x_wconf 84' lang='lat' dir='ltr'>tantaque</span> <span class='ocrx_word' id='word_1_215' title='bbox 1320 1515 1637 1583; x_wconf 71' lang='lat' dir='ltr'>impudentiass</span> 
     </span>
     <span class='ocr_line' id='line_1_26' title="bbox 137 1580 1654 1642; baseline 0.001 -21"><span class='ocrx_word' id='word_1_216' title='bbox 137 1580 244 1636; x_wconf 90' lang='lat' dir='ltr'>quid</span> <span class='ocrx_word' id='word_1_217' title='bbox 277 1583 497 1639; x_wconf 85' lang='lat' dir='ltr'>spectarit.</span> <span class='ocrx_word' id='word_1_218' title='bbox 559 1581 663 1624; x_wconf 91' lang='lat' dir='ltr'>Non</span> <span class='ocrx_word' id='word_1_219' title='bbox 696 1580 838 1624; x_wconf 87' lang='lat' dir='ltr'>defuit</span> <span class='ocrx_word' id='word_1_220' title='bbox 867 1581 1122 1624; x_wconf 90' lang='lat' dir='ltr'>consilium:</span> <span class='ocrx_word' id='word_1_221' title='bbox 1156 1581 1261 1624; x_wconf 88' lang='lat' dir='ltr'>fides</span> <span class='ocrx_word' id='word_1_222' title='bbox 1285 1597 1389 1640; x_wconf 84' lang='lat' dir='ltr'>erga</span> <span class='ocrx_word' id='word_1_223' title='bbox 1418 1582 1654 1642; x_wconf 65' lang='lat' dir='ltr'>plebemfzo</span> 
     </span>
     <span class='ocr_line' id='line_1_27' title="bbox 139 1636 1593 1696; baseline 0 -14"><span class='ocrx_word' id='word_1_224' title='bbox 139 1636 401 1692; x_wconf 84' lang='lat' dir='ltr'>Romanam,</span> <span class='ocrx_word' id='word_1_225' title='bbox 440 1640 623 1696; x_wconf 83' lang='lat' dir='ltr'>aequitas</span> <span class='ocrx_word' id='word_1_226' title='bbox 665 1638 710 1680; x_wconf 90' lang='lat' dir='ltr'>in</span> <span class='ocrx_word' id='word_1_227' title='bbox 744 1654 820 1681; x_wconf 88' lang='lat' dir='ltr'>vos</span> <span class='ocrx_word' id='word_1_228' title='bbox 852 1637 1185 1696; x_wconf 86' lang='lat' dir='ltr'>libertatemque</span> <span class='ocrx_word' id='word_1_229' title='bbox 1220 1649 1424 1692; x_wconf 84' lang='lat' dir='ltr'>vestram,</span> <span class='ocrx_word' id='word_1_230' title='bbox 1461 1640 1593 1682; x_wconf 83' lang='lat' dir='ltr'>vehe-</span> 
     </span>
     <span class='ocr_line' id='line_1_28' title="bbox 136 1697 1594 1749; baseline 0.001 -11"><span class='ocrx_word' id='word_1_231' title='bbox 136 1706 306 1739; x_wconf 86' lang='lat' dir='ltr'>menter</span> <span class='ocrx_word' id='word_1_232' title='bbox 351 1697 506 1740; x_wconf 90' lang='lat' dir='ltr'>defuit.</span> <span class='ocrx_word' id='word_1_233' title='bbox 564 1697 591 1741; x_wconf 87' lang='lat' dir='ltr'>J</span> <span class='ocrx_word' id='word_1_234' title='bbox 600 1697 703 1739; x_wconf 92' lang='lat' dir='ltr'>ubet</span> <span class='ocrx_word' id='word_1_235' title='bbox 742 1697 875 1749; x_wconf 83' lang='lat' dir='ltr'>enim,</span> <span class='ocrx_word' id='word_1_236' title='bbox 917 1697 1098 1740; x_wconf 88' lang='lat' dir='ltr'>comitia</span> <span class='ocrx_word' id='word_1_237' title='bbox 1135 1698 1393 1740; x_wconf 88' lang='lat' dir='ltr'>decemviris</span> <span class='ocrx_word' id='word_1_238' title='bbox 1433 1697 1594 1740; x_wconf 87' lang='lat' dir='ltr'>habere</span> 
     </span>
     <span class='ocr_line' id='line_1_29' title="bbox 136 1754 1595 1813; baseline 0.003 -18"><span class='ocrx_word' id='word_1_239' title='bbox 136 1755 334 1797; x_wconf 84' lang='lat' dir='ltr'>creandis</span> <span class='ocrx_word' id='word_1_240' title='bbox 356 1770 469 1807; x_wconf 89' lang='lat' dir='ltr'>eum,</span> <span class='ocrx_word' id='word_1_241' title='bbox 492 1756 567 1812; x_wconf 92' lang='lat' dir='ltr'>qui</span> <span class='ocrx_word' id='word_1_242' title='bbox 588 1755 730 1812; x_wconf 85' lang='lat' dir='ltr'>legem</span> <span class='ocrx_word' id='word_1_243' title='bbox 752 1755 913 1797; x_wconf 86' lang='lat' dir='ltr'>tulerit.</span> <span class='ocrx_word' id='word_1_244' title='bbox 976 1754 1079 1797; x_wconf 91' lang='lat' dir='ltr'>Hoc</span> <span class='ocrx_word' id='word_1_245' title='bbox 1102 1755 1245 1799; x_wconf 88' lang='lat' dir='ltr'>dicam</span> <span class='ocrx_word' id='word_1_246' title='bbox 1268 1756 1453 1813; x_wconf 87' lang='lat' dir='ltr'>planius.</span> <span class='ocrx_word' id='word_1_247' title='bbox 1512 1756 1540 1799; x_wconf 88' lang='lat' dir='ltr'><strong>J</strong></span> <span class='ocrx_word' id='word_1_248' title='bbox 1546 1771 1595 1798; x_wconf 91' lang='lat' dir='ltr'>u-</span> 
     </span>
     <span class='ocr_line' id='line_1_30' title="bbox 137 1811 1593 1871; baseline 0.001 -18"><span class='ocrx_word' id='word_1_249' title='bbox 137 1811 213 1854; x_wconf 88' lang='lat' dir='ltr'>bet</span> <span class='ocrx_word' id='word_1_250' title='bbox 244 1812 412 1866; x_wconf 85' lang='lat' dir='ltr'>Rullus,</span> <span class='ocrx_word' id='word_1_251' title='bbox 434 1813 567 1856; x_wconf 89' lang='lat' dir='ltr'>homo</span> <span class='ocrx_word' id='word_1_252' title='bbox 589 1828 678 1855; x_wconf 90' lang='lat' dir='ltr'>non</span> <span class='ocrx_word' id='word_1_253' title='bbox 701 1812 900 1871; x_wconf 82' lang='lat' dir='ltr'>cupiduS,</span> <span class='ocrx_word' id='word_1_254' title='bbox 921 1828 1062 1870; x_wconf 90' lang='lat' dir='ltr'>neque</span> <span class='ocrx_word' id='word_1_255' title='bbox 1091 1823 1316 1871; x_wconf 85' lang='lat' dir='ltr'>appetens,</span> <span class='ocrx_word' id='word_1_256' title='bbox 1337 1815 1497 1857; x_wconf 89' lang='lat' dir='ltr'>habere</span> <span class='ocrx_word' id='word_1_257' title='bbox 1518 1829 1593 1856; x_wconf 91' lang='lat' dir='ltr'>co-</span> 
     </span>
     <span class='ocr_line' id='line_1_31' title="bbox 135 1869 1589 1928; baseline 0.001 -17"><span class='ocrx_word' id='word_1_258' title='bbox 135 1869 263 1912; x_wconf 89' lang='lat' dir='ltr'>mitia</span> <span class='ocrx_word' id='word_1_259' title='bbox 304 1871 498 1914; x_wconf 88' lang='lat' dir='ltr'>Rullum.</span> <span class='ocrx_word' id='word_1_260' title='bbox 559 1871 770 1914; x_wconf 88' lang='lat' dir='ltr'>Nondum</span> <span class='ocrx_word' id='word_1_261' title='bbox 804 1870 1088 1928; x_wconf 88' lang='lat' dir='ltr'>reprehendo.</span> <span class='ocrx_word' id='word_1_262' title='bbox 1123 1871 1248 1914; x_wconf 82' lang='lat' dir='ltr'>video</span> <span class='ocrx_word' id='word_1_263' title='bbox 1281 1871 1435 1915; x_wconf 88' lang='lat' dir='ltr'>fecisse</span> <span class='ocrx_word' id='word_1_264' title='bbox 1466 1871 1589 1914; x_wconf 86' lang='lat' dir='ltr'>alios.</span> 
     </span>
     <span class='ocr_line' id='line_1_32' title="bbox 136 1926 1588 1988; baseline 0.002 -19"><span class='ocrx_word' id='word_1_265' title='bbox 136 1926 258 1981; x_wconf 90' lang='lat' dir='ltr'>illud,</span> <span class='ocrx_word' id='word_1_266' title='bbox 289 1929 406 1985; x_wconf 89' lang='lat' dir='ltr'>quod</span> <span class='ocrx_word' id='word_1_267' title='bbox 434 1942 563 1972; x_wconf 89' lang='lat' dir='ltr'>nemo</span> <span class='ocrx_word' id='word_1_268' title='bbox 587 1929 708 1982; x_wconf 91' lang='lat' dir='ltr'>fecit,</span> <span class='ocrx_word' id='word_1_269' title='bbox 738 1930 792 1971; x_wconf 91' lang='lat' dir='ltr'>de</span> <span class='ocrx_word' id='word_1_270' title='bbox 820 1930 988 1971; x_wconf 87' lang='lat' dir='ltr'>minore</span> <span class='ocrx_word' id='word_1_271' title='bbox 1017 1939 1140 1987; x_wconf 87' lang='lat' dir='ltr'>parte</span> <span class='ocrx_word' id='word_1_272' title='bbox 1171 1930 1338 1988; x_wconf 89' lang='lat' dir='ltr'>populi,</span> <span class='ocrx_word' id='word_1_273' title='bbox 1370 1945 1458 1987; x_wconf 92' lang='lat' dir='ltr'>quo</span> <span class='ocrx_word' id='word_1_274' title='bbox 1492 1944 1588 1987; x_wconf 87' lang='lat' dir='ltr'>per-</span> 
     </span>
     <span class='ocr_line' id='line_1_33' title="bbox 135 1986 1590 2045; baseline 0.002 -19"><span class='ocrx_word' id='word_1_275' title='bbox 135 1986 288 2038; x_wconf 86' lang='lat' dir='ltr'>tineat,</span> <span class='ocrx_word' id='word_1_276' title='bbox 310 1987 468 2029; x_wconf 86' lang='lat' dir='ltr'>videte.</span> <span class='ocrx_word' id='word_1_277' title='bbox 522 1987 720 2030; x_wconf 83' lang='lat' dir='ltr'>Habebit</span> <span class='ocrx_word' id='word_1_278' title='bbox 740 1987 944 2030; x_wconf 87' lang='lat' dir='ltr'>comitia:</span> <span class='ocrx_word' id='word_1_279' title='bbox 976 1987 1093 2030; x_wconf 83' lang='lat' dir='ltr'>volet</span> <span class='ocrx_word' id='word_1_280' title='bbox 1113 2002 1186 2029; x_wconf 89' lang='lat' dir='ltr'>eos</span> <span class='ocrx_word' id='word_1_281' title='bbox 1209 1988 1470 2040; x_wconf 86' lang='lat' dir='ltr'>renuntiare,</span> <span class='ocrx_word' id='word_1_282' title='bbox 1491 1986 1590 2045; x_wconf 60' lang='lat' dir='ltr'>qui-v</span> 
     </span>
     <span class='ocr_line' id='line_1_34' title="bbox 135 2044 1588 2104; baseline 0.002 -19"><span class='ocrx_word' id='word_1_283' title='bbox 135 2044 217 2085; x_wconf 90' lang='lat' dir='ltr'>bus</span> <span class='ocrx_word' id='word_1_284' title='bbox 239 2045 360 2101; x_wconf 83' lang='lat' dir='ltr'>regia</span> <span class='ocrx_word' id='word_1_285' title='bbox 380 2054 573 2103; x_wconf 86' lang='lat' dir='ltr'>potestas</span> <span class='ocrx_word' id='word_1_286' title='bbox 603 2045 686 2090; x_wconf 82' lang='lat' dir='ltr'>hac</span> <span class='ocrx_word' id='word_1_287' title='bbox 718 2045 814 2102; x_wconf 86' lang='lat' dir='ltr'>lege</span> <span class='ocrx_word' id='word_1_288' title='bbox 847 2045 1071 2101; x_wconf 75' lang='lat' dir='ltr'>quaeritur.</span> <span class='ocrx_word' id='word_1_289' title='bbox 1103 2045 1304 2088; x_wconf 83' lang='lat' dir='ltr'>universo</span> <span class='ocrx_word' id='word_1_290' title='bbox 1327 2047 1490 2104; x_wconf 89' lang='lat' dir='ltr'>populo</span> <span class='ocrx_word' id='word_1_291' title='bbox 1511 2060 1588 2087; x_wconf 89' lang='lat' dir='ltr'>ne-</span> 
     </span>
     <span class='ocr_line' id='line_1_35' title="bbox 134 2102 1586 2159; baseline 0.001 -16"><span class='ocrx_word' id='word_1_292' title='bbox 134 2117 219 2157; x_wconf 87' lang='lat' dir='ltr'>que</span> <span class='ocrx_word' id='word_1_293' title='bbox 248 2103 341 2159; x_wconf 87' lang='lat' dir='ltr'>ipse</span> <span class='ocrx_word' id='word_1_294' title='bbox 362 2104 615 2155; x_wconf 86' lang='lat' dir='ltr'>committit,</span> <span class='ocrx_word' id='word_1_295' title='bbox 636 2116 777 2159; x_wconf 89' lang='lat' dir='ltr'>neque</span> <span class='ocrx_word' id='word_1_296' title='bbox 807 2102 867 2144; x_wconf 89' lang='lat' dir='ltr'>illi</span> <span class='ocrx_word' id='word_1_297' title='bbox 901 2103 1056 2145; x_wconf 89' lang='lat' dir='ltr'>horum</span> <span class='ocrx_word' id='word_1_298' title='bbox 1077 2104 1358 2146; x_wconf 87' lang='lat' dir='ltr'>consiliorum</span> <span class='ocrx_word' id='word_1_299' title='bbox 1388 2112 1586 2147; x_wconf 83' lang='lat' dir='ltr'>auctores</span> 
     </span>
     <span class='ocr_line' id='line_1_36' title="bbox 135 2160 1645 2218; baseline -0.001 -17"><span class='ocrx_word' id='word_1_300' title='bbox 135 2160 354 2202; x_wconf 88' lang='lat' dir='ltr'>committi</span> <span class='ocrx_word' id='word_1_301' title='bbox 385 2171 502 2203; x_wconf 86' lang='lat' dir='ltr'>recte</span> <span class='ocrx_word' id='word_1_302' title='bbox 534 2170 692 2218; x_wconf 86' lang='lat' dir='ltr'>putant</span> <span class='ocrx_word' id='word_1_303' title='bbox 721 2175 862 2218; x_wconf 89' lang='lat' dir='ltr'>posse.</span> <span class='ocrx_word' id='word_1_304' title='bbox 923 2161 1138 2203; x_wconf 90' lang='lat' dir='ltr'>Sortietur</span> <span class='ocrx_word' id='word_1_305' title='bbox 1161 2162 1299 2204; x_wconf 87' lang='lat' dir='ltr'>tribus</span> <span class='ocrx_word' id='word_1_306' title='bbox 1331 2162 1446 2204; x_wconf 89' lang='lat' dir='ltr'>idem</span> <span class='ocrx_word' id='word_1_307' title='bbox 1479 2162 1645 2204; x_wconf 73' lang='lat' dir='ltr'>Bul-21</span> 
     </span>
     <span class='ocr_line' id='line_1_37' title="bbox 133 2217 1588 2276; baseline 0.001 -17"><span class='ocrx_word' id='word_1_308' title='bbox 133 2217 216 2260; x_wconf 85' lang='lat' dir='ltr'>lus.</span> <span class='ocrx_word' id='word_1_309' title='bbox 248 2217 381 2260; x_wconf 91' lang='lat' dir='ltr'>homo</span> <span class='ocrx_word' id='word_1_310' title='bbox 404 2219 509 2260; x_wconf 86' lang='lat' dir='ltr'>felix</span> <span class='ocrx_word' id='word_1_311' title='bbox 533 2219 702 2271; x_wconf 88' lang='lat' dir='ltr'>educet,</span> <span class='ocrx_word' id='word_1_312' title='bbox 725 2234 832 2275; x_wconf 84' lang='lat' dir='ltr'>quas</span> <span class='ocrx_word' id='word_1_313' title='bbox 862 2219 994 2272; x_wconf 87' lang='lat' dir='ltr'>volet,</span> <span class='ocrx_word' id='word_1_314' title='bbox 1017 2220 1170 2261; x_wconf 88' lang='lat' dir='ltr'>tribus.</span> <span class='ocrx_word' id='word_1_315' title='bbox 1193 2235 1301 2276; x_wconf 88' lang='lat' dir='ltr'>quos</span> <span class='ocrx_word' id='word_1_316' title='bbox 1331 2235 1489 2262; x_wconf 91' lang='lat' dir='ltr'>novem</span> <span class='ocrx_word' id='word_1_317' title='bbox 1512 2220 1588 2261; x_wconf 86' lang='lat' dir='ltr'>tri-</span> 
     </span>
     <span class='ocr_line' id='line_1_38' title="bbox 133 2275 1589 2330; baseline 0.001 -12"><span class='ocrx_word' id='word_1_318' title='bbox 133 2275 216 2318; x_wconf 89' lang='lat' dir='ltr'>bus</span> <span class='ocrx_word' id='word_1_319' title='bbox 237 2276 507 2318; x_wconf 85' lang='lat' dir='ltr'>decemviros</span> <span class='ocrx_word' id='word_1_320' title='bbox 529 2276 726 2327; x_wconf 89' lang='lat' dir='ltr'>fecerint,</span> <span class='ocrx_word' id='word_1_321' title='bbox 748 2277 804 2318; x_wconf 88' lang='lat' dir='ltr'>ab</span> <span class='ocrx_word' id='word_1_322' title='bbox 833 2277 986 2319; x_wconf 89' lang='lat' dir='ltr'>eodem</span> <span class='ocrx_word' id='word_1_323' title='bbox 1010 2277 1141 2319; x_wconf 83' lang='lat' dir='ltr'>Rullo</span> <span class='ocrx_word' id='word_1_324' title='bbox 1163 2279 1332 2320; x_wconf 86' lang='lat' dir='ltr'>eductae</span> <span class='ocrx_word' id='word_1_325' title='bbox 1354 2296 1365 2330; x_wconf 90' lang='lat'>;</span> <span class='ocrx_word' id='word_1_326' title='bbox 1395 2278 1473 2320; x_wconf 87' lang='lat' dir='ltr'>hos</span> <span class='ocrx_word' id='word_1_327' title='bbox 1495 2293 1589 2320; x_wconf 88' lang='lat' dir='ltr'>om-</span> 
     </span>
     <span class='ocr_line' id='line_1_39' title="bbox 131 2334 1590 2392; baseline 0 -15"><span class='ocrx_word' id='word_1_328' title='bbox 131 2334 256 2377; x_wconf 89' lang='lat' dir='ltr'>nium</span> <span class='ocrx_word' id='word_1_329' title='bbox 278 2349 419 2376; x_wconf 86' lang='lat' dir='ltr'>rerum</span> <span class='ocrx_word' id='word_1_330' title='bbox 441 2339 510 2389; x_wconf 88' lang='lat' dir='ltr'>(ut</span> <span class='ocrx_word' id='word_1_331' title='bbox 532 2335 627 2390; x_wconf 83' lang='lat' dir='ltr'>jam</span> <span class='ocrx_word' id='word_1_332' title='bbox 650 2335 896 2385; x_wconf 81' lang='lat' dir='ltr'>ostendam)</span> <span class='ocrx_word' id='word_1_333' title='bbox 918 2335 1119 2376; x_wconf 87' lang='lat' dir='ltr'>dominos</span> <span class='ocrx_word' id='word_1_334' title='bbox 1154 2335 1427 2378; x_wconf 83' lang='lat' dir='ltr'>habebimus.</span> <span class='ocrx_word' id='word_1_335' title='bbox 1458 2346 1590 2392; x_wconf 82' lang='lat' dir='ltr'>atque</span> 
     </span>
     <span class='ocr_line' id='line_1_40' title="bbox 133 2391 1588 2450; baseline 0.001 -17"><span class='ocrx_word' id='word_1_336' title='bbox 133 2391 180 2444; x_wconf 84' lang='lat' dir='ltr'>ii,</span> <span class='ocrx_word' id='word_1_337' title='bbox 203 2400 252 2434; x_wconf 84' lang='lat' dir='ltr'>ut</span> <span class='ocrx_word' id='word_1_338' title='bbox 281 2393 395 2449; x_wconf 83' lang='lat' dir='ltr'>grati</span> <span class='ocrx_word' id='word_1_339' title='bbox 422 2408 473 2435; x_wconf 87' lang='lat' dir='ltr'>ac</span> <span class='ocrx_word' id='word_1_340' title='bbox 504 2407 715 2434; x_wconf 87' lang='lat' dir='ltr'>memores</span> <span class='ocrx_word' id='word_1_341' title='bbox 748 2392 949 2434; x_wconf 85' lang='lat' dir='ltr'>beneficii</span> <span class='ocrx_word' id='word_1_342' title='bbox 970 2407 1063 2434; x_wconf 86' lang='lat' dir='ltr'>esse</span> <span class='ocrx_word' id='word_1_343' title='bbox 1086 2393 1326 2445; x_wconf 82' lang='lat' dir='ltr'>videantur,</span> <span class='ocrx_word' id='word_1_344' title='bbox 1349 2394 1512 2450; x_wconf 86' lang='lat' dir='ltr'>aliquid</span> <span class='ocrx_word' id='word_1_345' title='bbox 1543 2408 1588 2436; x_wconf 90' lang='lat' dir='ltr'>se</span> 
     </span>
     <span class='ocr_line' id='line_1_41' title="bbox 131 2450 1587 2496; baseline 0.001 -4"><span class='ocrx_word' id='word_1_346' title='bbox 131 2464 288 2495; x_wconf 80' lang='lat' dir='ltr'>novem</span> <span class='ocrx_word' id='word_1_347' title='bbox 312 2451 508 2493; x_wconf 90' lang='lat' dir='ltr'>tribuum</span> <span class='ocrx_word' id='word_1_348' title='bbox 538 2450 654 2493; x_wconf 88' lang='lat' dir='ltr'>notis</span> <span class='ocrx_word' id='word_1_349' title='bbox 684 2450 935 2493; x_wconf 89' lang='lat' dir='ltr'>hominibus</span> <span class='ocrx_word' id='word_1_350' title='bbox 959 2451 1117 2493; x_wconf 87' lang='lat' dir='ltr'>debere</span> <span class='ocrx_word' id='word_1_351' title='bbox 1137 2452 1490 2496; x_wconf 87' lang='lat' dir='ltr'>confitebuntur:</span> <span class='ocrx_word' id='word_1_352' title='bbox 1521 2466 1587 2494; x_wconf 87' lang='lat' dir='ltr'>re-</span> 
     </span>
    </p>
   </div>
   <div class='ocr_carea' id='block_1_3' title="bbox 129 2564 1588 2907">
    <p class='ocr_par' dir='ltr' id='par_1_4' title="bbox 132 2564 1588 2694">
     <span class='ocr_line' id='line_1_42' title="bbox 177 2564 1588 2610; baseline 0.003 -15"><span class='ocrx_word' id='word_1_353' title='bbox 177 2568 215 2600; x_wconf 86' lang='grc'>17</span> <span class='ocrx_word' id='word_1_354' title='bbox 225 2564 388 2606; x_wconf 78' lang='lat' dir='ltr'>fortuito]</span> <span class='ocrx_word' id='word_1_355' title='bbox 414 2564 498 2597; x_wconf 88' lang='lat' dir='ltr'>Edd.</span> <span class='ocrx_word' id='word_1_356' title='bbox 515 2575 562 2606; x_wconf 82' lang='lat' dir='ltr'>pr.</span> <span class='ocrx_word' id='word_1_357' title='bbox 566 2564 731 2605; x_wconf 74' lang='lat' dir='ltr'>jbrtuitu.</span> <span class='ocrx_word' id='word_1_358' title='bbox 751 2565 838 2606; x_wconf 83' lang='lat' dir='ltr'>sapit</span> <span class='ocrx_word' id='word_1_359' title='bbox 928 2569 965 2600; x_wconf 87' lang='lat'>19</span> <span class='ocrx_word' id='word_1_360' title='bbox 1000 2571 1039 2598; x_wconf 76' lang='lat' dir='ltr'>ut</span> <span class='ocrx_word' id='word_1_361' title='bbox 1066 2567 1204 2598; x_wconf 74' lang='lat' dir='ltr'>comitiis</span> <span class='ocrx_word' id='word_1_362' title='bbox 1232 2566 1276 2598; x_wconf 92' lang='lat' dir='ltr'>P.</span> <span class='ocrx_word' id='word_1_363' title='bbox 1298 2567 1364 2608; x_wconf 88' lang='lat' dir='ltr'>M.]</span> <span class='ocrx_word' id='word_1_364' title='bbox 1403 2567 1492 2610; x_wconf 83' lang='lat' dir='ltr'>Ergo</span> <span class='ocrx_word' id='word_1_365' title='bbox 1519 2578 1588 2600; x_wconf 82' lang='lat' dir='ltr'>non</span> 
     </span>
     <span class='ocr_line' id='line_1_43' title="bbox 132 2608 1587 2651; baseline 0.003 -13"><span class='ocrx_word' id='word_1_366' title='bbox 132 2608 216 2639; x_wconf 79' lang='lat' dir='ltr'>mihi</span> <span class='ocrx_word' id='word_1_367' title='bbox 240 2609 402 2648; x_wconf 84' lang='lat' dir='ltr'>glossam:</span> <span class='ocrx_word' id='word_1_368' title='bbox 427 2617 506 2640; x_wconf 85' lang='lat' dir='ltr'>nam</span> <span class='ocrx_word' id='word_1_369' title='bbox 527 2614 578 2639; x_wconf 83' lang='lat' dir='ltr'>est</span> <span class='ocrx_word' id='word_1_370' title='bbox 591 2610 663 2649; x_wconf 86' lang='lat' dir='ltr'>jam</span> <span class='ocrx_word' id='word_1_371' title='bbox 686 2609 721 2639; x_wconf 89' lang='lat' dir='ltr'>in</span> <span class='ocrx_word' id='word_1_372' title='bbox 742 2610 840 2640; x_wconf 77' lang='lat' dir='ltr'>sortis</span> <span class='ocrx_word' id='word_1_373' title='bbox 881 2614 971 2640; x_wconf 83' lang='lat' dir='ltr'>reete</span> <span class='ocrx_word' id='word_1_374' title='bbox 985 2610 1094 2649; x_wconf 80' lang='lat' dir='ltr'>legem</span> <span class='ocrx_word' id='word_1_375' title='bbox 1118 2609 1304 2641; x_wconf 85' lang='lat' dir='ltr'>Domitiam</span> <span class='ocrx_word' id='word_1_376' title='bbox 1321 2616 1446 2651; x_wconf 69' lang='lat' dir='ltr'>negant</span> <span class='ocrx_word' id='word_1_377' title='bbox 1465 2611 1508 2642; x_wconf 87' lang='lat' dir='ltr'>ad</span> <span class='ocrx_word' id='word_1_378' title='bbox 1523 2612 1587 2643; x_wconf 89' lang='lat' dir='ltr'>Co-</span> 
     </span>
     <span class='ocr_line' id='line_1_44' title="bbox 133 2649 1585 2694; baseline 0.003 -13"><span class='ocrx_word' id='word_1_379' title='bbox 133 2649 303 2692; x_wconf 65' lang='lat' dir='ltr'>benqficio:</span> <span class='ocrx_word' id='word_1_380' title='bbox 325 2655 360 2682; x_wconf 90' lang='lat' dir='ltr'>et</span> <span class='ocrx_word' id='word_1_381' title='bbox 373 2651 498 2683; x_wconf 85' lang='lat' dir='ltr'>minuit</span> <span class='ocrx_word' id='word_1_382' title='bbox 512 2651 787 2682; x_wconf 85' lang='lat' dir='ltr'>concinnitatem.</span> <span class='ocrx_word' id='word_1_383' title='bbox 881 2652 980 2682; x_wconf 85' lang='lat' dir='ltr'>mitia</span> <span class='ocrx_word' id='word_1_384' title='bbox 1013 2652 1186 2683; x_wconf 84' lang='lat' dir='ltr'>Pontificis</span> <span class='ocrx_word' id='word_1_385' title='bbox 1224 2652 1364 2684; x_wconf 81' lang='lat' dir='ltr'>Maximi</span> <span class='ocrx_word' id='word_1_386' title='bbox 1400 2654 1585 2694; x_wconf 82' lang='lat' dir='ltr'>pertinere:</span> 
     </span>
    </p>

    <p class='ocr_par' dir='ltr' id='par_1_5' title="bbox 129 2692 1588 2907">
     <span class='ocr_line' id='line_1_45' title="bbox 178 2692 1587 2734; baseline 0.003 -10"><span class='ocrx_word' id='word_1_387' title='bbox 178 2696 215 2725; x_wconf 81' lang='lat'>18</span> <span class='ocrx_word' id='word_1_388' title='bbox 238 2693 338 2731; x_wconf 76' lang='lat' dir='ltr'>Item,</span> <span class='ocrx_word' id='word_1_389' title='bbox 354 2695 376 2724; x_wconf 71' lang='grc' dir='ltr'>ι’.</span> <span class='ocrx_word' id='word_1_390' title='bbox 391 2695 562 2734; x_wconf 82' lang='lat' dir='ltr'>eodemque</span> <span class='ocrx_word' id='word_1_391' title='bbox 584 2692 690 2733; x_wconf 78' lang='lat' dir='ltr'>modo]</span> <span class='ocrx_word' id='word_1_392' title='bbox 715 2693 840 2725; x_wconf 81' lang='lat' dir='ltr'>Laure·</span> <span class='ocrx_word' id='word_1_393' title='bbox 883 2695 947 2724; x_wconf 86' lang='lat' dir='ltr'>nisi</span> <span class='ocrx_word' id='word_1_394' title='bbox 975 2695 1075 2726; x_wconf 82' lang='lat' dir='ltr'>lectio</span> <span class='ocrx_word' id='word_1_395' title='bbox 1103 2694 1174 2725; x_wconf 84' lang='lat' dir='ltr'>haec</span> <span class='ocrx_word' id='word_1_396' title='bbox 1205 2695 1325 2727; x_wconf 82' lang='lat' dir='ltr'>vitiosa</span> <span class='ocrx_word' id='word_1_397' title='bbox 1350 2701 1414 2733; x_wconf 84' lang='lat' dir='ltr'>est,</span> <span class='ocrx_word' id='word_1_398' title='bbox 1443 2697 1587 2732; x_wconf 85' lang='lat' dir='ltr'>scriben-</span> 
     </span>
     <span class='ocr_line' id='line_1_46' title="bbox 131 2735 1410 2780; baseline 0.002 -13"><span class='ocrx_word' id='word_1_399' title='bbox 131 2735 237 2767; x_wconf 89' lang='lat' dir='ltr'>danus</span> <span class='ocrx_word' id='word_1_400' title='bbox 266 2736 332 2767; x_wconf 83' lang='lat' dir='ltr'>eod.</span> <span class='ocrx_word' id='word_1_401' title='bbox 364 2737 456 2767; x_wconf 84' lang='lat' dir='ltr'>modo</span> <span class='ocrx_word' id='word_1_402' title='bbox 490 2747 550 2778; x_wconf 85' lang='lat' dir='ltr'>pro</span> <span class='ocrx_word' id='word_1_403' title='bbox 586 2737 696 2777; x_wconf 83' lang='lat' dir='ltr'>glossa</span> <span class='ocrx_word' id='word_1_404' title='bbox 725 2736 838 2773; x_wconf 82' lang='lat' dir='ltr'>habet,</span> <span class='ocrx_word' id='word_1_405' title='bbox 882 2736 1026 2778; x_wconf 85' lang='lat' dir='ltr'>dumque</span> <span class='ocrx_word' id='word_1_406' title='bbox 1039 2738 1179 2769; x_wconf 73' lang='lat' dir='ltr'>comitiis</span> <span class='ocrx_word' id='word_1_407' title='bbox 1194 2737 1410 2780; x_wconf 54' lang='lat' dir='ltr'>Pontificum.</span> 
     </span>
     <span class='ocr_line' id='line_1_47' title="bbox 130 2778 1588 2822; baseline 0.003 -13"><span class='ocrx_word' id='word_1_408' title='bbox 130 2779 220 2818; x_wconf 87' lang='lat' dir='ltr'>quod</span> <span class='ocrx_word' id='word_1_409' title='bbox 240 2778 351 2820; x_wconf 80' lang='lat' dir='ltr'>placet</span> <span class='ocrx_word' id='word_1_410' title='bbox 365 2778 507 2811; x_wconf 83' lang='lat' dir='ltr'>Graevio.</span> <span class='ocrx_word' id='word_1_411' title='bbox 552 2780 593 2811; x_wconf 86' lang='lat' dir='ltr'>In</span> <span class='ocrx_word' id='word_1_412' title='bbox 614 2779 766 2810; x_wconf 83' lang='lat' dir='ltr'>formulis</span> <span class='ocrx_word' id='word_1_413' title='bbox 786 2783 840 2810; x_wconf 80' lang='lat' dir='ltr'>ta-</span> <span class='ocrx_word' id='word_1_414' title='bbox 925 2780 966 2811; x_wconf 79' lang='lat'>20</span> <span class='ocrx_word' id='word_1_415' title='bbox 1003 2780 1180 2822; x_wconf 79' lang='lat' dir='ltr'>potestate]</span> <span class='ocrx_word' id='word_1_416' title='bbox 1223 2781 1372 2814; x_wconf 80' lang='lat' dir='ltr'>Graevius</span> <span class='ocrx_word' id='word_1_417' title='bbox 1410 2780 1588 2814; x_wconf 77' lang='lat' dir='ltr'>delendum</span> 
     </span>
     <span class='ocr_line' id='line_1_48' title="bbox 129 2820 1108 2864; baseline 0.005 -13"><span class='ocrx_word' id='word_1_418' title='bbox 129 2820 217 2852; x_wconf 88' lang='lat' dir='ltr'>libus</span> <span class='ocrx_word' id='word_1_419' title='bbox 238 2822 364 2863; x_wconf 79' lang='lat' dir='ltr'>legum,</span> <span class='ocrx_word' id='word_1_420' title='bbox 385 2822 566 2864; x_wconf 78' lang='lat' dir='ltr'>Setorum,</span> <span class='ocrx_word' id='word_1_421' title='bbox 587 2827 624 2857; x_wconf 88' lang='lat' dir='ltr'>et</span> <span class='ocrx_word' id='word_1_422' title='bbox 645 2822 711 2856; x_wconf 76' lang='lat' dir='ltr'>alia</span> <span class='ocrx_word' id='word_1_423' title='bbox 729 2831 840 2854; x_wconf 84' lang='lat' dir='ltr'>exem·</span> <span class='ocrx_word' id='word_1_424' title='bbox 882 2826 993 2864; x_wconf 82' lang='lat' dir='ltr'>putat.</span> <span class='ocrx_word' id='word_1_425' title='bbox 1006 2827 1108 2857; x_wconf 76' lang='lat' dir='ltr'>recte.</span> 
     </span>
     <span class='ocr_line' id='line_1_49' title="bbox 129 2863 488 2907; baseline 0.003 -11"><span class='ocrx_word' id='word_1_426' title='bbox 129 2863 188 2907; x_wconf 85' lang='lat' dir='ltr'>pla</span> <span class='ocrx_word' id='word_1_427' title='bbox 199 2864 283 2898; x_wconf 85' lang='lat' dir='ltr'>talia.</span> <span class='ocrx_word' id='word_1_428' title='bbox 296 2868 488 2901; x_wconf 84' lang='lat' dir='ltr'>occurrunt.</span> 
     </span>
    </p>
   </div>
  </div>
 </body>
</html>
