1907 3231
316 157 393 191 664
864 152 1202 209 onATron.

318 255 420 297 lium
444 255 607 310 ejectus
638 271 662 297 a
693 256 865 297 consule
891 257 928 296 vi
960 265 1001 296 et
1033 254 1174 305 minis,
1205 269 1294 296 esse
1317 253 1509 297 dicetur:
1542 264 1584 296 et
1615 253 1754 306 erunt',

318 313 391 367 qui
425 313 557 364 illum,
580 313 613 354 si
648 313 727 354 hoc
750 313 912 362 feeerit,
937 327 1021 352 non
1047 312 1306 367 improbum,
1332 313 1403 353 sed
1435 313 1658 363 miserum3
1688 326 1758 352 me

319 383 405 410 non
428 370 801 427 diligentissimum
821 369 1055 418 consulem,
1072 369 1142 409 sed
1165 370 1503 410 crudelissimum
1528 379 1756 424 tyrannum

262 431 307 465 15
321 415 558 469 existimari
588 428 732 469 velint.
796 426 871 466 Est
904 425 1007 466 mihi
1040 426 1164 475 tanti,
1188 426 1398 477 Quirites,
1423 427 1549 481 hujus
1581 425 1756 467 invidiae

319 483 437 525 falsae
472 495 599 540 atque
632 484 789 538 iniquae
821 492 1118 538 tempestatem
1155 483 1312 533 subire,
1333 483 1565 524 dummodo
1588 498 1613 523 a
1636 482 1758 523 vobis

314 540 447 595 hujus
470 541 685 582 horribilis
712 539 805 580 belli
839 554 888 580 ac
923 539 1072 580 nefarii
1108 539 1339 594 peliculurn
1370 540 1619 596 depellatur.
1681 538 1760 580 Di-

317 608 439 639 catur
463 613 561 639 sane
580 598 742 651 eJectus
770 611 860 637 esse
884 610 908 636 a
932 611 1012 646 1116,
1035 597 1269 637 dummodo
1291 607 1360 636 eat
1382 612 1424 637 in
1448 597 1663 637 exsilium.
1686 595 1758 637 sed

319 654 426 695 mihi
450 655 624 703 credite,
649 668 731 693 non
757 663 821 694 est
844 653 994 694 iturus.
1059 653 1232 708 Numqu
1239 668 1306 693 1111
1331 668 1412 708 ego
1435 669 1459 694 a
1479 654 1590 694 diis
1583 667 1758 694 111111101-

321 711 476 752 talibus
499 711 675 766 optabo,
701 710 908 759 Quirites,
932 710 1107 751 invidiae
1132 725 1237 751 meae
1261 710 1452 751 levandae
1475 725 1616 761 causa,
1639 719 1685 751 ut
1711 709 1760 751 L.

322 768 553 808 Catilinam
590 768 744 808 ducere
777 768 1015 808 exercitum
1055 767 1258 817 hostium,
1282 777 1409 822 atque
1442 768 1484 808 in
1508 768 1634 807 armis
1656 767 1762 808 voli-

321 834 409 864 tare
443 825 647 865 audiatis:
689 825 761 866 sed
797 825 938 865 triduo
972 833 1113 864 tamen
1145 825 1350 866 audietis:
1383 824 1605 879 multoque
1623 824 1760 880 magis

321 881 421 921 illud
455 882 602 932 timeo,
626 896 676 922 ne
707 882 811 923 mihi
846 882 901 922 sit
932 882 1191 922 invidiosum
1229 881 1473 936 aliquando,
1495 881 1609 944 quod
1643 859 1760 921 illum

323 939 538 979 emiserim
564 939 723 994 potius,
745 954 874 994 quam
905 939 1019 993 quod
1052 938 1266 1002 ejecerim.
1299 939 1369 979 sed
1396 953 1493 979 eum
1517 938 1602 978 sint
1622 937 1763 978 homi-

324 1010 411 1045 1165,
426 1010 497 1050 qui
523 996 656 1046 illum,
675 1010 773 1037 cum
797 995 1014 1051 pr'otectus
1035 996 1103 1045 sit,
1122 997 1308 1051 ejectum
1332 1010 1422 1036 esse
1443 995 1603 1045 dicant,
1617 994 1762 1045 iidem,

265 1058 310 1091 16
325 1053 357 1092 si
383 1052 632 1093 interfectus
654 1063 778 1103 esset,
801 1052 903 1116 quid
927 1027 1146 1094 dicerent?
1179 1053 1453 1107 Quamquam
1476 1051 1562 1101 isti,
1583 1051 1657 1106 qui
1678 1051 1761 1092 Ca-

328 1109 491 1150 tilinam
527 1109 767 1151 Massiliam
801 1110 861 1150 ire
893 1109 1109 1160 dictitant,
1144 1124 1229 1150 non
1267 1119 1353 1150 tam
1395 1110 1479 1150 hoc
1511 1116 1762 1164 queruntur,

331 1167 891 1221 (1011011616111111Ν61110
921 1176 986 1207 est
1018 1167 1197 1207 istorum
1224 1175 1310 1207 tam
1331 1165 1586 1216 misericors,
1608 1180 1681 1221 qui
1715 1165 1765 1205 il-

324 1223 412 1263 ]um
431 1239 518 1264 non
539 1225 592 1265 ad
613 1223 844 1274 Manlium,
868 1238 996 1279 quam
1019 1224 1070 1265 ad
1096 1223 1418 1264 Massilienses
1409 1237 1470 1264 ire
1490 1222 1624 1263 malit.
1686 1221 1764 1263 Ille

276 1324 280 1330 ⁸
326 1290 484 1330 autem,
508 1281 540 1321 si
559 1281 800 1322 mehercule
825 1281 922 1331 hoc,
945 1281 1059 1335 quod
1083 1281 1187 1337 agit,
1203 1295 1435 1335 numquam
1458 1289 1556 1321 ante
1575 1279 1764 1335 cogitas-

326 1346 404 1388 set,
428 1347 570 1379 tamen
595 1338 921 1379 latrocinantem
950 1352 993 1379 se
1025 1338 1206 1378 interfici
1239 1338 1398 1388 mallet,
1419 1351 1549 1402 quam
1571 1336 1764 1377 exsulem

328 1395 484 1436 v.ivere
507 1410 620 1436 nunc
643 1410 758 1446 xero,
781 1409 879 1435 cum
901 1395 939 1434 ei
972 1395 1079 1436 nihil
1109 1395 1249 1436 adhuc
1281 1405 1437 1450 praeter
1458 1394 1590 1458 ipsius
1615 1392 1764 1434 volun-

327 1458 456 1493 tatem
482 1453 880 1508 cogitationemque
901 1453 1120 1502 acciderit,
1144 1452 1225 1492 nisi
1257 1452 1373 1516 quod
1395 1452 1503 1493 vivrs
1525 1451 1650 1492 nobis
1674 1450 1765 1491 Ro-

326 1523 397 1549 ma
418 1508 637 1565 profectus
658 1520 746 1551 est:
771 1518 969 1565 optemus
991 1509 1150 1565 potius,
1173 1518 1221 1549 ut
1242 1518 1312 1550 eat
1333 1509 1377 1550 in
1398 1508 1614 1558 exsilium,
1632 1521 1762 1564 quam

326 1580 568 1620 queramur.

281 1619 313 1666 8
385 1623 468 1663 Sed
490 1638 566 1663 cur
588 1623 749 1663 tamdiu
782 1623 834 1663 de
864 1638 950 1663 uno
973 1622 1097 1663 hoste
1127 1623 1372 1678 loquimur:
1403 1631 1446 1663 et
1475 1622 1529 1663 de
1550 1637 1601 1663 eo
1624 1621 1763 1671 hoste,

268 1680 398 1734 17qui
424 1679 517 1735 jam
541 1679 699 1720 fatetur
721 1695 764 1720 se
794 1694 884 1720 esse
916 1680 1109 1722 hostem:
1142 1690 1185 1720 et
1203 1695 1345 1735 quem,
1367 1679 1481 1734 quia,
1504 1679 1620 1743 quod
1651 1693 1762 1720 sem-

193 1742 402 1792 P·10‘d·per
425 1737 555 1787 volui,
578 1752 723 1777 murus
749 1737 941 1786 interest,
964 1752 1049 1777 non
1083 1737 1240 1777 timeo:
1272 1737 1325 1777 de
1358 1736 1436 1786 his,
1458 1737 1531 1790 qui
1562 1736 1762 1776 dissimu-

197 1803 202 1807 '
284 1791 312 1811 a.
325 1793 428 1844 lant,
460 1794 532 1849 qui
568 1793 719 1835 Romae
751 1803 987 1844 remanent,
1012 1794 1083 1849 qui
1118 1793 1342 1834 nobiscum
1375 1803 1488 1843 sunt,
1519 1792 1627 1833 nihil
1656 1792 1764 1834 dici-

324 1853 447 1892 mus?
468 1865 575 1906 quos
597 1851 770 1905 quidem
793 1864 890 1906 ego,
913 1853 952 1882 ‘25
968 1852 999 1892 si
1026 1851 1108 1891 ullo
1134 1851 1262 1891 modo
1285 1850 1376 1892 fieri
1399 1849 1548 1906 possit,
1564 1864 1650 1890 non
1675 1859 1764 1891 tam

323 1907 472 1948 ulcisci
507 1908 672 1957 studeo,
706 1923 832 1962 quam
868 1923 1030 1958 sanare,
1063 1918 1106 1949 et
1138 1909 1252 1971 ipsos
1288 1908 1456 1964 placare
1489 1906 1764 1962 reipublicae;

325 1979 477 2019 neque,
501 1965 541 2005 id
568 1979 697 2019 quare
729 1964 820 2005 fieri
852 1979 937 2005 non
971 1965 1120 2020 possit,
1144 1979 1175 2005 s1
1202 1979 1269 2005 me
1291 1965 1437 2006 audire
1459 1963 1618 2014 volent,
1641 1962 1766 2004 intel-

324 2022 429 2075 ligo.
498 2021 721 2077 Exponam
744 2023 858 2062 enim
883 2023 1020 2072 vobis,
1043 2022 1250 2072 Quirites,
1273 2036 1326 2062 ex
1358 2021 1562 2077 quibusD
1538 1995 1765 2061 ‹refieribus

326 2056 548 2120 hominum
583 2079 676 2119 istae
710 2079 847 2134 copiae
881 2089 1210 2134 comparentur.
1243 2078 1396 2119 deinde
1421 2078 1599 2133 singulis
1625 2078 1765 2117 261116-

327 2136 512 2176 dicinam
546 2135 711 2176 consilii
745 2149 873 2190 atque
904 2136 1109 2177 orationis
1143 2151 1263 2185 meae,
1288 2137 1320 2176 51
1353 2150 1480 2189 quam
1489 2112 1677 2198 epotero,
1700 2133 1765 2174 af-

267 2193 474 2236 lst'eiam.
534 2195 572 2226 27
594 2193 738 2233 Unum
773 2208 906 2248 genus
939 2203 1003 2233 est
1035 2208 1197 2243 eorum,
1220 2194 1308 2248 qui,
1332 2206 1489 2247 magno
1514 2206 1553 2231 111
1579 2205 1661 2232 aere
1690 2191 1766 2232 ali-

324 2264 419 2299 eno,
456 2250 636 2303 majores
676 2250 804 2290 etiarn
839 2250 1127 2305 possessiones
1176 2250 1360 2290 habent:
1402 2263 1581 2304 quarum
1618 2262 1764 2288 amore

323 2307 513 2357 adducti,
536 2310 574 2338 98
590 2307 765 2348 dissolvi
788 2307 903 2348 nullo
937 2307 1065 2348 modo
1089 2316 1283 2363 possunt.
1346 2306 1516 2349 Horum
1539 2305 1765 2346 hominum

364 2416 403 2444 25
427 2416 453 2444 si
468 2416 535 2444 ‘ullo
553 2415 642 2443 modo
654 2415 860 2456 fieripossit]
887 2416 939 2445 Sic
953 2426 1022 2445 cor-

324 2466 468 2486 rexeram
492 2457 613 2486 dudum
637 2457 803 2487 latinitate
826 2457 942 2488 ductus
965 2468 1023 2498 pro

323 2497 457 2537 vulgato
478 2503 592 2538 nosset,
617 2509 690 2529 cum
714 2500 761 2528 sic
786 2499 889 2539 reperi
904 2509 938 2529 111
952 2500 1023 2531 edd

327 2540 488 2571 vul-1920.

368 2584 408 2612 ‘26
431 2584 625 2613 medicinam
649 2584 774 2613 consilii
795 2588 892 2622 atque
906 2584 1025 2613 oratzo-

325 2625 390 2663 m'sj
410 2625 430 2654 i.
447 2636 475 2655 e.
491 2625 617 2654 consilii
633 2626 780 2655 oratione
795 2625 976 2665 explicandi
992 2630 1026 2654 et

326 2665 367 2695 ad
404 2667 552 2696 animum
580 2667 784 2697 admovendi.
838 2667 1024 2705 Eleganter.

324 2707 403 2738 Non
431 2708 512 2737 bene
538 2709 684 2738 Graevius
714 2710 847 2745 conjicit
877 2709 1024 2745 rationis,

323 2751 375 2779 cui
398 2755 432 2780 et
454 2759 584 2780 sensum
599 2761 715 2791 parum
739 2752 949 2782 commodum
963 2752 1022 2780 tri-

322 2791 406 2821 buit.

363 2836 402 2867 ‘27
432 2832 542 2863 Unum
562 2844 669 2871 genus
694 2834 754 2873 est]
780 2835 832 2864 Sic
855 2834 926 2864 edd.
941 2837 1022 2864 vett.

320 2875 459 2906 Temere
471 2876 592 2906 excidit
603 2887 709 2916 genus
726 2877 759 2907 iu
775 2877 1022 2917 posterioribus,

1066 2420 1103 2445 ut
1118 2415 1326 2446 Gruteriana.

1109 2460 1148 2489 528
1176 2458 1304 2487 dissolri
1328 2458 1417 2487 mallo
1434 2456 1524 2486 modo
1542 2455 1692 2495 possunt]
1711 2456 1767 2486 In-

1066 2504 1294 2539 terpretantur
1316 2500 1398 2529 bene
1424 2499 1575 2528 Muretus
1596 2503 1632 2527 et
1646 2498 1767 2528 Manu-

1067 2542 1146 2577 tius,
1163 2541 1306 2577 liberari,
1322 2552 1365 2571 se.
1382 2550 1445 2570 aere
1468 2539 1585 2570 alieno.
1630 2539 1693 2570 Sed
1715 2540 1766 2570 111-

1069 2583 1176 2613 5016115
1191 2593 1293 2623 genus
1315 2582 1465 2622 loquendi
1493 2591 1560 2612 non
1585 2580 1766 2612 illustrant.

1070 2625 1155 2655 Nam
1171 2635 1213 2655 as
1226 2626 1354 2664 quidem
1369 2625 1474 2664 ipsum
1490 2624 1611 2654 dicitur
1621 2624 1765 2660 dissolvi,

1070 2677 1137 2697 non
1151 2667 1263 2704 homo,
1279 2668 1334 2706 qui
1349 2672 1398 2697 est
1412 2667 1445 2696 in
1463 2676 1525 2696 aere
1538 2666 1656 2696 alieno.
1700 2666 1767 2696 De—

1069 2709 1190 2739 bitores
1213 2709 1368 2739 dicuntur
1395 2709 1577 2745 dissolvere,
1601 2718 1676 2737 cum
1698 2717 1768 2737 cre-

1065 2750 1224 2781 ditoribus
1250 2751 1383 2781 solvunt
1410 2751 1592 2791 pecuniam.
1616 2760 1646 2780 V.
1673 2749 1766 2780 Clav-

1067 2793 1111 2823 Et
1130 2793 1311 2833 suspicatus
1335 2802 1405 2822 sum
1426 2802 1524 2833 saepe,
1537 2792 1583 2821 sie
1602 2791 1768 2830 corrigen-

1066 2835 1144 2864 dum
1157 2845 1235 2865 esse.
1267 2835 1311 2866 At
1326 2844 1402 2865 eum
1417 2835 1545 2865 dissat-i
1560 2834 1681 2865 dicitur
1693 2834 1766 2872 quis

1066 2876 1272 2918 simpliciter,
1296 2876 1329 2907 id
1354 2886 1422 2908 esse
1448 2877 1544 2907 debet
1573 2875 1704 2907 liberari
1725 2874 1766 2906 ab
