1907 3231
292 96 345 132 So
889 88 1114 133 ORATIO

295 197 410 239 reris:
443 197 683 254 disciplina,
710 214 805 254 quae
837 209 926 241 erat
955 200 1010 241 ab
1042 199 1124 241 boc
1155 197 1324 250 tradita,
1351 197 1524 241 locabat
1553 210 1597 238 se
1625 206 1714 237 non

231 254 435 295 wininus
469 254 568 297 H-S
604 269 824 298 ccciooo.
885 258 926 297 O
967 256 1215 297 societatem
1256 257 1492 311 captiosam
1530 264 1574 296 et
1605 251 1716 297 indi-2

295 313 444 367 gnam!
479 312 549 353 ubi
584 313 689 354 alter
717 313 814 355 11-S
839 327 965 363 mor),
984 313 1087 354 alter
1119 325 1322 354 cccmoo
1350 313 1468 368 ,quod
1491 312 1560 362 sit,
1582 310 1626 352 in
1649 322 1718 350 so·-

294 368 491 410 eictatem
539 369 685 411 affert:
740 371 820 411 nisi
861 370 1019 412 idcireo
1058 369 1233 412 moleste
1266 370 1436 425 pateris,
1467 367 1582 424 quod
1617 365 1716 408 H-S

298 438 405 466 1003
425 437 466 468 tu
482 440 534 467 ex
558 442 655 468 arca
679 426 935 482 proferebam,
954 425 1049 468 1-l-S
1069 439 1270 470 coemat>
1287 426 1582 482 ex‘disciplina
1599 433 1718 465 etar—
1747 424 1750 427 ’

296 483 430 524 tifieio
457 483 636 524 Roscius
658 485 893 539 promebat.
926 485 964 514 23
985 484 1127 530 Quam
1149 484 1263 524 enim
1285 497 1373 525 rem
1394 492 1437 524 et
1457 480 1718 538 exspectati·

294 554 436 590 onem,
466 540 579 595 quod
615 541 817 590 studium,
850 550 894 581 et
924 554 1051 596 quem
1076 540 1264 581 favorem
1297 555 1440 581 secum
1474 540 1516 583 in
1547 550 1719 583 scenam

295 596 440 637 attulit
473 596 719 652 Panurgus?
780 597 908 644 Quod
945 596 1091 638 Roscii
1131 596 1213 638 fuit
1241 597 1488 652 discipulus.
1518 595 1592 651 qui
1622 593 1720 637 dili-

296 654 457 708 gebant
486 653 616 704 hunc,
639 654 698 694 illi
730 654 955 696 favebant:
987 654 1059 709 qui
1090 653 1409 695 admirabantur
1440 654 1567 703 hunc,
1599 651 1720 693 illum

183 726 283 764 pso.
300 711 559 765 probabant:
590 711 663 766 qni
687 711 869 767 denique
898 711 1023 765 liuius
1051 725 1205 752 nomen
1231 710 1465 761 audierant,
1485 710 1604 752 illum
1624 721 1720 753 eru-r

255 767 433 807 ³·(litu1n
461 779 504 808 et
531 768 765 823 perfectum
798 769 1118 809 existimabant.
1179 768 1250 809 Sic
1274 777 1339 809 est
1362 767 1535 823 vulgus:
1560 781 1621 808 ex
1649 778 1721 806 ve-

234 830 286 863 30
300 824 423 865 ritate
449 839 598 880 pauca,
619 840 672 866 ex
699 826 901 882 opinione
928 825 1062 866 multa
1085 825 1284 866 aestimat.
1345 824 1462 872 Quid
1488 824 1616 866 sciret
1636 821 1724 872 ille,

298 882 498 936 perpauci
538 882 949 924 animadvertebant.
991 883 1063 923 ubi
1105 882 1339 933 didicisset,
1377 896 1526 927 omnes
1557 892 1722 936 qvuaere-

301 939 415 978 bant.
445 938 549 979 nihil
573 940 626 979 ab
650 939 731 980 lioc
763 954 940 995 pravum
962 948 1005 980 et
1028 953 1271 995 perversum
1302 938 1480 995 produci
1504 952 1626 994 posse
1655 951 1722 978 ar-

297 995 579 1036 bitrabantur.
640 997 683 1037 si
719 997 880 1037 veniret
906 997 960 1037 ab
992 996 1188 1048 Statili03
1221 997 1389 1037 tametsi
1419 995 1604 1037 artificio
1631 992 1723 1035 Ro-

294 1053 430 1093 scium
463 1063 693 1107 superaret,
716 1053 933 1108 adspicere
959 1067 1085 1094 nemo
1118 1063 1275 1108 posset.
1306 1067 1432 1094 nemo
1458 1053 1589 1103 enim,
1611 1051 1724 1095 sicut·

296 1125 349 1149 ex
383 1109 579 1164 improbo
612 1120 729 1165 patre
755 1111 934 1166 probum
967 1109 1102 1150 filium
1132 1111 1263 1160 nasci,
1285 1112 1346 1152 sic
1367 1125 1421 1152 ex
1444 1110 1629 1166 pessimo
1655 1107 1724 1149 hi-

299 1166 458 1206 strione
482 1167 642 1207 bonum
665 1167 911 1208 comoedum
938 1167 1026 1208 fieri
1047 1182 1170 1222 posse
1192 1167 1474 1210 existimaret.
1514 1166 1632 1213 Quia
1653 1178 1724 1206 ve-

300 1223 445 1264 niebat
466 1239 491 1264 a
524 1223 698 1274 Roscio,
723 1224 815 1280 plus
839 1225 969 1265 etiam
993 1225 1114 1275 scire,
1136 1239 1264 1280 quam
1287 1225 1464 1274 sciebat,
1485 1223 1724 1265 videbatur.

220 1273 279 1318 11
302 1280 430 1326 Quod
453 1281 555 1321 item
584 1295 717 1338 nuper
741 1282 780 1322 in
807 1281 937 1322 Erote
963 1281 1165 1323 comoedo
1190 1296 1265 1322 usu
1290 1281 1430 1323 venit:
1462 1281 1536 1336 qui
1555 1288 1724 1337 postea-

299 1352 426 1391 quam
449 1352 472 1378 e
495 1352 620 1378 scena
651 1354 735 1379 non
759 1339 886 1379 modo
912 1338 1060 1389 sibilis,
1084 1339 1155 1380 sed
1187 1339 1316 1379 etiam
1347 1339 1545 1381 convicio
1573 1336 1726 1394 explo-

298 1395 504 1446 debatur;
537 1395 645 1436 sicut
670 1396 709 1436 in
735 1411 864 1446 aram,
887 1395 1085 1451 confugit
1107 1396 1150 1436 in
1173 1395 1300 1450 hujus
1322 1396 1513 1448 domum,
1535 1393 1727 1450 discipli-

299 1466 413 1501 nam,
445 1453 745 1507 patrocinium,
776 1468 947 1494 nomen.
1009 1452 1160 1508 ltaque
1191 1453 1384 1508 perbrevi
1416 1462 1622 1509 tempore,
1651 1449 1726 1506 qui

302 1523 352 1549 ne
377 1509 418 1549 in
442 1509 684 1550 novissimis
703 1510 875 1565 quidem
897 1518 988 1550 erat
1007 1510 1301 1561 histrionibus,
1319 1510 1373 1551 ad
1395 1510 1555 1566 primos
1577 1522 1727 1565 perve-

237 1570 282 1603 31
304 1566 365 1606 nit
395 1567 633 1607 comet-clos.
696 1568 805 1614 Quae
838 1581 902 1607 res
933 1567 1089 1608 extulit
1118 1569 1243 1608 euin?
1284 1567 1381 1609 Una
1410 1565 1728 1610 commendatio

300 1622 453 1678 hujus:
490 1623 562 1678 qui
596 1633 736 1664 tamen
772 1624 1019 1680 Panurgum
1051 1624 1184 1675 illum,
1215 1639 1301 1665 non
1332 1624 1470 1666 solum
1500 1633 1548 1666 ut
1579 1621 1727 1665 Roscii

298 1679 533 1736 discipulus
554 1680 682 1722 fuisse
701 1682 926 1732 diceretur,
940 1681 1115 1722 domum
1130 1682 1306 1737 recepit,
1321 1682 1392 1722 sed
1411 1681 1540 1723 etiam
1559 1694 1726 1722 summo

298 1751 397 1778 cum
420 1738 577 1788 labore,
602 1738 839 1789 stomacho,
862 1739 1115 1793 miseriaque
1135 1739 1307 1779 erudiit.
1356 1738 1485 1790 Nam,
1507 1752 1594 1793 quo
1611 1737 1729 1793 quis-

298 1808 382 1849 que
404 1804 469 1834 est
490 1794 700 1835 sollertior
722 1805 765 1836 et
788 1795 1065 1851 ingeniosior,
1087 1795 1170 1837 hoc
1192 1796 1319 1836 docet
1340 1795 1584 1837 iracundius
1605 1805 1649 1836 et
1669 1794 1731 1836 la-

298 1850 525 1892 boriosius.
557 1853 670 1907 quod
702 1853 816 1893 enim
848 1854 938 1908 ipse
967 1852 1160 1894 celeriter
1190 1852 1383 1908 arripuit,
1411 1853 1453 1894 id
1484 1867 1583 1894 cum
1610 1851 1728 1894 tarde

299 1909 461 1964 percipi
485 1909 613 1960 videt,
633 1910 929 1950 discruciatur.
993 1909 1142 1951 Paullo
1164 1909 1333 1966 longius
1355 1910 1493 1952 oratio
1513 1924 1610 1951 mea
1630 1923 1733 1965 pro-e

301 1976 423 2006 vecta
445 1975 507 2006 est
531 1966 611 2007 hac
638 1967 690 2007 de
711 1981 852 2017 causa,
876 1976 922 2007 ut
946 1967 1239 2007 conditionem
1264 1967 1482 2008 societatis
1503 1967 1731 2023 diligenter

236 2029 286 2063 :32
300 2023 633 2078 cognosceretis.
683 2024 794 2070 Quae
826 2024 1032 2064 2⁴deindc
1056 2033 1155 2064 sunt
1175 2027 1432 2066 consecuta?
1466 2023 1732 2080 Panurgum,

298 2079 455 2134 inquit,
479 2080 608 2131 hunc,
631 2095 798 2121 servum
821 2095 1110 2131 communem,
1135 2082 1190 2127 Q.
1216 2081 1386 2122 Flavius
1411 2080 1732 2137 Tarquiniensis

297 2136 472 2190 quidam
505 2137 735 2179 interfecit.
769 2138 812 2178 in
835 2138 945 2179 hanc
968 2153 1071 2188 rem,
1095 2138 1249 2193 inquit,
1273 2152 1340 2179 me
1366 2139 1637 2194 cognitorem
1657 2138 1735 2179 de-

295 2193 412 2235 disti.
444 2193 519 2235 lite
541 2203 796 2246 contestata,
827 2194 1044 2249 ‘25judicio
1070 2195 1217 2236 damni
1243 2195 1401 2251 injuria
1424 2196 1663 2237 constituto
1685 2204 1734 2236 tu

295 2249 386 2291 sine
408 2265 476 2292 me
497 2266 595 2292 cum
611 2252 759 2293 Flavio
780 2251 992 2292 decidisti.
1026 2252 1181 2293 Utrum
1205 2267 1281 2308 pro
1304 2252 1482 2293 dimidia
1504 2262 1624 2309 parte
1645 2269 1654 2294 ε
1678 2266 1732 2293 an

293 2319 371 2362 pro
387 2317 478 2348 tota
491 2309 725 2350 societate?
749 2308 915 2364 planius
929 2309 1084 2360 dicam,
1099 2319 1241 2350 utrum
1257 2324 1333 2365 pro
1356 2324 1438 2360 me,
1449 2324 1501 2350 an
1513 2323 1590 2366 pro
1611 2323 1678 2350 me
1689 2318 1734 2350 et

249 2365 280 2396 b.
292 2377 369 2419 pro
391 2368 458 2406 te?
491 2365 577 2406 Pro
598 2380 666 2406 me
689 2366 832 2422 potui:
865 2366 1064 2422 exemplo
1087 2365 1317 2407 multorum
1341 2366 1506 2408 licitum
1528 2375 1616 2408 est:
1633 2365 1734 2421 jure

330 2489 372 2519 93
384 2488 498 2530 ‚Quam
510 2491 594 2520 enim
609 2499 676 2520 rem
692 2494 722 2521 et
734 2491 834 2531 exsp]
851 2491 998 2522 Graevius
1083 2493 1123 2523 ⁶25
1136 2490 1264 2532 judicio
1277 2492 1391 2522 damni
1405 2490 1542 2532 injuria]
1566 2491 1669 2523 Recte
1683 2492 1738 2523 inar

288 2531 409 2571 probat
423 2533 646 2570 conjecturam
661 2533 721 2562 viri
739 2533 841 2570 docti,
858 2534 912 2572 qui
925 2544 996 2564 cor·
1038 2537 1198 2574 terpretes
1214 2534 1354 2574 intelligi
1370 2538 1519 2570 monent,
1534 2534 1614 2564 dati.
1639 2533 1736 2576 Inju-

291 2571 419 2612 rigebat
435 2584 521 2613 spem
533 2586 541 2602 .·
565 2574 652 2613 quod
668 2575 801 2606 verbum
817 2585 895 2606 sane
910 2585 995 2615 saepe
1039 2577 1091 2606 ria
1104 2576 1232 2606 videtur
1243 2586 1310 2607 esse
1325 2576 1444 2615 glossa,
1457 2576 1535 2616 quia
1545 2577 1629 2607 actio
1640 2575 1737 2608 dani‘

290 2623 368 2645 cum
389 2616 634 2655 exspectatione
663 2617 889 2657 conjungitur.
933 2618 994 2648 Est
1037 2618 1073 2647 ui
1093 2618 1288 2659 simpliciter
1308 2617 1441 2656 dieitur,
1465 2617 1608 2658 adeoque
1632 2619 1736 2650 etiam

288 2655 384 2688 valde
397 2658 572 2697 probabilis
585 2659 785 2697 conjectura.
1028 2660 1196 2699 judicium
1223 2661 1356 2691 damni.-
1393 2669 1470 2690 nam
1494 2660 1651 2692 damnum
1678 2670 1739 2702 pet

332 2699 374 2729 94
396 2699 510 2729 deinde
523 2705 603 2730 cunt
620 2701 804 2740 consecuta]
832 2701 918 2732 Sunt
936 2700 991 2732 ad·
1037 2703 1191 2741 injuriam
1208 2702 1321 2733 datum
1340 2701 1481 2742 intellig-i
1497 2711 1555 2742 per
1572 2711 1606 2733 se
1625 2703 1746 2743 patetzg
1762 2743 1770 2747 -

289 2737 432 2771 didimus
455 2752 494 2771 ex
521 2742 592 2772 edd.
618 2752 668 2781 pr.
697 2743 859 2774 omnibus.
905 2744 995 2774 Casu
1036 2743 1091 2774 sed
1104 2750 1138 2774 et
1152 2745 1237 2777 infra
1251 2756 1278 2776 c.
1298 2746 1344 2776 18.
1361 2745 1405 2775 sic
1419 2749 1492 2782 θεῖς
1514 2749 1548 2775 et
1562 2743 1597 2775 'm
1609 2745 1738 2786 legibufi

288 2781 419 2813 excidit.
464 2783 626 2814 Restituit
633 2785 704 2823 jam
721 2785 868 2817 Graevius
883 2796 920 2817 es·
935 2786 986 2817 ed.
1037 2794 1133 2827 saepe.

286 2819 411 2856 Victor.
428 2830 460 2856 et
476 2825 538 2857 ΜΒ.
554 2825 578 2858 1⁴*
581 2836 667 2858 rane.
