1907 3231
307 158 383 194 214
849 158 916 195 IN
941 156 1213 196 VERREM

309 273 396 299 sua*
423 257 622 301 facillime
644 275 741 302 cum
765 260 942 317 adeptus
965 270 1089 313 esset,
1111 261 1370 318 amplissime
1393 275 1442 303 ac
1463 259 1744 317 magnificen-

313 315 475 358 tissime
497 318 653 373 gessit?
683 318 755 374 qui
776 319 982 373 oppidum
1002 333 1088 360 non
1108 319 1359 370 maximum,
1378 317 1578 359 maximis
1595 332 1649 359 ex
1670 332 1744 374 pe-

310 373 439 414 cunia
457 389 531 414 sua
551 375 654 415 locis
668 375 984 425 communibus,
1004 376 1377 430 monumentisque
1393 375 1638 416 decoravit?
1669 389 1745 416 eu-

303 429 378 484 jus
399 430 452 471 de
475 432 636 472 meritis
660 433 701 473 in
732 432 1040 488 rempublicam
1071 431 1461 482 Thermitanorum,
1492 431 1744 486 Siculosque

311 487 546 538 univorsos,
579 488 661 528 fuit
683 503 802 529 aenea
825 489 969 530 tabula
1002 489 1090 530 fixa
1119 488 1315 530 Thermis
1345 490 1387 530 in
1418 489 1563 530 curia?
1595 488 1638 529 in
1660 503 1746 544 qua

312 543 484 599 publice
507 554 597 585 erat.
618 545 670 586 de
691 545 819 599 hujus
854 545 1072 587 beneficiis
1105 546 1311 602 scriptum
1341 555 1384 586 et
1406 546 1616 587 incisum?
1646 559 1744 600 quae

314 601 459 641 tabula
484 613 571 641 tum
597 602 775 657 imperio
800 611 873 643 tuo
897 602 1074 653 revulsa,
1107 617 1220 644 nune
1243 618 1268 643 a
1290 617 1356 644 me
1375 611 1516 644 tamen
1535 605 1576 633 34
1591 602 1744 658 depor-

316 666 405 697 tata
427 667 511 699 est:
545 667 592 698 ut
610 673 757 699 omnes
778 658 907 714 hujus
938 659 1120 700 honores
1149 659 1259 700 inter
1284 674 1397 710 suos,
1426 669 1470 700 et
1497 659 1747 715 amplitudi-

232 717 412 754 113110111
438 723 612 770 possent
633 730 908 771 cognoscere.
943 715 1073 758 Estne
1095 716 1180 767 hic,
1202 716 1274 771 qui
1297 717 1409 771 apud
1434 717 1516 758 Cn.
1541 715 1744 772 Pompei-

316 786 402 819 um,
426 772 705 812 clarissimum
731 773 883 824 virum,
906 788 1003 814 cum
1027 783 1250 815 accusatus
1273 784 1398 824 esset,
1431 773 1546 830 quod
1570 781 1746 830 propter

317 828 368 867 C.
394 828 438 867 M
449 829 523 869 arii
549 829 883 871 familiaritatem
911 840 955 870 et
987 830 1235 887 hospitium,
1265 840 1416 872 contra
1437 830 1746 886 rempublicam

314 885 493 926 sensisse
515 901 612 926 cum
638 887 798 928 inimici
822 900 866 928 et
887 897 1155 929 accusatores
1177 888 1268 943 ejus
1298 888 1503 938 dicerent,
1533 901 1632 929 cum
1653 901 1743 928 ma-

314 942 379 996 gis
415 942 627 984 invidioso
658 945 851 995 crimine,
881 960 1010 999 quam
1046 959 1143 986 vero
1177 945 1481 996 arcesseretur3
1514 944 1577 985 ita
1603 959 1629 985 a
1663 943 1746 985 Cn.

317 1000 525 1056 Pompeio
559 1001 778 1041 absolutus
815 1011 894 1052 est,
925 1011 974 1042 ut
1014 1002 1056 1042 in
1095 1017 1145 1042 eo
1183 1002 1275 1058 ipso
1305 1001 1475 1056 judicio
1508 1000 1745 1058 Pompeius

314 1055 428 1096 hunc
451 1061 490 1088 ³5
505 1057 694 1113 hospitio
714 1073 790 1100 suo
808 1058 1108 1114 dignissimum
1129 1061 1360 1101 statueret?
1383 1059 1444 1099 ita
1460 1072 1587 1114 porro
1604 1058 1749 1100 lauda-

270 1117 300 1146 b·
317 1121 381 1152 tus
404 1112 688 1169 defensusque
707 1116 760 1156 ab
784 1116 983 1156 omnibus
1007 1116 1176 1166 Siculis,
1200 1125 1248 1157 ut
1271 1116 1382 1157 idem
1407 1115 1640 1171 Pompeius
1660 1129 1749 1157 non

313 1170 368 1209 ab
393 1169 566 1211 homine
589 1172 740 1223 solum,
763 1173 835 1214 sed
857 1173 986 1213 etiam
1009 1189 1034 1213 a
1056 1173 1277 1229 provincia
1300 1181 1391 1213 tota
1412 1186 1455 1213 se
1476 1172 1604 1227 hujus
1623 1173 1750 1214 abso-

313 1226 476 1268 lutione
501 1228 606 1269 inire
626 1230 807 1285 gratiam
831 1231 1136 1272 arbitraretur?
1169 1241 1386 1286 postremo
1416 1237 1535 1270 estne
1559 1229 1643 1280 hic,
1674 1229 1749 1285 qui

313 1295 357 1324 et
394 1285 586 1325 animum
622 1287 664 1327 in
704 1287 1014 1343 rempublicam
1050 1288 1204 1329 habuit
1241 1286 1469 1342 ejusmodi,
1500 1295 1543 1327 et
1582 1295 1750 1327 tantum

314 1342 571 1383 auctoritate
602 1344 716 1399 apud
738 1359 835 1385 suos
866 1345 981 1386 cives
1015 1345 1173 1401 potuit,
1204 1355 1252 1385 ut
1282 1343 1506 1400 perficeret
1530 1343 1572 1385 in
1605 1343 1753 1385 Sicilia

315 1397 443 1450 solus,
476 1408 518 1440 te
551 1412 750 1456 praetore,
781 1402 895 1457 quod
929 1416 1015 1442 non
1049 1402 1178 1443 modo
1217 1401 1385 1442 Siculus
1416 1415 1558 1452 nemo,
1588 1400 1661 1441 sed
1696 1414 1752 1442 ne

315 1455 464 1496 Sicilia
485 1458 657 1512 quidem
690 1467 781 1499 tota
815 1458 1047 1515 potuisset3
1078 1468 1125 1500 ut
1154 1473 1208 1499 ex
1232 1459 1408 1514 oppido,
1439 1457 1635 1499 Thermis
1658 1457 1752 1498 nul·

315 1510 403 1553 lum
427 1513 613 1569 signum,
644 1514 806 1556 nullum
831 1526 1146 1567 ornamentum,
1178 1515 1284 1556 nihil
1314 1530 1368 1556 ex
1402 1529 1536 1566 sacro,
1567 1514 1676 1556 nihil
1697 1514 1752 1556 de

319 1569 494 1624 publico
517 1571 775 1628 attingeres3
807 1588 902 1614 eum
929 1573 1163 1628 praesertim
1196 1583 1336 1613 essent
1370 1572 1505 1613 multa
1532 1571 1752 1628 praeclara‚

235 1640 307 1674 114
319 1635 362 1667 ct
386 1636 429 1667 tu
453 1628 598 1669 omnia
618 1631 920 1685 concupisses?
955 1629 1153 1686 Denique
1177 1644 1289 1671 nune
1311 1629 1422 1680 vide,
1444 1629 1545 1685 quid
1567 1629 1677 1669 inter
1696 1637 1752 1680 te,

318 1684 442 1738 cujus
463 1685 637 1726 nomine
659 1688 771 1742 apud
796 1687 961 1728 Siculos
983 1688 1072 1728 dies
1102 1687 1197 1728 festi
1221 1686 1454 1742 agitantur,
1483 1695 1527 1726 et
1549 1685 1755 1741 praeclara

318 1740 390 1781 illa
412 1741 570 1783 Verrea
592 1742 875 1795 celebrantur,
905 1744 975 1785 eui
998 1754 1150 1786 statuae
1175 1744 1328 1784 Romae
1349 1752 1462 1784 stant
1486 1743 1707 1793 inauratae,
1729 1757 1755 1784 a

316 1799 537 1840 communi
562 1800 736 1852 Siciliae,
767 1801 1130 1856 quemadmodum
1160 1800 1414 1856 inscriptum
1437 1800 1645 1851 videmus,
1679 1799 1754 1840 da-

317 1865 397 1896 tae:
430 1855 542 1907 vide,
574 1857 764 1912 inquam,
795 1859 898 1913 quid
922 1858 1032 1899 inter
1055 1868 1110 1909 te,
1141 1867 1185 1899 et
1206 1858 1320 1899 hunc
1343 1857 1551 1908 Siculum,
1581 1856 1653 1912 qui
1677 1857 1754 1897 abs

317 1921 360 1952 te
382 1921 460 1964 est,
491 1922 674 1969 patrono
697 1915 872 1966 Siciliae,
903 1916 1227 1966 condemnatus,
1259 1914 1440 1957 intersit.
1494 1914 1630 1956 Hune
1647 1913 1755 1955 civi-

318 1978 428 2010 tates
457 1985 511 2011 ex
535 1971 683 2012 Sicilia
706 1972 944 2028 permultae,
977 1973 1225 2014 testimonio
1258 1987 1350 2024 suo,
1380 1971 1755 2028 legationibusque

319 2027 376 2067 ob
398 2041 492 2067 eam
514 2042 602 2068 rem
624 2029 779 2081 missis,
810 2029 982 2086 publice
1003 2030 1199 2072 laudant:
1233 2039 1274 2070 te
1296 2029 1490 2071 omnium
1513 2028 1755 2070 Siculorum

319 2094 564 2139 patronum,
594 2101 680 2127 una
702 2086 966 2128 Mamertina
987 2088 1154 2139 civitas,
1186 2087 1303 2128 socia
1324 2086 1536 2128 furtorum
1558 2100 1608 2127 ac
1630 2085 1756 2142 flagi-

319 2141 476 2182 tiorum
522 2152 707 2194 tuorum,
739 2144 912 2200 publice
950 2144 1120 2187 laudat:
1166 2145 1226 2185 ita
1268 2153 1424 2194 tamen,
1465 2157 1579 2184 novo
1621 2156 1755 2193 more,

321 2206 369 2238 ut
402 2198 530 2254 legati
565 2199 738 2252 laedant,
770 2201 927 2258 legatio
961 2202 1128 2244 laudet:
1160 2210 1314 2243 ceterae
1349 2201 1523 2256 quidem
1557 2199 1756 2241 civitates

321 2255 494 2311 publice
518 2256 684 2308 litteris,
716 2257 1019 2315 legationibus,
1052 2258 1309 2300 testimoniis
1331 2266 1548 2308 accusant,
1571 2271 1757 2313 querun-

323 2321 405 2363 tur,
437 2323 650 2369 arguunt:
683 2317 716 2357 si
740 2324 785 2356 tu
822 2316 1042 2357 absolutus
1076 2317 1148 2368 sis,
1179 2316 1371 2357 funditus
1401 2329 1567 2356 eversas
1598 2328 1642 2355 se
1665 2328 1757 2356 esse

238 2378 308 2430 47
325 2370 599 2411 arbitrantur.
652 2371 752 2413 Hoc
768 2373 820 2414 de
842 2372 1031 2424 homine,
1054 2388 1103 2415 ac
1125 2375 1177 2415 de
1199 2372 1326 2427 hujus
1349 2372 1488 2423 bonis,
1510 2371 1640 2412 etiam
1661 2370 1758 2412 36in

241 2450 311 2482 115
327 2424 513 2482 Erycino
535 2437 683 2470 monte
704 2440 1032 2472 monumentum
1054 2440 1225 2472 tuorum
1247 2429 1512 2486 flagitiorum
1530 2427 1759 2471 crudelita-

364 2559 405 2587 34
417 2557 586 2597 deportata
597 2559 656 2600 est]
675 2569 732 2600 pro
749 2560 837 2600 vulg.
853 2565 1021 2600 reportata

322 2603 382 2629 est.
415 2600 619 2632 Putaverunt
635 2603 825 2633 Ciceronem
841 2604 1020 2634 restituisse

321 2641 468 2671 tabulam
495 2642 528 2672 in
552 2643 660 2674 locum
683 2654 779 2675 suum
803 2646 836 2675 in
863 2646 963 2676 curia.
984 2650 1019 2676 at

1063 2565 1136 2601 pter
1149 2560 1333 2600 legitimam
1347 2564 1534 2600 temporum
1555 2557 1758 2589 consecutio-

1065 2613 1153 2640 nem,
1169 2603 1223 2633 sed
1237 2603 1338 2633 etiam
1357 2608 1391 2633 et
1413 2602 1521 2632 multo
1542 2600 1657 2641 magis,
1681 2599 1758 2640 quia

1062 2646 1096 2675 in
1113 2645 1216 2675 altero
1232 2645 1379 2675 membro
1402 2650 1437 2675 et
1455 2644 1568 2675 eadem
1582 2644 1690 2673 forma
1707 2646 1759 2673 est

322 2685 494 2722 sequentia
513 2686 704 2723 ostendunt,
727 2697 800 2717 eam
820 2698 839 2718 a
862 2688 1018 2718 Cicerone

322 2724 462 2755 Romam
478 2732 624 2758 avectam
641 2737 720 2764 esse,
744 2729 830 2768 quod
844 2735 894 2759 est
908 2730 1019 2769 depor-

323 2771 406 2797 tata.
453 2767 566 2807 Itaque
583 2774 668 2800 recte
682 2772 803 2812 recepit
819 2772 979 2809 Graevius,
1002 2783 1020 2803 e

323 2808 387 2840 ns.
403 2809 540 2840 Nannii.

366 2854 405 2882 35
430 2854 460 2882 Ιι.
477 2863 502 2883 5.
519 2853 747 2891 dignissimum
768 2855 941 2896 statueret]
968 2856 1020 2887 Sic

323 2892 408 2927 edidi
433 2904 492 2935 pro
506 2897 672 2934 statuerit,
707 2906 774 2928 non
792 2902 926 2930 tantum
945 2908 1020 2940 pro-

1063 2688 1297 2719 arbitraretur.

1104 2730 1145 2760 36
1166 2730 1202 2759 in
1225 2729 1336 2769 Eryco
1361 2727 1481 2768 monte]
1507 2727 1571 2758 Hic
1593 2726 1628 2757 in
1651 2726 1759 2765 Eryto

1063 2771 1277 2803 consentiunt
1290 2770 1363 2801 libri
1379 2779 1506 2807 omnes,
1523 2769 1584 2800 nisi
1601 2768 1688 2808 quod
1706 2767 1758 2798 Pr.

1064 2814 1118 2845 ΒΓ.
1136 2817 1289 2854 corrupte
1311 2811 1448 2843 Franco.
1470 2812 1581 2852 scripsi
1604 2814 1758 2841 constan·

1063 2857 1119 2888 tiae
1134 2865 1232 2888 causa
1245 2855 1393 2896 Erycino
1407 2864 1450 2886 m.
1466 2864 1495 2885 v.
1510 2853 1551 2885 ad
1566 2863 1594 2884 c.
1608 2856 1640 2888 7.
