1907 3231
338 87 411 122 126
847 86 919 126 1N
945 85 1233 125 VERREM

336 196 561 245 torumque
582 187 732 231 fitteris
754 203 840 231 non
861 189 1117 232 credidisse?
1147 198 1280 231 tantae
1302 189 1447 254 populi
1481 189 1666 232 Romani
1685 205 1760 233 vo-

273 244 485 287 llluntati
517 247 748 288 restitisse?
808 247 1073 288 Sustineant.
1097 246 1368 302 reperiemus,
1399 247 1433 287 si
1467 247 1596 289 istum
1616 248 1760 289 vivum

331 302 385 344 ad
413 302 526 344 aliud
543 302 757 358 judicium
793 303 1022 366 perducere
1055 303 1304 359 poterimus,
1334 304 1489 358 quibus
1516 304 1758 359 probemus,

329 359 459 400 istum
494 360 535 400 in
568 370 786 415 qua-stura
818 373 1042 422 pecuniam
1075 359 1307 415 publicam,
1342 360 1423 402 Cn.
1448 360 1635 403 Cwiboui
1655 375 1758 402 con-

328 416 407 457 suli
431 417 515 457 ἀιιιι
518 431 590 467 un,
609 417 834 457 avertisse:
867 415 1023 470 quibus
1047 416 1387 472 persuadeamus,
1416 418 1544 458 istum
1569 420 1606 448 ¹⁰
1619 417 1758 459 alieno

327 474 502 514 nomine
524 489 549 514 a
570 473 855 528 quaestoribus
878 472 1065 523 urbanis,
1095 473 1210 528 quod
1241 488 1380 529 priore
1402 475 1571 516 actione
1605 473 1759 516 didici-

326 530 416 579 stis,
450 544 674 592 pecuniam
697 529 935 570 abstulisse.
997 528 1148 581 Erunt,
1179 545 1251 585 qui
1281 539 1324 570 et
1351 531 1392 571 in
1418 546 1468 571 co
1491 546 1662 586 quoque
1683 545 1756 572 au·

324 562 491 627 daciani
513 601 604 641 eJus
631 586 955 642 reprehendant,
985 586 1099 640 quod
1133 586 1297 641 aliquot
1326 588 1570 629 nominibus
1600 588 1653 629 de
1685 602 1756 629 ca-

326 644 428 698 pite,
458 653 667 705 quantum
705 643 979 684 commodum
1011 643 1152 692 tuerit,
1186 643 1384 685 frumenti
1424 645 1649 686 decumani
1683 644 1756 685 de-

325 700 516 740 traxerit.
580 699 716 741 Erunt
736 700 866 741 etiam
899 700 1091 750 fortasse,
1116 700 1301 755 judices,
1331 701 1403 755 qui
1427 701 1543 742 illum
1567 702 1659 764 ejus
1696 715 1755 742 ›e-

322 756 512 797 eulatuni
548 757 612 797 vel
645 757 848 798 acerrime
880 757 1183 798 vindicandum
1217 766 1383 813 putent,
1424 758 1539 812 quod
1573 759 1653 799 iste
1713 756 1756 798 'L

326 812 521 854 Marcelli
541 823 584 854 et
610 813 659 854 Ρ.
682 813 875 855 Africani
904 823 1196 865 monumenta,
1229 829 1325 869 quae
1349 815 1535 865 nomine,
1569 814 1754 864 illorum,

324 885 368 911 re
392 885 476 911 vera
465 885 503 920 ιι,
534 871 681 926 populi
706 871 906 921 Romani,
937 880 981 912 et
1007 881 1141 922 eraut,
1173 880 1217 912 et
1245 871 1528 921 habebantur,
1560 885 1615 912 ex
1644 870 1754 912 fanis

325 927 670 982 religiosissimis,
701 942 754 968 ex
789 928 966 968 urbibus
1000 929 1214 969 sociorum
1242 937 1371 983 atque
1403 927 1640 970 amicorum
1665 942 1752 969 non

271 989 306 1038 5
325 970 585 1025 dubitaverit
603 984 781 1025 auferre.
844 984 1074 1025 Emerserit
1095 1000 1149 1026 ex
1175 985 1397 1041 peculatus
1416 985 1545 1026 etiam
1562 984 1752 1040 judicio:

266 1063 311 1096 1²2
325 1041 553 1082 meditetur
574 1041 625 1081 de
643 1042 824 1083 ducibus
847 1042 1050 1092 hostium,
1068 1057 1176 1096 quos
1197 1053 1375 1098 accepta
1396 1042 1580 1098 pecunia
1599 1041 1753 1083 libera-

278 1110 309 1141 ι).
327 1099 408 1139 vit:
444 1098 598 1148 videat,
629 1098 732 1153 quid
751 1098 803 1139 de
829 1098 909 1139 illis
939 1098 1207 1162 respondeat,
1238 1114 1345 1154 quos
1376 1099 1418 1140 in
1440 1113 1588 1140 eorum
1609 1098 1752 1140 locum

322 1155 515 1195 subditos
537 1155 654 1196 dorni
677 1170 764 1196 suae
787 1155 1031 1197 reservavit.
1063 1165 1228 1212 quaerat
1256 1171 1341 1196 non
1365 1155 1516 1206 solum,
1546 1155 1750 1210 quemad-

318 1212 493 1253 modum
518 1221 663 1253 nostro
693 1213 878 1263 crimini,
909 1227 1055 1254 verum
1089 1213 1219 1254 eti-nn
1251 1228 1336 1268 quo
1368 1222 1494 1277 pacto
1528 1226 1616 1254 suae
1647 1227 1750 1254 con-

318 1269 491 1310 fessioni
513 1270 647 1324 possit
665 1270 839 1311 mederi.
858 1270 1117 1320 mem-inerit,
1140 1284 1183 1310 se
1202 1285 1341 1326 pr·101c
1359 1270 1543 1320 actione,
1565 1269 1751 1310 clamme

318 1326 463 1382 populi
497 1325 681 1368 Romani
713 1326 869 1368 infesto
900 1335 1028 1382 atque
1052 1327 1228 1368 inimico
1250 1328 1549 1378 11exeitatum‚
1582 1325 1750 1368 confes-

316 1398 409 1424 sum
430 1397 535 1434 esse,
566 1384 695 1426 duces
717 1400 742 1425 a
763 1399 806 1425 se
828 1384 1081 1440 praedonum
1105 1385 1241 1425 securi
1271 1399 1358 1425 non
1382 1397 1473 1425 esse
1496 1397 1747 1439 percussos:

316 1455 360 1481 se
374 1441 468 1504 jam
492 1450 582 1482 tum
604 1455 695 1482 esse
717 1441 912 1492 xeritum‚
945 1455 998 1482 ne
1019 1441 1100 1483 sibi
1122 1441 1291 1482 crimini
1318 1442 1504 1491 daretur,
1533 1455 1606 1482 eos
1628 1440 1683 1482 ab
1705 1454 1750 1481 se

316 1512 499 1553 pecunia
520 1497 736 1539 liberatos.
768 1498 950 1539 fateatur
982 1498 1040 1549 id,
1070 1499 1186 1554 quod
1219 1498 1366 1554 negari
1397 1512 1484 1540 non
1515 1505 1672 1554 potest,
1706 1511 1751 1539 sc

317 1555 531 1610 Ριίιιιιιιιιι
561 1555 794 1606 hominem,
826 1556 1078 1611 praedonum
1109 1555 1237 1596 duces
1269 1557 1388 1597 vivos
1423 1564 1551 1610 atque
1584 1553 1749 1596 ineolu-

315 1626 404 1653 mes
437 1612 553 1652 domi
587 1627 689 1664 suae,
721 1621 997 1675 posteaquam
1031 1612 1216 1653 Romam
1256 1612 1442 1664 redimit,
1473 1626 1606 1668 usque
1643 1611 1747 1652 dum

316 1683 392 1724 per
421 1683 489 1710 me
512 1668 692 1720 licuerit,
724 1669 923 1710 tenuisse.
953 1669 1051 1721 hoc,
1082 1670 1124 1710 in
1160 1669 1231 1711 illo
1261 1669 1498 1724 majestatis
1521 1668 1692 1725 judicio
1711 1668 1747 1709 si

317 1726 486 1767 licuisse
507 1727 588 1767 sibi
611 1726 860 1778 ostenderit,
889 1741 972 1782 ego
999 1727 1239 1783 oportuisse
1261 1726 1510 1768 concedam.
1572 1725 1640 1767 Ex
1661 1725 1746 1766 hoc

316 1797 487 1838 quoque
514 1784 716 1826 evaserit:
749 1784 995 1846 proficiscar
1025 1799 1091 1836 eo,
1123 1798 1208 1839 quo
1240 1798 1309 1825 me
1334 1783 1595 1847 jampridem
1620 1792 1746 1824 vocat

258 1840 498 1896 13p0pu1us
542 1840 777 1882 Romanus.
838 1840 907 1882 De
941 1855 1040 1896 Jure
1073 1841 1189 1882 enim
1229 1841 1438 1882 libertatis
1475 1853 1520 1882 et
1552 1839 1742 1882 civitatis

301 1912 438 1938 suum
461 1907 584 1961 putat
604 1912 694 1939 esse
709 1898 950 1953 J'udieium·
981 1908 1024 1939 et
1046 1907 1159 1939 reete
1182 1907 1319 1954 putat.
1380 1897 1642 1954 Confringat
1662 1897 1743 1938 iste

311 1969 412 1996 sane
435 1969 476 1995 νι
499 1969 574 1996 5ιιιι
595 1955 774 1996 consilia
795 1955 1027 1998 senatoria:
1059 1955 1318 2011 quaestiones
1341 1955 1534 1997 omnium
1553 1967 1743 2010 perrum-

310 2021 406 2067 pat:
437 2012 578 2053 evolet
606 2027 661 2053 ex
692 2021 833 2054 xestra
863 2013 1113 2055 severitate:
1145 2012 1251 2054 mihi
1283 2012 1458 2065 credite,
1486 2011 1743 2054 arctioribus

310 2068 424 2125 apud
459 2069 665 2125 populum
708 2069 955 2111 Romanum
995 2070 1156 2125 laqueis
1199 2070 1428 2111 tenebitur.
1490 2069 1649 2111 Credet
1689 2067 1741 2109 iis

310 2127 528 2181 equitibus
552 2126 759 2167 Romanis
782 2127 964 2183 populus
984 2126 1220 2179 Romanus,
1242 2127 1315 2183 qui
1333 2127 1387 2168 ad
1405 2141 1481 2168 vos
1501 2136 1629 2167 antea
1645 2139 1743 2181 pro-

311 2182 429 2225 ducti
453 2194 596 2248 testeS,
627 2184 729 2240 ipsis
751 2184 1104 2240 inspectantibus,
1135 2185 1189 2226 ab
1213 2185 1296 2226 isto
1316 2185 1456 2226 civem
1479 2183 1741 2233 Romanum,

313 2241 386 2295 qui
423 2241 669 2297 cognitores
700 2240 896 2282 homines
928 2241 1131 2283 honestos
1160 2242 1294 2293 daiet,
1324 2241 1540 2282 sublatum
1572 2253 1664 2280 esse
1694 2239 1740 2281 in

255 2310 491 2363 14crucem
503 2298 721 2339 dixerunt.
782 2297 971 2340 Credent
987 2312 1136 2340 omnes
1160 2314 1186 2340 v
1211 2307 1255 2340 et
1278 2313 1382 2340 xxx
1413 2298 1550 2339 tribus
1571 2296 1738 2338 homini

310 2355 568 2410 gravissimo
592 2365 721 2410 atque
746 2356 1017 2397 ornatissimo
1041 2354 1109 2397 M.
1127 2355 1287 2406 Annio,
1318 2356 1406 2410 qui,
1437 2369 1482 2396 se
1512 2363 1736 2410 praesente,

307 2412 444 2453 civem
463 2411 706 2453 Romanum
726 2413 862 2456 securi
884 2427 1130 2469 percussum
1148 2427 1239 2454 esse
1255 2413 1382 2454 dixit.
1403 2412 1599 2454 audietur
1617 2426 1641 2451 a
1662 2425 1739 2467 po·

307 2468 408 2532 pulo
443 2468 642 2511 Romano
673 2470 736 2510 vir
770 2470 1011 2527 primarius,
1041 2484 1168 2525 eques
1203 2470 1440 2521 Romanus,
1473 2468 1522 2510 L.
1550 2467 1735 2518 Flavius,

306 2526 378 2580 qui
402 2540 525 2567 suum
552 2526 804 2568 familiarem
837 2527 1120 2577 Herennium,
1152 2527 1463 2583 negotiatorem
1494 2540 1550 2566 ex
1571 2523 1734 2575 Africa,

304 2596 404 2623 cum
425 2597 523 2623 eum
555 2583 776 2639 Syracusis
801 2583 984 2640 amplius
1013 2594 1187 2625 centum
1207 2561 1331 2626 cives
1363 2582 1550 2624 Romani
1571 2595 1734 2638 cogno-

346 2697 384 2726 10
405 2696 511 2726 alieno
536 2695 678 2736 nomine]
710 2695 839 2728 Abusus
861 2697 997 2729 alterius
1038 2697 1230 2738 perterritus
1244 2700 1279 2728 et
1292 2696 1502 2737 perturbatus
1523 2695 1600 2732 fuit,
1623 2701 1663 2725 ut
1684 2703 1734 2726 re

301 2737 447 2773 nomine,
470 2748 529 2778 pro
549 2748 614 2777 quo
635 2740 733 2769 istam
752 2741 926 2780 pecuniam
942 2751 996 2781 pe·
1037 2745 1136 2780 pente
1150 2744 1334 2779 assurgeret
1356 2737 1401 2776 (id
1419 2743 1482 2775 cst,
1507 2736 1682 2777 excitatus)
1699 2741 1735 2767 et

300 2778 400 2810 tierit.
425 2761 477 2810 S'ic
492 2779 646 2810 facillime
660 2788 710 2811 res
722 2781 864 2821 expediri
874 2786 995 2822 potest.
1037 2783 1215 2813 fateretur.
1239 2780 1324 2821 quod
1335 2780 1463 2820 egregie
1485 2779 1640 2821 exprimit
1651 2779 1733 2810 ima-

345 2823 378 2851 11
404 2824 594 2858 excitatum,
623 2821 802 2862 confes-rum
828 2824 906 2864 esee]
943 2823 995 2855 lta
1037 2824 1148 2864 ginem
1162 2823 1304 2855 hominis
1319 2831 1353 2855 et
1367 2822 1413 2854 rei
1429 2826 1523 2854 actae.
