<?xml version="1.0" encoding="UTF-8"?>
<!DOCTYPE html PUBLIC "-//W3C//DTD XHTML 1.0 Transitional//EN"
    "http://www.w3.org/TR/xhtml1/DTD/xhtml1-transitional.dtd">
<html xmlns="http://www.w3.org/1999/xhtml" xml:lang="en" lang="en">
 <head>
  <title>
</title>
<meta http-equiv="Content-Type" content="text/html;charset=utf-8" />
  <meta name='ocr-system' content='tesseract 3.04.00' />
  <meta name='ocr-capabilities' content='ocr_page ocr_carea ocr_par ocr_line ocrx_word'/>
</head>
<body>
  <div class='ocr_page' id='page_1' title='image "./p1operaomnia02ciceuoft_0691.png"; bbox 0 0 1907 3231; ppageno 0'>
   <div class='ocr_carea' id='block_1_1' title="bbox 585 86 1572 132">
    <p class='ocr_par' dir='ltr' id='par_1_1' title="bbox 585 86 1572 132">
     <span class='ocr_line' id='line_1_1' title="bbox 585 86 1572 132; baseline 0 -6"><span class='ocrx_word' id='word_1_1' title='bbox 585 88 645 126; x_wconf 90' lang='lat' dir='ltr'>IN</span> <span class='ocrx_word' id='word_1_2' title='bbox 680 87 726 126; x_wconf 89' lang='lat' dir='ltr'>L.</span> <span class='ocrx_word' id='word_1_3' title='bbox 763 86 1114 127; x_wconf 81' lang='lat' dir='ltr'>CATILINAM.</span> <span class='ocrx_word' id='word_1_4' title='bbox 1495 90 1572 132; x_wconf 81' lang='lat'>667</span> 
     </span>
    </p>
   </div>
   <div class='ocr_carea' id='block_1_2' title="bbox 138 190 1658 2259">
    <p class='ocr_par' dir='ltr' id='par_1_2' title="bbox 139 190 1633 536">
     <span class='ocr_line' id='line_1_2' title="bbox 142 190 1573 257; baseline 0.001 -24"><span class='ocrx_word' id='word_1_5' title='bbox 142 190 207 233; x_wconf 88' lang='lat' dir='ltr'>de</span> <span class='ocrx_word' id='word_1_6' title='bbox 215 190 307 248; x_wconf 85' lang='lat' dir='ltr'>ejus</span> <span class='ocrx_word' id='word_1_7' title='bbox 325 190 541 244; x_wconf 86' lang='lat' dir='ltr'>delectu,</span> <span class='ocrx_word' id='word_1_8' title='bbox 531 206 664 234; x_wconf 80' lang='lat' dir='ltr'>immo</span> <span class='ocrx_word' id='word_1_9' title='bbox 686 207 786 234; x_wconf 90' lang='lat' dir='ltr'>vero</span> <span class='ocrx_word' id='word_1_10' title='bbox 804 192 857 234; x_wconf 89' lang='lat' dir='ltr'>de</span> <span class='ocrx_word' id='word_1_11' title='bbox 876 190 1107 248; x_wconf 84' lang='lat' dir='ltr'>complexu</span> <span class='ocrx_word' id='word_1_12' title='bbox 1130 191 1223 246; x_wconf 84' lang='lat' dir='ltr'>ejus</span> <span class='ocrx_word' id='word_1_13' title='bbox 1241 207 1297 234; x_wconf 88' lang='lat' dir='ltr'>ac</span> <span class='ocrx_word' id='word_1_14' title='bbox 1312 192 1432 235; x_wconf 90' lang='lat' dir='ltr'>sinu:</span> <span class='ocrx_word' id='word_1_15' title='bbox 1464 207 1573 257; x_wconf 83' lang='lat' dir='ltr'>quos</span> 
     </span>
     <span class='ocr_line' id='line_1_3' title="bbox 141 249 1572 314; baseline 0.001 -24"><span class='ocrx_word' id='word_1_16' title='bbox 141 263 256 304; x_wconf 87' lang='lat' dir='ltr'>pexo</span> <span class='ocrx_word' id='word_1_17' title='bbox 278 249 448 306; x_wconf 86' lang='lat' dir='ltr'>capillo,</span> <span class='ocrx_word' id='word_1_18' title='bbox 469 249 644 301; x_wconf 86' lang='lat' dir='ltr'>nitidos,</span> <span class='ocrx_word' id='word_1_19' title='bbox 667 261 739 291; x_wconf 89' lang='lat' dir='ltr'>aut</span> <span class='ocrx_word' id='word_1_20' title='bbox 758 250 986 314; x_wconf 81' lang='lat' dir='ltr'>imberbeS,</span> <span class='ocrx_word' id='word_1_21' title='bbox 1007 251 1046 282; x_wconf 75' lang='grc'>37</span> <span class='ocrx_word' id='word_1_22' title='bbox 1058 258 1132 289; x_wconf 86' lang='lat' dir='ltr'>aut</span> <span class='ocrx_word' id='word_1_23' title='bbox 1156 250 1262 290; x_wconf 82' lang='lat' dir='ltr'>benc</span> <span class='ocrx_word' id='word_1_24' title='bbox 1285 251 1486 292; x_wconf 83' lang='lat' dir='ltr'>barbatos</span> <span class='ocrx_word' id='word_1_25' title='bbox 1509 265 1572 291; x_wconf 77' lang='lat' dir='ltr'>vi-</span> 
     </span>
     <span class='ocr_line' id='line_1_4' title="bbox 140 305 1572 359; baseline 0.001 -12"><span class='ocrx_word' id='word_1_26' title='bbox 140 306 271 349; x_wconf 89' lang='lat' dir='ltr'>detis:</span> <span class='ocrx_word' id='word_1_27' title='bbox 303 307 528 349; x_wconf 88' lang='lat' dir='ltr'>manicatis</span> <span class='ocrx_word' id='word_1_28' title='bbox 550 316 593 347; x_wconf 92' lang='lat' dir='ltr'>et</span> <span class='ocrx_word' id='word_1_29' title='bbox 616 307 818 349; x_wconf 86' lang='lat' dir='ltr'>talaribus</span> <span class='ocrx_word' id='word_1_30' title='bbox 841 305 1023 357; x_wconf 80' lang='lat' dir='ltr'>tunicis3</span> <span class='ocrx_word' id='word_1_31' title='bbox 1054 306 1158 347; x_wconf 85' lang='lat' dir='ltr'>velis</span> <span class='ocrx_word' id='word_1_32' title='bbox 1181 306 1377 359; x_wconf 86' lang='lat' dir='ltr'>amictos,</span> <span class='ocrx_word' id='word_1_33' title='bbox 1392 322 1480 348; x_wconf 89' lang='lat' dir='ltr'>non</span> <span class='ocrx_word' id='word_1_34' title='bbox 1503 317 1572 349; x_wconf 86' lang='lat' dir='ltr'>to-</span> 
     </span>
     <span class='ocr_line' id='line_1_5' title="bbox 140 362 1571 422; baseline 0.001 -18"><span class='ocrx_word' id='word_1_35' title='bbox 140 364 234 422; x_wconf 84' lang='lat' dir='ltr'>gis:</span> <span class='ocrx_word' id='word_1_36' title='bbox 282 379 465 420; x_wconf 90' lang='lat' dir='ltr'>quorum</span> <span class='ocrx_word' id='word_1_37' title='bbox 498 364 638 405; x_wconf 86' lang='lat' dir='ltr'>omnis</span> <span class='ocrx_word' id='word_1_38' title='bbox 674 365 884 406; x_wconf 87' lang='lat' dir='ltr'>industria</span> <span class='ocrx_word' id='word_1_39' title='bbox 918 364 1034 415; x_wconf 86' lang='lat' dir='ltr'>vitae,</span> <span class='ocrx_word' id='word_1_40' title='bbox 1062 372 1105 404; x_wconf 89' lang='lat' dir='ltr'>et</span> <span class='ocrx_word' id='word_1_41' title='bbox 1139 362 1343 419; x_wconf 86' lang='lat' dir='ltr'>vigilandi</span> <span class='ocrx_word' id='word_1_42' title='bbox 1375 365 1495 407; x_wconf 87' lang='lat' dir='ltr'>labor</span> <span class='ocrx_word' id='word_1_43' title='bbox 1526 365 1571 406; x_wconf 92' lang='lat' dir='ltr'>in</span> 
     </span>
     <span class='ocr_line' id='line_1_6' title="bbox 139 421 1633 487; baseline 0.001 -26"><span class='ocrx_word' id='word_1_44' title='bbox 139 421 403 463; x_wconf 80' lang='lat' dir='ltr'>antelucanis</span> <span class='ocrx_word' id='word_1_45' title='bbox 425 422 541 463; x_wconf 90' lang='lat' dir='ltr'>cenis</span> <span class='ocrx_word' id='word_1_46' title='bbox 563 424 850 487; x_wconf 79' lang='lat' dir='ltr'>expromitur.</span> <span class='ocrx_word' id='word_1_47' title='bbox 909 421 959 462; x_wconf 91' lang='lat' dir='ltr'>In</span> <span class='ocrx_word' id='word_1_48' title='bbox 983 421 1049 462; x_wconf 87' lang='lat' dir='ltr'>his</span> <span class='ocrx_word' id='word_1_49' title='bbox 1068 421 1271 478; x_wconf 80' lang='lat' dir='ltr'>giegibus</span> <span class='ocrx_word' id='word_1_50' title='bbox 1293 436 1440 462; x_wconf 78' lang='lat' dir='ltr'>omnes</span> <span class='ocrx_word' id='word_1_51' title='bbox 1461 422 1633 463; x_wconf 73' lang='lat' dir='ltr'>alea-23</span> 
     </span>
     <span class='ocr_line' id='line_1_7' title="bbox 140 478 1572 536; baseline 0.001 -18"><span class='ocrx_word' id='word_1_52' title='bbox 140 486 269 530; x_wconf 87' lang='lat' dir='ltr'>tores,</span> <span class='ocrx_word' id='word_1_53' title='bbox 291 493 438 519; x_wconf 91' lang='lat' dir='ltr'>omnes</span> <span class='ocrx_word' id='word_1_54' title='bbox 457 479 652 531; x_wconf 81' lang='lat' dir='ltr'>adulteri,</span> <span class='ocrx_word' id='word_1_55' title='bbox 671 494 818 521; x_wconf 89' lang='lat' dir='ltr'>omnes</span> <span class='ocrx_word' id='word_1_56' title='bbox 841 479 998 536; x_wconf 83' lang='lat' dir='ltr'>impuri</span> <span class='ocrx_word' id='word_1_57' title='bbox 1023 478 1314 535; x_wconf 86' lang='lat' dir='ltr'>impudicique</span> <span class='ocrx_word' id='word_1_58' title='bbox 1335 489 1572 520; x_wconf 81' lang='lat' dir='ltr'><strong>versantur.</strong></span> 
     </span>
    </p>

    <p class='ocr_par' dir='ltr' id='par_1_3' title="bbox 139 535 1608 1151">
     <span class='ocr_line' id='line_1_8' title="bbox 140 535 1575 592; baseline 0.001 -17"><span class='ocrx_word' id='word_1_59' title='bbox 140 535 186 576; x_wconf 92' lang='lat' dir='ltr'>hi</span> <span class='ocrx_word' id='word_1_60' title='bbox 205 536 324 591; x_wconf 88' lang='lat' dir='ltr'>pueri</span> <span class='ocrx_word' id='word_1_61' title='bbox 350 544 437 577; x_wconf 89' lang='lat' dir='ltr'>tam</span> <span class='ocrx_word' id='word_1_62' title='bbox 469 537 599 592; x_wconf 91' lang='lat' dir='ltr'>lepidi</span> <span class='ocrx_word' id='word_1_63' title='bbox 637 552 686 577; x_wconf 83' lang='lat' dir='ltr'>·1c</span> <span class='ocrx_word' id='word_1_64' title='bbox 708 537 896 588; x_wconf 82' lang='lat' dir='ltr'>delicati,</span> <span class='ocrx_word' id='word_1_65' title='bbox 919 551 1003 577; x_wconf 92' lang='lat' dir='ltr'>non</span> <span class='ocrx_word' id='word_1_66' title='bbox 1038 537 1174 577; x_wconf 89' lang='lat' dir='ltr'>solum</span> <span class='ocrx_word' id='word_1_67' title='bbox 1196 550 1338 577; x_wconf 88' lang='lat' dir='ltr'>amare</span> <span class='ocrx_word' id='word_1_68' title='bbox 1359 545 1403 576; x_wconf 88' lang='lat' dir='ltr'>et</span> <span class='ocrx_word' id='word_1_69' title='bbox 1425 536 1575 586; x_wconf 74' lang='lat' dir='ltr'>amali,</span> 
     </span>
     <span class='ocr_line' id='line_1_9' title="bbox 140 570 1575 659; baseline 0 -26"><span class='ocrx_word' id='word_1_70' title='bbox 140 607 279 648; x_wconf 90' lang='lat' dir='ltr'>neque</span> <span class='ocrx_word' id='word_1_71' title='bbox 310 603 483 636; x_wconf 83' lang='lat' dir='ltr'>cantare</span> <span class='ocrx_word' id='word_1_72' title='bbox 518 604 561 635; x_wconf 90' lang='lat' dir='ltr'>et</span> <span class='ocrx_word' id='word_1_73' title='bbox 598 594 763 645; x_wconf 87' lang='lat' dir='ltr'>saltare,</span> <span class='ocrx_word' id='word_1_74' title='bbox 786 595 859 635; x_wconf 87' lang='lat' dir='ltr'>sed</span> <span class='ocrx_word' id='word_1_75' title='bbox 885 570 1020 635; x_wconf 70' lang='lat' dir='ltr'>7etiam</span> <span class='ocrx_word' id='word_1_76' title='bbox 1052 594 1159 634; x_wconf 81' lang='lat' dir='ltr'>sicas</span> <span class='ocrx_word' id='word_1_77' title='bbox 1182 594 1363 659; x_wconf 83' lang='lat' dir='ltr'>vibrare,</span> <span class='ocrx_word' id='word_1_78' title='bbox 1383 603 1428 634; x_wconf 92' lang='lat' dir='ltr'>et</span> <span class='ocrx_word' id='word_1_79' title='bbox 1457 607 1575 649; x_wconf 85' lang='lat' dir='ltr'>spar-</span> 
     </span>
     <span class='ocr_line' id='line_1_10' title="bbox 141 650 1620 708; baseline 0.001 -18"><span class='ocrx_word' id='word_1_80' title='bbox 141 664 242 706; x_wconf 86' lang='lat' dir='ltr'>gere</span> <span class='ocrx_word' id='word_1_81' title='bbox 284 665 449 692; x_wconf 88' lang='lat' dir='ltr'>venena</span> <span class='ocrx_word' id='word_1_82' title='bbox 487 651 751 694; x_wconf 86' lang='lat' dir='ltr'>didicerunt·</span> <span class='ocrx_word' id='word_1_83' title='bbox 802 651 876 708; x_wconf 89' lang='lat' dir='ltr'>qui</span> <span class='ocrx_word' id='word_1_84' title='bbox 918 651 998 692; x_wconf 85' lang='lat' dir='ltr'>nisi</span> <span class='ocrx_word' id='word_1_85' title='bbox 1041 662 1217 702; x_wconf 84' lang='lat' dir='ltr'>exeunt,</span> <span class='ocrx_word' id='word_1_86' title='bbox 1254 652 1336 692; x_wconf 86' lang='lat' dir='ltr'>nisi</span> <span class='ocrx_word' id='word_1_87' title='bbox 1381 660 1576 708; x_wconf 87' lang='lat' dir='ltr'>pereunt,</span> <span class='ocrx_word' id='word_1_88' title='bbox 1587 650 1620 680; x_wconf 79' lang='lat' dir='ltr'>b·</span> 
     </span>
     <span class='ocr_line' id='line_1_11' title="bbox 140 707 1579 765; baseline 0.001 -18"><span class='ocrx_word' id='word_1_89' title='bbox 140 707 309 748; x_wconf 88' lang='lat' dir='ltr'>etiamsi</span> <span class='ocrx_word' id='word_1_90' title='bbox 344 707 533 750; x_wconf 83' lang='lat' dir='ltr'>Catilina</span> <span class='ocrx_word' id='word_1_91' title='bbox 564 709 751 765; x_wconf 73' lang='lat' dir='ltr'>perierit,</span> <span class='ocrx_word' id='word_1_92' title='bbox 774 710 928 750; x_wconf 87' lang='lat' dir='ltr'>scitote</span> <span class='ocrx_word' id='word_1_93' title='bbox 958 708 1078 749; x_wconf 90' lang='lat' dir='ltr'>hoc</span> <span class='ocrx_word' id='word_1_94' title='bbox 1070 723 1112 749; x_wconf 78' lang='lat' dir='ltr'>ui</span> <span class='ocrx_word' id='word_1_95' title='bbox 1146 709 1365 765; x_wconf 80' lang='lat' dir='ltr'>republica</span> <span class='ocrx_word' id='word_1_96' title='bbox 1395 723 1579 749; x_wconf 82' lang='lat' dir='ltr'>semina-</span> 
     </span>
     <span class='ocr_line' id='line_1_12' title="bbox 139 764 1580 821; baseline 0.001 -16"><span class='ocrx_word' id='word_1_97' title='bbox 139 764 251 806; x_wconf 82' lang='lat' dir='ltr'>lium</span> <span class='ocrx_word' id='word_1_98' title='bbox 275 765 575 808; x_wconf 81' lang='lat' dir='ltr'>Catilinaiium</span> <span class='ocrx_word' id='word_1_99' title='bbox 595 765 804 807; x_wconf 80' lang='lat' dir='ltr'>futurum,</span> <span class='ocrx_word' id='word_1_100' title='bbox 856 766 1159 806; x_wconf 81' lang='lat' dir='ltr'><strong>Verumtamen</strong></span> <span class='ocrx_word' id='word_1_101' title='bbox 1175 767 1277 821; x_wconf 83' lang='lat' dir='ltr'>quid</span> <span class='ocrx_word' id='word_1_102' title='bbox 1299 766 1381 807; x_wconf 86' lang='lat' dir='ltr'>sibi</span> <span class='ocrx_word' id='word_1_103' title='bbox 1405 766 1476 807; x_wconf 90' lang='lat' dir='ltr'>isti</span> <span class='ocrx_word' id='word_1_104' title='bbox 1499 766 1580 806; x_wconf 91' lang='lat' dir='ltr'>mi-</span> 
     </span>
     <span class='ocr_line' id='line_1_13' title="bbox 141 822 1580 866; baseline 0.001 -4"><span class='ocrx_word' id='word_1_105' title='bbox 141 823 222 863; x_wconf 77' lang='lat' dir='ltr'>seii</span> <span class='ocrx_word' id='word_1_106' title='bbox 245 823 423 866; x_wconf 83' lang='lat' dir='ltr'>volunt?</span> <span class='ocrx_word' id='word_1_107' title='bbox 453 838 556 865; x_wconf 91' lang='lat' dir='ltr'>num</span> <span class='ocrx_word' id='word_1_108' title='bbox 575 838 671 864; x_wconf 86' lang='lat' dir='ltr'>suas</span> <span class='ocrx_word' id='word_1_109' title='bbox 693 838 837 865; x_wconf 90' lang='lat' dir='ltr'>secum</span> <span class='ocrx_word' id='word_1_110' title='bbox 855 822 1124 863; x_wconf 85' lang='lat' dir='ltr'>mulierculas</span> <span class='ocrx_word' id='word_1_111' title='bbox 1145 833 1244 864; x_wconf 87' lang='lat' dir='ltr'>sunt</span> <span class='ocrx_word' id='word_1_112' title='bbox 1266 824 1308 864; x_wconf 92' lang='lat' dir='ltr'>in</span> <span class='ocrx_word' id='word_1_113' title='bbox 1331 834 1472 864; x_wconf 88' lang='lat' dir='ltr'>castra</span> <span class='ocrx_word' id='word_1_114' title='bbox 1500 824 1580 864; x_wconf 91' lang='lat' dir='ltr'>du-</span> 
     </span>
     <span class='ocr_line' id='line_1_14' title="bbox 141 880 1579 936; baseline 0.001 -16"><span class='ocrx_word' id='word_1_115' title='bbox 141 881 252 921; x_wconf 81' lang='lat' dir='ltr'>cturi</span> <span class='ocrx_word' id='word_1_116' title='bbox 271 883 284 923; x_wconf 87' lang='lat'>?</span> <span class='ocrx_word' id='word_1_117' title='bbox 316 881 680 936; x_wconf 82' lang='lat' dir='ltr'>quemadmodum</span> <span class='ocrx_word' id='word_1_118' title='bbox 702 890 846 922; x_wconf 89' lang='lat' dir='ltr'>autem</span> <span class='ocrx_word' id='word_1_119' title='bbox 869 880 951 921; x_wconf 86' lang='lat' dir='ltr'>illis</span> <span class='ocrx_word' id='word_1_120' title='bbox 974 894 1117 921; x_wconf 86' lang='lat' dir='ltr'>carere</span> <span class='ocrx_word' id='word_1_121' title='bbox 1139 890 1356 936; x_wconf 77' lang='lat' dir='ltr'>poterunt,</span> <span class='ocrx_word' id='word_1_122' title='bbox 1379 881 1444 921; x_wconf 86' lang='lat' dir='ltr'>his</span> <span class='ocrx_word' id='word_1_123' title='bbox 1469 896 1579 936; x_wconf 86' lang='lat' dir='ltr'>prae-</span> 
     </span>
     <span class='ocr_line' id='line_1_15' title="bbox 141 937 1579 995; baseline 0 -17"><span class='ocrx_word' id='word_1_124' title='bbox 141 938 288 978; x_wconf 89' lang='lat' dir='ltr'>sertim</span> <span class='ocrx_word' id='word_1_125' title='bbox 303 953 397 993; x_wconf 77' lang='lat' dir='ltr'>Jam</span> <span class='ocrx_word' id='word_1_126' title='bbox 420 938 648 980; x_wconf 86' lang='lat' dir='ltr'>noctibus?</span> <span class='ocrx_word' id='word_1_127' title='bbox 680 953 766 993; x_wconf 91' lang='lat' dir='ltr'>quo</span> <span class='ocrx_word' id='word_1_128' title='bbox 789 947 931 978; x_wconf 88' lang='lat' dir='ltr'>autem</span> <span class='ocrx_word' id='word_1_129' title='bbox 952 948 1079 993; x_wconf 84' lang='lat' dir='ltr'>pacto</span> <span class='ocrx_word' id='word_1_130' title='bbox 1105 938 1164 978; x_wconf 89' lang='lat' dir='ltr'>illi</span> <span class='ocrx_word' id='word_1_131' title='bbox 1188 937 1483 995; x_wconf 87' lang='lat' dir='ltr'>Apenninum,</span> <span class='ocrx_word' id='word_1_132' title='bbox 1513 949 1579 978; x_wconf 88' lang='lat' dir='ltr'>at-</span> 
     </span>
     <span class='ocr_line' id='line_1_16' title="bbox 140 994 1578 1052; baseline 0.001 -17"><span class='ocrx_word' id='word_1_133' title='bbox 140 1009 224 1051; x_wconf 86' lang='lat' dir='ltr'>que</span> <span class='ocrx_word' id='word_1_134' title='bbox 247 995 338 1036; x_wconf 85' lang='lat' dir='ltr'>illas</span> <span class='ocrx_word' id='word_1_135' title='bbox 360 995 533 1052; x_wconf 83' lang='lat' dir='ltr'>pruinas</span> <span class='ocrx_word' id='word_1_136' title='bbox 557 1010 606 1036; x_wconf 91' lang='lat' dir='ltr'>ac</span> <span class='ocrx_word' id='word_1_137' title='bbox 630 996 748 1036; x_wconf 90' lang='lat' dir='ltr'>nives</span> <span class='ocrx_word' id='word_1_138' title='bbox 771 995 1015 1052; x_wconf 71' lang='lat' dir='ltr'>perferent:</span> <span class='ocrx_word' id='word_1_139' title='bbox 1046 996 1129 1036; x_wconf 89' lang='lat' dir='ltr'>nisi</span> <span class='ocrx_word' id='word_1_140' title='bbox 1160 996 1321 1037; x_wconf 86' lang='lat' dir='ltr'>idcirco</span> <span class='ocrx_word' id='word_1_141' title='bbox 1344 1010 1387 1036; x_wconf 85' lang='lat' dir='ltr'>se</span> <span class='ocrx_word' id='word_1_142' title='bbox 1409 994 1578 1036; x_wconf 82' lang='lat' dir='ltr'>facilius</span> 
     </span>
     <span class='ocr_line' id='line_1_17' title="bbox 140 1050 1580 1110; baseline 0.001 -18"><span class='ocrx_word' id='word_1_143' title='bbox 140 1050 327 1093; x_wconf 86' lang='lat' dir='ltr'>hiemem</span> <span class='ocrx_word' id='word_1_144' title='bbox 351 1052 604 1094; x_wconf 71' lang='lat' dir='ltr'>toleraturos</span> <span class='ocrx_word' id='word_1_145' title='bbox 637 1062 806 1110; x_wconf 86' lang='lat' dir='ltr'>putant,</span> <span class='ocrx_word' id='word_1_146' title='bbox 829 1052 944 1109; x_wconf 93' lang='lat' dir='ltr'>quod</span> <span class='ocrx_word' id='word_1_147' title='bbox 969 1053 1073 1094; x_wconf 91' lang='lat' dir='ltr'>nudi</span> <span class='ocrx_word' id='word_1_148' title='bbox 1105 1054 1147 1094; x_wconf 91' lang='lat' dir='ltr'>in</span> <span class='ocrx_word' id='word_1_149' title='bbox 1182 1053 1393 1095; x_wconf 86' lang='lat' dir='ltr'>conviviis</span> <span class='ocrx_word' id='word_1_150' title='bbox 1425 1051 1580 1094; x_wconf 86' lang='lat' dir='ltr'>saltare</span> 
     </span>
     <span class='ocr_line' id='line_1_18' title="bbox 141 1109 399 1151; baseline 0 0"><span class='ocrx_word' id='word_1_151' title='bbox 141 1109 399 1151; x_wconf 90' lang='lat' dir='ltr'>didicerunt.</span> 
     </span>
    </p>

    <p class='ocr_par' dir='ltr' id='par_1_4' title="bbox 138 1165 1658 2259">
     <span class='ocr_line' id='line_1_19' title="bbox 148 1165 1658 1225; baseline 0.003 -17"><span class='ocrx_word' id='word_1_152' title='bbox 148 1172 150 1176; x_wconf 82' lang='grc'>’</span> <span class='ocrx_word' id='word_1_153' title='bbox 200 1166 246 1208; x_wconf 95' lang='grc' dir='ltr'><strong>Ο</strong></span> <span class='ocrx_word' id='word_1_154' title='bbox 287 1166 447 1208; x_wconf 91' lang='lat' dir='ltr'>bellum</span> <span class='ocrx_word' id='word_1_155' title='bbox 486 1182 751 1224; x_wconf 85' lang='lat' dir='ltr'>magnopere</span> <span class='ocrx_word' id='word_1_156' title='bbox 782 1167 1186 1225; x_wconf 88' lang='lat' dir='ltr'>pertimescendum,</span> <span class='ocrx_word' id='word_1_157' title='bbox 1229 1181 1328 1209; x_wconf 91' lang='lat' dir='ltr'>cum</span> <span class='ocrx_word' id='word_1_158' title='bbox 1370 1167 1482 1209; x_wconf 90' lang='lat' dir='ltr'>hanc</span> <span class='ocrx_word' id='word_1_159' title='bbox 1524 1167 1580 1208; x_wconf 90' lang='lat' dir='ltr'>sit</span> <span class='ocrx_word' id='word_1_160' title='bbox 1598 1165 1618 1212; x_wconf 92' lang='lat' dir='ltr'>l</span> <span class='ocrx_word' id='word_1_161' title='bbox 1634 1167 1658 1213; x_wconf 91' lang='lat' dir='ltr'>l</span> 
     </span>
     <span class='ocr_line' id='line_1_20' title="bbox 139 1203 1643 1282; baseline 0.001 -17"><span class='ocrx_word' id='word_1_162' title='bbox 139 1222 365 1266; x_wconf 91' lang='lat' dir='ltr'>habiturus</span> <span class='ocrx_word' id='word_1_163' title='bbox 397 1203 587 1266; x_wconf 85' lang='lat' dir='ltr'>Catilina</span> <span class='ocrx_word' id='word_1_164' title='bbox 616 1229 655 1256; x_wconf 69' lang='grc'>38</span> <span class='ocrx_word' id='word_1_165' title='bbox 670 1235 908 1267; x_wconf 72' lang='lat' dir='ltr'>scortorum</span> <span class='ocrx_word' id='word_1_166' title='bbox 937 1225 1161 1267; x_wconf 85' lang='lat' dir='ltr'>cohortem</span> <span class='ocrx_word' id='word_1_167' title='bbox 1183 1226 1445 1282; x_wconf 82' lang='lat' dir='ltr'>praetoriam.</span> <span class='ocrx_word' id='word_1_168' title='bbox 1507 1224 1643 1271; x_wconf 78' lang='lat' dir='ltr'>In-24</span> 
     </span>
     <span class='ocr_line' id='line_1_21' title="bbox 142 1282 1581 1348; baseline 0.003 -27"><span class='ocrx_word' id='word_1_169' title='bbox 142 1283 294 1323; x_wconf 90' lang='lat' dir='ltr'>struite</span> <span class='ocrx_word' id='word_1_170' title='bbox 315 1297 444 1334; x_wconf 87' lang='lat' dir='ltr'>nunc,</span> <span class='ocrx_word' id='word_1_171' title='bbox 469 1283 678 1334; x_wconf 81' lang='lat' dir='ltr'>Quirites,</span> <span class='ocrx_word' id='word_1_172' title='bbox 712 1294 864 1324; x_wconf 82' lang='lat' dir='ltr'>contra</span> <span class='ocrx_word' id='word_1_173' title='bbox 894 1283 969 1324; x_wconf 90' lang='lat' dir='ltr'>has</span> <span class='ocrx_word' id='word_1_174' title='bbox 1003 1294 1090 1324; x_wconf 91' lang='lat' dir='ltr'>tam</span> <span class='ocrx_word' id='word_1_175' title='bbox 1100 1283 1345 1348; x_wconf 87' lang='lat' dir='ltr'>praeclaras</span> <span class='ocrx_word' id='word_1_176' title='bbox 1378 1282 1581 1325; x_wconf 60' lang='lat' dir='ltr'>Catilinae</span> 
     </span>
     <span class='ocr_line' id='line_1_22' title="bbox 140 1339 1583 1405; baseline 0.002 -26"><span class='ocrx_word' id='word_1_177' title='bbox 140 1340 288 1396; x_wconf 87' lang='lat' dir='ltr'>copias</span> <span class='ocrx_word' id='word_1_178' title='bbox 311 1351 452 1381; x_wconf 86' lang='lat' dir='ltr'>vestra</span> <span class='ocrx_word' id='word_1_179' title='bbox 473 1341 675 1396; x_wconf 82' lang='lat' dir='ltr'>praesidia</span> <span class='ocrx_word' id='word_1_180' title='bbox 697 1351 946 1405; x_wconf 81' lang='lat' dir='ltr'>vestrosque</span> <span class='ocrx_word' id='word_1_181' title='bbox 967 1340 1208 1383; x_wconf 79' lang='lat' dir='ltr'>exercitus:</span> <span class='ocrx_word' id='word_1_182' title='bbox 1229 1351 1272 1382; x_wconf 89' lang='lat' dir='ltr'>et</span> <span class='ocrx_word' id='word_1_183' title='bbox 1286 1355 1472 1396; x_wconf 82' lang='lat' dir='ltr'>primum</span> <span class='ocrx_word' id='word_1_184' title='bbox 1491 1339 1583 1396; x_wconf 84' lang='lat' dir='ltr'>gla-</span> 
     </span>
     <span class='ocr_line' id='line_1_23' title="bbox 140 1395 1585 1460; baseline 0.001 -22"><span class='ocrx_word' id='word_1_185' title='bbox 140 1395 298 1439; x_wconf 88' lang='lat' dir='ltr'>diatori</span> <span class='ocrx_word' id='word_1_186' title='bbox 331 1397 391 1439; x_wconf 89' lang='lat' dir='ltr'>illi</span> <span class='ocrx_word' id='word_1_187' title='bbox 423 1397 625 1439; x_wconf 88' lang='lat' dir='ltr'>confecto</span> <span class='ocrx_word' id='word_1_188' title='bbox 647 1409 691 1439; x_wconf 86' lang='lat' dir='ltr'>et</span> <span class='ocrx_word' id='word_1_189' title='bbox 713 1413 874 1450; x_wconf 84' lang='lat' dir='ltr'>saueio,</span> <span class='ocrx_word' id='word_1_190' title='bbox 896 1398 1092 1439; x_wconf 89' lang='lat' dir='ltr'>consules</span> <span class='ocrx_word' id='word_1_191' title='bbox 1116 1399 1483 1460; x_wconf 86' lang='lat' dir='ltr'>imperatoresque</span> <span class='ocrx_word' id='word_1_192' title='bbox 1515 1412 1585 1439; x_wconf 90' lang='lat' dir='ltr'>ve-</span> 
     </span>
     <span class='ocr_line' id='line_1_24' title="bbox 139 1455 1585 1512; baseline 0.001 -17"><span class='ocrx_word' id='word_1_193' title='bbox 139 1464 249 1496; x_wconf 89' lang='lat' dir='ltr'>stros</span> <span class='ocrx_word' id='word_1_194' title='bbox 271 1455 508 1511; x_wconf 90' lang='lat' dir='ltr'>opponite:</span> <span class='ocrx_word' id='word_1_195' title='bbox 540 1455 696 1496; x_wconf 89' lang='lat' dir='ltr'>deinde</span> <span class='ocrx_word' id='word_1_196' title='bbox 729 1465 880 1497; x_wconf 74' lang='lat' dir='ltr'>contla</span> <span class='ocrx_word' id='word_1_197' title='bbox 914 1455 1030 1496; x_wconf 88' lang='lat' dir='ltr'>illam</span> <span class='ocrx_word' id='word_1_198' title='bbox 1053 1455 1365 1512; x_wconf 87' lang='lat' dir='ltr'>naufragorum</span> <span class='ocrx_word' id='word_1_199' title='bbox 1398 1465 1585 1510; x_wconf 68' lang='lat' dir='ltr'>ejectam</span> 
     </span>
     <span class='ocr_line' id='line_1_25' title="bbox 142 1489 1584 1563; baseline 0.001 -11"><span class='ocrx_word' id='word_1_200' title='bbox 142 1526 193 1553; x_wconf 90' lang='lat' dir='ltr'>ac</span> <span class='ocrx_word' id='word_1_201' title='bbox 224 1512 495 1554; x_wconf 86' lang='lat' dir='ltr'>debilitatam</span> <span class='ocrx_word' id='word_1_202' title='bbox 527 1527 720 1563; x_wconf 89' lang='lat' dir='ltr'>manum,</span> <span class='ocrx_word' id='word_1_203' title='bbox 751 1513 902 1554; x_wconf 87' lang='lat' dir='ltr'>florem</span> <span class='ocrx_word' id='word_1_204' title='bbox 934 1513 1066 1553; x_wconf 88' lang='lat' dir='ltr'>totius</span> <span class='ocrx_word' id='word_1_205' title='bbox 1091 1489 1236 1554; x_wconf 87' lang='lat' dir='ltr'>Italiae</span> <span class='ocrx_word' id='word_1_206' title='bbox 1254 1528 1303 1554; x_wconf 89' lang='lat' dir='ltr'>ac</span> <span class='ocrx_word' id='word_1_207' title='bbox 1325 1513 1456 1553; x_wconf 90' lang='lat' dir='ltr'>robur</span> <span class='ocrx_word' id='word_1_208' title='bbox 1479 1512 1584 1553; x_wconf 91' lang='lat' dir='ltr'>edu-</span> 
     </span>
     <span class='ocr_line' id='line_1_26' title="bbox 139 1568 1585 1626; baseline 0.001 -16"><span class='ocrx_word' id='word_1_209' title='bbox 139 1569 240 1611; x_wconf 90' lang='lat' dir='ltr'>cite.</span> <span class='ocrx_word' id='word_1_210' title='bbox 299 1568 401 1611; x_wconf 85' lang='lat' dir='ltr'>Jam</span> <span class='ocrx_word' id='word_1_211' title='bbox 425 1584 524 1611; x_wconf 89' lang='lat' dir='ltr'>vero</span> <span class='ocrx_word' id='word_1_212' title='bbox 555 1573 596 1605; x_wconf 85' lang='lat'>39</span> <span class='ocrx_word' id='word_1_213' title='bbox 609 1571 735 1611; x_wconf 88' lang='lat' dir='ltr'>urbes</span> <span class='ocrx_word' id='word_1_214' title='bbox 766 1570 1033 1611; x_wconf 88' lang='lat' dir='ltr'>coloniarum</span> <span class='ocrx_word' id='word_1_215' title='bbox 1066 1585 1116 1611; x_wconf 90' lang='lat' dir='ltr'>ac</span> <span class='ocrx_word' id='word_1_216' title='bbox 1148 1570 1486 1626; x_wconf 89' lang='lat' dir='ltr'>municipiorum</span> <span class='ocrx_word' id='word_1_217' title='bbox 1518 1584 1585 1611; x_wconf 85' lang='lat' dir='ltr'>re-</span> 
     </span>
     <span class='ocr_line' id='line_1_27' title="bbox 139 1626 1584 1683; baseline 0 -15"><span class='ocrx_word' id='word_1_218' title='bbox 139 1626 419 1683; x_wconf 86' lang='lat' dir='ltr'>spondebunt</span> <span class='ocrx_word' id='word_1_219' title='bbox 441 1627 643 1668; x_wconf 81' lang='lat' dir='ltr'>Catilinae</span> <span class='ocrx_word' id='word_1_220' title='bbox 665 1628 840 1669; x_wconf 89' lang='lat' dir='ltr'>tumulis</span> <span class='ocrx_word' id='word_1_221' title='bbox 871 1628 1152 1669; x_wconf 86' lang='lat' dir='ltr'>silvestribus.</span> <span class='ocrx_word' id='word_1_222' title='bbox 1214 1627 1368 1683; x_wconf 85' lang='lat' dir='ltr'>Neque</span> <span class='ocrx_word' id='word_1_223' title='bbox 1392 1642 1491 1668; x_wconf 91' lang='lat' dir='ltr'>vero</span> <span class='ocrx_word' id='word_1_224' title='bbox 1513 1642 1584 1668; x_wconf 91' lang='lat' dir='ltr'>ce-</span> 
     </span>
     <span class='ocr_line' id='line_1_28' title="bbox 139 1684 1583 1749; baseline 0.001 -24"><span class='ocrx_word' id='word_1_225' title='bbox 139 1693 251 1725; x_wconf 86' lang='lat' dir='ltr'>teras</span> <span class='ocrx_word' id='word_1_226' title='bbox 278 1699 442 1749; x_wconf 78' lang='lat' dir='ltr'>copias,</span> <span class='ocrx_word' id='word_1_227' title='bbox 463 1696 730 1735; x_wconf 86' lang='lat' dir='ltr'>ornamenta,</span> <span class='ocrx_word' id='word_1_228' title='bbox 761 1685 963 1742; x_wconf 79' lang='lat' dir='ltr'>p1aesidia</span> <span class='ocrx_word' id='word_1_229' title='bbox 998 1694 1153 1737; x_wconf 82' lang='lat' dir='ltr'>vestra,</span> <span class='ocrx_word' id='word_1_230' title='bbox 1182 1699 1281 1727; x_wconf 92' lang='lat' dir='ltr'>cum</span> <span class='ocrx_word' id='word_1_231' title='bbox 1317 1684 1430 1726; x_wconf 90' lang='lat' dir='ltr'>illius</span> <span class='ocrx_word' id='word_1_232' title='bbox 1452 1684 1583 1726; x_wconf 88' lang='lat' dir='ltr'>latro-</span> 
     </span>
     <span class='ocr_line' id='line_1_29' title="bbox 138 1742 1644 1806; baseline 0.001 -24"><span class='ocrx_word' id='word_1_233' title='bbox 138 1742 206 1782; x_wconf 91' lang='lat' dir='ltr'>nis</span> <span class='ocrx_word' id='word_1_234' title='bbox 229 1742 377 1798; x_wconf 88' lang='lat' dir='ltr'>inopia</span> <span class='ocrx_word' id='word_1_235' title='bbox 398 1752 527 1798; x_wconf 89' lang='lat' dir='ltr'>atque</span> <span class='ocrx_word' id='word_1_236' title='bbox 557 1752 750 1806; x_wconf 81' lang='lat' dir='ltr'>egestate</span> <span class='ocrx_word' id='word_1_237' title='bbox 779 1742 975 1784; x_wconf 87' lang='lat' dir='ltr'>conferre</span> <span class='ocrx_word' id='word_1_238' title='bbox 1005 1743 1158 1784; x_wconf 90' lang='lat' dir='ltr'>debeo.</span> <span class='ocrx_word' id='word_1_239' title='bbox 1218 1742 1318 1793; x_wconf 89' lang='lat' dir='ltr'>Sed,</span> <span class='ocrx_word' id='word_1_240' title='bbox 1341 1743 1391 1794; x_wconf 88' lang='lat' dir='ltr'>si,</span> <span class='ocrx_word' id='word_1_241' title='bbox 1413 1743 1644 1784; x_wconf 68' lang='lat' dir='ltr'>omissis‘zs</span> 
     </span>
     <span class='ocr_line' id='line_1_30' title="bbox 139 1798 1585 1856; baseline 0.001 -17"><span class='ocrx_word' id='word_1_242' title='bbox 139 1798 207 1839; x_wconf 88' lang='lat' dir='ltr'>his</span> <span class='ocrx_word' id='word_1_243' title='bbox 231 1800 358 1840; x_wconf 91' lang='lat' dir='ltr'>rebus</span> <span class='ocrx_word' id='word_1_244' title='bbox 381 1800 597 1850; x_wconf 90' lang='lat' dir='ltr'>omnibus,</span> <span class='ocrx_word' id='word_1_245' title='bbox 620 1800 776 1856; x_wconf 89' lang='lat' dir='ltr'>quibus</span> <span class='ocrx_word' id='word_1_246' title='bbox 807 1815 886 1841; x_wconf 89' lang='lat' dir='ltr'>nos</span> <span class='ocrx_word' id='word_1_247' title='bbox 909 1800 1249 1856; x_wconf 85' lang='lat' dir='ltr'>suppeditamus,</span> <span class='ocrx_word' id='word_1_248' title='bbox 1282 1810 1381 1856; x_wconf 84' lang='lat' dir='ltr'>eget</span> <span class='ocrx_word' id='word_1_249' title='bbox 1403 1800 1487 1851; x_wconf 88' lang='lat' dir='ltr'>ille,</span> <span class='ocrx_word' id='word_1_250' title='bbox 1520 1814 1585 1841; x_wconf 89' lang='lat' dir='ltr'>se-</span> 
     </span>
     <span class='ocr_line' id='line_1_31' title="bbox 140 1857 1587 1922; baseline 0.001 -25"><span class='ocrx_word' id='word_1_251' title='bbox 140 1865 261 1908; x_wconf 89' lang='lat' dir='ltr'>natu,</span> <span class='ocrx_word' id='word_1_252' title='bbox 296 1857 516 1911; x_wconf 88' lang='lat' dir='ltr'>equitibus</span> <span class='ocrx_word' id='word_1_253' title='bbox 549 1857 774 1909; x_wconf 85' lang='lat' dir='ltr'>Romanis,</span> <span class='ocrx_word' id='word_1_254' title='bbox 805 1857 982 1922; x_wconf 85' lang='lat' dir='ltr'>populo,</span> <span class='ocrx_word' id='word_1_255' title='bbox 1006 1859 1126 1909; x_wconf 90' lang='lat' dir='ltr'>urbe,</span> <span class='ocrx_word' id='word_1_256' title='bbox 1160 1857 1328 1908; x_wconf 86' lang='lat' dir='ltr'>aerario,</span> <span class='ocrx_word' id='word_1_257' title='bbox 1362 1857 1587 1915; x_wconf 83' lang='lat' dir='ltr'>vectigali-</span> 
     </span>
     <span class='ocr_line' id='line_1_32' title="bbox 142 1914 1588 1971; baseline 0.001 -17"><span class='ocrx_word' id='word_1_258' title='bbox 142 1915 236 1965; x_wconf 87' lang='lat' dir='ltr'>bus,</span> <span class='ocrx_word' id='word_1_259' title='bbox 265 1924 423 1956; x_wconf 88' lang='lat' dir='ltr'>cuncta</span> <span class='ocrx_word' id='word_1_260' title='bbox 453 1914 594 1966; x_wconf 83' lang='lat' dir='ltr'>Italia,</span> <span class='ocrx_word' id='word_1_261' title='bbox 626 1915 861 1971; x_wconf 87' lang='lat' dir='ltr'>provincns</span> <span class='ocrx_word' id='word_1_262' title='bbox 892 1915 1109 1966; x_wconf 89' lang='lat' dir='ltr'>omnibus,</span> <span class='ocrx_word' id='word_1_263' title='bbox 1132 1915 1291 1956; x_wconf 77' lang='lat' dir='ltr'>exteris</span> <span class='ocrx_word' id='word_1_264' title='bbox 1321 1916 1588 1966; x_wconf 90' lang='lat' dir='ltr'>nationibus,</span> 
     </span>
     <span class='ocr_line' id='line_1_33' title="bbox 139 1971 1587 2037; baseline 0.001 -25"><span class='ocrx_word' id='word_1_265' title='bbox 139 1974 181 2002; x_wconf 79' lang='lat'>40</span> <span class='ocrx_word' id='word_1_266' title='bbox 195 1971 245 2022; x_wconf 90' lang='lat' dir='ltr'>si,</span> <span class='ocrx_word' id='word_1_267' title='bbox 267 1971 334 2012; x_wconf 89' lang='lat' dir='ltr'>his</span> <span class='ocrx_word' id='word_1_268' title='bbox 365 1973 492 2014; x_wconf 85' lang='lat' dir='ltr'>rebus</span> <span class='ocrx_word' id='word_1_269' title='bbox 514 1973 850 2029; x_wconf 70' lang='lat' dir='ltr'>omisS1s‚1psas</span> <span class='ocrx_word' id='word_1_270' title='bbox 885 1988 1050 2037; x_wconf 85' lang='lat' dir='ltr'>causas,</span> <span class='ocrx_word' id='word_1_271' title='bbox 1083 1988 1181 2028; x_wconf 86' lang='lat' dir='ltr'>quae</span> <span class='ocrx_word' id='word_1_272' title='bbox 1213 1973 1324 2014; x_wconf 87' lang='lat' dir='ltr'>inter</span> <span class='ocrx_word' id='word_1_273' title='bbox 1360 1988 1403 2014; x_wconf 89' lang='lat' dir='ltr'>se</span> <span class='ocrx_word' id='word_1_274' title='bbox 1433 1973 1587 2014; x_wconf 87' lang='lat' dir='ltr'>confli-</span> 
     </span>
     <span class='ocr_line' id='line_1_34' title="bbox 143 2029 1587 2087; baseline 0.001 -17"><span class='ocrx_word' id='word_1_275' title='bbox 143 2038 267 2086; x_wconf 88' lang='lat' dir='ltr'>gunt,</span> <span class='ocrx_word' id='word_1_276' title='bbox 301 2030 561 2071; x_wconf 87' lang='lat' dir='ltr'>contendere</span> <span class='ocrx_word' id='word_1_277' title='bbox 593 2029 797 2072; x_wconf 79' lang='lat' dir='ltr'>velimus:</span> <span class='ocrx_word' id='word_1_278' title='bbox 831 2045 885 2071; x_wconf 86' lang='lat' dir='ltr'>ex</span> <span class='ocrx_word' id='word_1_279' title='bbox 916 2045 968 2071; x_wconf 92' lang='lat' dir='ltr'>eo</span> <span class='ocrx_word' id='word_1_280' title='bbox 1000 2031 1110 2087; x_wconf 87' lang='lat' dir='ltr'>ipso,</span> <span class='ocrx_word' id='word_1_281' title='bbox 1133 2045 1262 2086; x_wconf 89' lang='lat' dir='ltr'>quam</span> <span class='ocrx_word' id='word_1_282' title='bbox 1294 2030 1416 2071; x_wconf 86' lang='lat' dir='ltr'>valde</span> <span class='ocrx_word' id='word_1_283' title='bbox 1438 2030 1587 2086; x_wconf 77' lang='lat' dir='ltr'>1ll1Ja-</span> 
     </span>
     <span class='ocr_line' id='line_1_35' title="bbox 143 2086 1587 2145; baseline 0.001 -18"><span class='ocrx_word' id='word_1_284' title='bbox 143 2097 284 2138; x_wconf 81' lang='lat' dir='ltr'>ceant,</span> <span class='ocrx_word' id='word_1_285' title='bbox 307 2086 546 2144; x_wconf 85' lang='lat' dir='ltr'>intelligere</span> <span class='ocrx_word' id='word_1_286' title='bbox 570 2102 811 2143; x_wconf 88' lang='lat' dir='ltr'>possumus.</span> <span class='ocrx_word' id='word_1_287' title='bbox 872 2087 940 2129; x_wconf 82' lang='lat' dir='ltr'>Ex</span> <span class='ocrx_word' id='word_1_288' title='bbox 963 2088 1045 2128; x_wconf 89' lang='lat' dir='ltr'>hac</span> <span class='ocrx_word' id='word_1_289' title='bbox 1063 2088 1181 2130; x_wconf 88' lang='lat' dir='ltr'>enim</span> <span class='ocrx_word' id='word_1_290' title='bbox 1204 2099 1326 2144; x_wconf 88' lang='lat' dir='ltr'>parte</span> <span class='ocrx_word' id='word_1_291' title='bbox 1348 2088 1488 2145; x_wconf 85' lang='lat' dir='ltr'>pudor</span> <span class='ocrx_word' id='word_1_292' title='bbox 1509 2103 1587 2144; x_wconf 90' lang='lat' dir='ltr'>pu-</span> 
     </span>
     <span class='ocr_line' id='line_1_36' title="bbox 143 2121 1584 2210; baseline 0.001 -26"><span class='ocrx_word' id='word_1_293' title='bbox 143 2153 262 2200; x_wconf 87' lang='lat' dir='ltr'>gnat,</span> <span class='ocrx_word' id='word_1_294' title='bbox 306 2143 423 2186; x_wconf 83' lang='lat' dir='ltr'>illinc</span> <span class='ocrx_word' id='word_1_295' title='bbox 447 2121 721 2210; x_wconf 51' lang='lat' dir='ltr'>opetulantia:</span> <span class='ocrx_word' id='word_1_296' title='bbox 774 2145 877 2187; x_wconf 90' lang='lat' dir='ltr'>hinc</span> <span class='ocrx_word' id='word_1_297' title='bbox 926 2145 1153 2210; x_wconf 82' lang='lat' dir='ltr'>pudicitia,</span> <span class='ocrx_word' id='word_1_298' title='bbox 1197 2145 1313 2186; x_wconf 89' lang='lat' dir='ltr'>illinc</span> <span class='ocrx_word' id='word_1_299' title='bbox 1359 2156 1584 2202; x_wconf 84' lang='lat' dir='ltr'>stupru:m</span> 
     </span>
     <span class='ocr_line' id='line_1_37' title="bbox 142 2201 1586 2259; baseline 0 -16"><span class='ocrx_word' id='word_1_300' title='bbox 142 2201 245 2244; x_wconf 89' lang='lat' dir='ltr'>hinc</span> <span class='ocrx_word' id='word_1_301' title='bbox 263 2202 381 2253; x_wconf 84' lang='lat' dir='ltr'>fides,</span> <span class='ocrx_word' id='word_1_302' title='bbox 397 2202 513 2244; x_wconf 90' lang='lat' dir='ltr'>illinc</span> <span class='ocrx_word' id='word_1_303' title='bbox 532 2201 770 2246; x_wconf 75' lang='lat' dir='ltr'>fraudatio:</span> <span class='ocrx_word' id='word_1_304' title='bbox 803 2203 906 2244; x_wconf 88' lang='lat' dir='ltr'>hinc</span> <span class='ocrx_word' id='word_1_305' title='bbox 925 2204 1077 2259; x_wconf 74' lang='lat' dir='ltr'>pietaS,</span> <span class='ocrx_word' id='word_1_306' title='bbox 1095 2203 1212 2244; x_wconf 86' lang='lat' dir='ltr'>illinc</span> <span class='ocrx_word' id='word_1_307' title='bbox 1236 2202 1396 2245; x_wconf 89' lang='lat' dir='ltr'>scelus:</span> <span class='ocrx_word' id='word_1_308' title='bbox 1429 2206 1466 2233; x_wconf 77' lang='lat'>41</span> <span class='ocrx_word' id='word_1_309' title='bbox 1483 2203 1586 2244; x_wconf 87' lang='lat' dir='ltr'>hinc</span> 
     </span>
    </p>
   </div>
   <div class='ocr_carea' id='block_1_3' title="bbox 142 2369 842 2451">
    <p class='ocr_par' dir='ltr' id='par_1_5' title="bbox 142 2369 842 2451">
     <span class='ocr_line' id='line_1_38' title="bbox 182 2369 842 2409; baseline -0.002 -9"><span class='ocrx_word' id='word_1_310' title='bbox 182 2372 218 2403; x_wconf 78' lang='lat'>37</span> <span class='ocrx_word' id='word_1_311' title='bbox 245 2374 305 2400; x_wconf 77' lang='lat' dir='ltr'>aut</span> <span class='ocrx_word' id='word_1_312' title='bbox 320 2370 395 2399; x_wconf 81' lang='lat' dir='ltr'>bene</span> <span class='ocrx_word' id='word_1_313' title='bbox 408 2369 570 2409; x_wconf 81' lang='lat' dir='ltr'>barbatos]</span> <span class='ocrx_word' id='word_1_314' title='bbox 597 2369 649 2400; x_wconf 87' lang='lat' dir='ltr'>De</span> <span class='ocrx_word' id='word_1_315' title='bbox 664 2369 842 2407; x_wconf 76' lang='lat' dir='ltr'>juvenibus</span> 
     </span>
     <span class='ocr_line' id='line_1_39' title="bbox 142 2411 841 2451; baseline 0 -9"><span class='ocrx_word' id='word_1_316' title='bbox 142 2411 264 2442; x_wconf 87' lang='lat' dir='ltr'>dicitur</span> <span class='ocrx_word' id='word_1_317' title='bbox 278 2412 508 2448; x_wconf 79' lang='lat' dir='ltr'>adultioribus,</span> <span class='ocrx_word' id='word_1_318' title='bbox 531 2412 585 2451; x_wconf 89' lang='lat' dir='ltr'>qui</span> <span class='ocrx_word' id='word_1_319' title='bbox 612 2413 770 2451; x_wconf 87' lang='lat' dir='ltr'>majorem</span> <span class='ocrx_word' id='word_1_320' title='bbox 795 2412 841 2442; x_wconf 90' lang='lat' dir='ltr'>la-</span> 
     </span>
    </p>
   </div>
   <div class='ocr_carea' id='block_1_4' title="bbox 928 2370 1587 2411">
    <p class='ocr_par' dir='ltr' id='par_1_6' title="bbox 928 2370 1587 2411">
     <span class='ocr_line' id='line_1_40' title="bbox 928 2370 1587 2411; baseline 0.003 -12"><span class='ocrx_word' id='word_1_321' title='bbox 928 2372 968 2404; x_wconf 82' lang='lat'>39</span> <span class='ocrx_word' id='word_1_322' title='bbox 991 2370 1086 2400; x_wconf 81' lang='lat' dir='ltr'>urbes</span> <span class='ocrx_word' id='word_1_323' title='bbox 1113 2370 1329 2409; x_wconf 73' lang='lat' dir='ltr'>coloniarum]</span> <span class='ocrx_word' id='word_1_324' title='bbox 1363 2370 1465 2401; x_wconf 82' lang='lat' dir='ltr'>Urbes</span> <span class='ocrx_word' id='word_1_325' title='bbox 1486 2381 1587 2411; x_wconf 76' lang='lat' dir='ltr'>oppo-</span> 
     </span>
    </p>
   </div>
   <div class='ocr_carea' id='block_1_5' title="bbox 140 2454 845 2875">
    <p class='ocr_par' dir='ltr' id='par_1_7' title="bbox 140 2454 844 2746">
     <span class='ocr_line' id='line_1_41' title="bbox 145 2454 841 2494; baseline 0 -10"><span class='ocrx_word' id='word_1_326' title='bbox 145 2454 302 2494; x_wconf 73' lang='lat' dir='ltr'>nuginem</span> <span class='ocrx_word' id='word_1_327' title='bbox 318 2454 454 2491; x_wconf 76' lang='lat' dir='ltr'>habent,</span> <span class='ocrx_word' id='word_1_328' title='bbox 471 2454 608 2484; x_wconf 85' lang='lat' dir='ltr'>necdum</span> <span class='ocrx_word' id='word_1_329' title='bbox 631 2454 766 2484; x_wconf 85' lang='lat' dir='ltr'>barbam</span> <span class='ocrx_word' id='word_1_330' title='bbox 783 2464 841 2494; x_wconf 88' lang='lat' dir='ltr'>po-</span> 
     </span>
     <span class='ocr_line' id='line_1_42' title="bbox 140 2498 841 2537; baseline 0 -10"><span class='ocrx_word' id='word_1_331' title='bbox 140 2501 291 2533; x_wconf 81' lang='lat' dir='ltr'>suerunt,</span> <span class='ocrx_word' id='word_1_332' title='bbox 327 2498 444 2536; x_wconf 85' lang='lat' dir='ltr'>quihus</span> <span class='ocrx_word' id='word_1_333' title='bbox 480 2503 696 2537; x_wconf 81' lang='lat' dir='ltr'>opponuntur</span> <span class='ocrx_word' id='word_1_334' title='bbox 731 2498 841 2527; x_wconf 86' lang='lat' dir='ltr'>minus</span> 
     </span>
     <span class='ocr_line' id='line_1_43' title="bbox 142 2538 842 2578; baseline 0 -9"><span class='ocrx_word' id='word_1_335' title='bbox 142 2539 259 2574; x_wconf 83' lang='lat' dir='ltr'>adulti,</span> <span class='ocrx_word' id='word_1_336' title='bbox 287 2540 341 2578; x_wconf 90' lang='lat' dir='ltr'>qui</span> <span class='ocrx_word' id='word_1_337' title='bbox 367 2539 475 2570; x_wconf 85' lang='lat' dir='ltr'>adhue</span> <span class='ocrx_word' id='word_1_338' title='bbox 499 2540 627 2569; x_wconf 81' lang='lat' dir='ltr'>brevem</span> <span class='ocrx_word' id='word_1_339' title='bbox 650 2538 842 2578; x_wconf 76' lang='lat' dir='ltr'>lanuginem</span> 
     </span>
     <span class='ocr_line' id='line_1_44' title="bbox 143 2579 843 2621; baseline -0.001 -9"><span class='ocrx_word' id='word_1_340' title='bbox 143 2581 279 2617; x_wconf 79' lang='lat' dir='ltr'>habent,</span> <span class='ocrx_word' id='word_1_341' title='bbox 296 2592 375 2621; x_wconf 89' lang='lat' dir='ltr'>quos</span> <span class='ocrx_word' id='word_1_342' title='bbox 390 2583 430 2612; x_wconf 84' lang='lat' dir='ltr'>ad</span> <span class='ocrx_word' id='word_1_343' title='bbox 444 2582 547 2612; x_wconf 79' lang='lat' dir='ltr'>Attio.</span> <span class='ocrx_word' id='word_1_344' title='bbox 571 2581 598 2617; x_wconf 89' lang='lat' dir='ltr'>l,</span> <span class='ocrx_word' id='word_1_345' title='bbox 617 2583 664 2611; x_wconf 72' lang='lat'>14.</span> <span class='ocrx_word' id='word_1_346' title='bbox 689 2579 843 2612; x_wconf 70' lang='lat' dir='ltr'>barbatia—</span> 
     </span>
     <span class='ocr_line' id='line_1_45' title="bbox 143 2623 844 2664; baseline 0 -10"><span class='ocrx_word' id='word_1_347' title='bbox 143 2626 189 2654; x_wconf 78' lang='lat' dir='ltr'>las</span> <span class='ocrx_word' id='word_1_348' title='bbox 217 2629 326 2660; x_wconf 78' lang='lat' dir='ltr'>vocat,</span> <span class='ocrx_word' id='word_1_349' title='bbox 354 2624 406 2655; x_wconf 89' lang='lat' dir='ltr'>hic</span> <span class='ocrx_word' id='word_1_350' title='bbox 433 2624 597 2654; x_wconf 76' lang='lat' dir='ltr'>imberbes.</span> <span class='ocrx_word' id='word_1_351' title='bbox 642 2623 732 2654; x_wconf 80' lang='lat' dir='ltr'>Male</span> <span class='ocrx_word' id='word_1_352' title='bbox 751 2634 844 2664; x_wconf 71' lang='lat' dir='ltr'>pmce</span> 
     </span>
     <span class='ocr_line' id='line_1_46' title="bbox 143 2666 844 2706; baseline 0 -9"><span class='ocrx_word' id='word_1_353' title='bbox 143 2666 293 2697; x_wconf 76' lang='lat' dir='ltr'>barbatos</span> <span class='ocrx_word' id='word_1_354' title='bbox 315 2667 488 2698; x_wconf 84' lang='lat' dir='ltr'>Manutius</span> <span class='ocrx_word' id='word_1_355' title='bbox 512 2666 659 2706; x_wconf 81' lang='lat' dir='ltr'>corrigit,</span> <span class='ocrx_word' id='word_1_356' title='bbox 684 2666 844 2706; x_wconf 89' lang='lat' dir='ltr'>probante</span> 
     </span>
     <span class='ocr_line' id='line_1_47' title="bbox 143 2709 284 2746; baseline 0 -8"><span class='ocrx_word' id='word_1_357' title='bbox 143 2709 284 2746; x_wconf 67' lang='lat' dir='ltr'>Graevio.</span> 
     </span>
    </p>

    <p class='ocr_par' dir='ltr' id='par_1_8' title="bbox 143 2750 845 2874">
     <span class='ocr_line' id='line_1_48' title="bbox 186 2750 845 2791; baseline 0.003 -10"><span class='ocrx_word' id='word_1_358' title='bbox 186 2753 226 2781; x_wconf 82' lang='lat'>38</span> <span class='ocrx_word' id='word_1_359' title='bbox 260 2755 440 2781; x_wconf 81' lang='lat' dir='ltr'>scortorum</span> <span class='ocrx_word' id='word_1_360' title='bbox 476 2750 559 2791; x_wconf 53' lang='lat' dir='ltr'>colu]</span> <span class='ocrx_word' id='word_1_361' title='bbox 619 2751 706 2781; x_wconf 87' lang='lat' dir='ltr'>Sunt</span> <span class='ocrx_word' id='word_1_362' title='bbox 736 2755 845 2783; x_wconf 83' lang='lat' dir='ltr'>scorta</span> 
     </span>
     <span class='ocr_line' id='line_1_49' title="bbox 143 2792 844 2833; baseline 0.001 -9"><span class='ocrx_word' id='word_1_363' title='bbox 143 2793 338 2828; x_wconf 83' lang='lat' dir='ltr'>masculina,</span> <span class='ocrx_word' id='word_1_364' title='bbox 354 2794 488 2833; x_wconf 86' lang='lat' dir='ltr'>pathici.</span> <span class='ocrx_word' id='word_1_365' title='bbox 512 2792 601 2824; x_wconf 41' lang='lat' dir='ltr'>&amp;lale</span> <span class='ocrx_word' id='word_1_366' title='bbox 613 2792 844 2832; x_wconf 80' lang='lat' dir='ltr'>quidamscor-</span> 
     </span>
     <span class='ocr_line' id='line_1_50' title="bbox 143 2835 693 2875; baseline 0.002 -9"><span class='ocrx_word' id='word_1_367' title='bbox 143 2840 302 2875; x_wconf 81' lang='lat' dir='ltr'>tutorum,</span> <span class='ocrx_word' id='word_1_368' title='bbox 318 2841 354 2866; x_wconf 90' lang='lat' dir='ltr'>ut</span> <span class='ocrx_word' id='word_1_369' title='bbox 369 2835 440 2867; x_wconf 89' lang='lat' dir='ltr'>edd.</span> <span class='ocrx_word' id='word_1_370' title='bbox 455 2837 509 2867; x_wconf 67' lang='grc' dir='ltr'>ΒΓ.</span> <span class='ocrx_word' id='word_1_371' title='bbox 527 2835 617 2867; x_wconf 83' lang='lat' dir='ltr'>Med.</span> <span class='ocrx_word' id='word_1_372' title='bbox 634 2836 693 2868; x_wconf 69' lang='grc' dir='ltr'>ἃς.</span> 
     </span>
    </p>
   </div>
   <div class='ocr_carea' id='block_1_6' title="bbox 884 2412 1588 2826">
    <p class='ocr_par' dir='ltr' id='par_1_9' title="bbox 884 2412 1588 2494">
     <span class='ocr_line' id='line_1_51' title="bbox 886 2412 1588 2453; baseline 0.006 -12"><span class='ocrx_word' id='word_1_373' title='bbox 886 2418 1012 2442; x_wconf 82' lang='lat' dir='ltr'>nuntur</span> <span class='ocrx_word' id='word_1_374' title='bbox 1025 2414 1172 2442; x_wconf 76' lang='lat' dir='ltr'>tumulis.</span> <span class='ocrx_word' id='word_1_375' title='bbox 1218 2412 1325 2453; x_wconf 83' lang='lat' dir='ltr'>Igitur</span> <span class='ocrx_word' id='word_1_376' title='bbox 1338 2414 1462 2444; x_wconf 80' lang='lat' dir='ltr'>frustra</span> <span class='ocrx_word' id='word_1_377' title='bbox 1476 2414 1588 2445; x_wconf 83' lang='lat' dir='ltr'>Mure—</span> 
     </span>
     <span class='ocr_line' id='line_1_52' title="bbox 884 2455 1194 2494; baseline 0.003 -10"><span class='ocrx_word' id='word_1_378' title='bbox 884 2459 939 2484; x_wconf 88' lang='lat' dir='ltr'>tus</span> <span class='ocrx_word' id='word_1_379' title='bbox 954 2455 1090 2494; x_wconf 83' lang='lat' dir='ltr'>corrigit</span> <span class='ocrx_word' id='word_1_380' title='bbox 1103 2455 1194 2485; x_wconf 71' lang='lat' dir='ltr'>viris.</span> 
     </span>
    </p>

    <p class='ocr_par' dir='ltr' id='par_1_10' title="bbox 885 2496 1588 2653">
     <span class='ocr_line' id='line_1_53' title="bbox 926 2496 1588 2537; baseline 0.002 -10"><span class='ocrx_word' id='word_1_381' title='bbox 926 2499 968 2527; x_wconf 79' lang='lat'>40</span> <span class='ocrx_word' id='word_1_382' title='bbox 989 2498 1030 2534; x_wconf 78' lang='lat' dir='ltr'>si,</span> <span class='ocrx_word' id='word_1_383' title='bbox 1058 2498 1207 2537; x_wconf 76' lang='lat' dir='ltr'>inquam,</span> <span class='ocrx_word' id='word_1_384' title='bbox 1232 2497 1281 2527; x_wconf 79' lang='lat' dir='ltr'>his</span> <span class='ocrx_word' id='word_1_385' title='bbox 1305 2507 1334 2527; x_wconf 85' lang='lat' dir='ltr'>r.</span> <span class='ocrx_word' id='word_1_386' title='bbox 1363 2496 1405 2537; x_wconf 88' lang='lat' dir='ltr'>o.]</span> <span class='ocrx_word' id='word_1_387' title='bbox 1444 2498 1588 2537; x_wconf 83' lang='lat' dir='ltr'>Inquam</span> 
     </span>
     <span class='ocr_line' id='line_1_54' title="bbox 885 2538 1586 2579; baseline 0.006 -12"><span class='ocrx_word' id='word_1_388' title='bbox 885 2538 1002 2577; x_wconf 80' lang='lat' dir='ltr'>delevi,</span> <span class='ocrx_word' id='word_1_389' title='bbox 1015 2540 1102 2578; x_wconf 86' lang='lat' dir='ltr'>quod</span> <span class='ocrx_word' id='word_1_390' title='bbox 1117 2540 1156 2569; x_wconf 90' lang='lat' dir='ltr'>ab</span> <span class='ocrx_word' id='word_1_391' title='bbox 1170 2540 1322 2570; x_wconf 88' lang='lat' dir='ltr'>omnibus</span> <span class='ocrx_word' id='word_1_392' title='bbox 1334 2540 1406 2570; x_wconf 88' lang='lat' dir='ltr'>edd.</span> <span class='ocrx_word' id='word_1_393' title='bbox 1419 2550 1469 2579; x_wconf 85' lang='lat' dir='ltr'>pr.</span> <span class='ocrx_word' id='word_1_394' title='bbox 1483 2541 1586 2571; x_wconf 85' lang='lat' dir='ltr'>abest.</span> 
     </span>
     <span class='ocr_line' id='line_1_55' title="bbox 886 2581 1588 2623; baseline 0.003 -12"><span class='ocrx_word' id='word_1_395' title='bbox 886 2581 939 2611; x_wconf 88' lang='lat' dir='ltr'>Ita</span> <span class='ocrx_word' id='word_1_396' title='bbox 959 2587 993 2612; x_wconf 87' lang='lat' dir='ltr'>et</span> <span class='ocrx_word' id='word_1_397' title='bbox 1015 2582 1094 2612; x_wconf 85' lang='lat' dir='ltr'>feeit</span> <span class='ocrx_word' id='word_1_398' title='bbox 1115 2581 1197 2613; x_wconf 85' lang='lat' dir='ltr'>olim</span> <span class='ocrx_word' id='word_1_399' title='bbox 1218 2582 1306 2613; x_wconf 82' lang='lat' dir='ltr'>Vict.</span> <span class='ocrx_word' id='word_1_400' title='bbox 1327 2587 1362 2613; x_wconf 88' lang='lat' dir='ltr'>et</span> <span class='ocrx_word' id='word_1_401' title='bbox 1377 2592 1482 2623; x_wconf 87' lang='lat' dir='ltr'>nuper</span> <span class='ocrx_word' id='word_1_402' title='bbox 1496 2583 1588 2613; x_wconf 89' lang='lat' dir='ltr'>Grae-</span> 
     </span>
     <span class='ocr_line' id='line_1_56' title="bbox 886 2633 966 2653; baseline 0 0"><span class='ocrx_word' id='word_1_403' title='bbox 886 2633 966 2653; x_wconf 80' lang='lat' dir='ltr'>vnis.</span> 
     </span>
    </p>

    <p class='ocr_par' dir='ltr' id='par_1_11' title="bbox 886 2666 1588 2826">
     <span class='ocr_line' id='line_1_57' title="bbox 928 2666 1586 2706; baseline -0.002 -9"><span class='ocrx_word' id='word_1_404' title='bbox 928 2669 966 2697; x_wconf 88' lang='lat'>41</span> <span class='ocrx_word' id='word_1_405' title='bbox 992 2667 1068 2696; x_wconf 78' lang='grc' dir='ltr'>1ιὶηο</span> <span class='ocrx_word' id='word_1_406' title='bbox 1082 2666 1278 2706; x_wconf 74' lang='lat' dir='ltr'>constantia]</span> <span class='ocrx_word' id='word_1_407' title='bbox 1306 2666 1367 2698; x_wconf 75' lang='lat' dir='ltr'>Est</span> <span class='ocrx_word' id='word_1_408' title='bbox 1389 2672 1480 2698; x_wconf 85' lang='lat' dir='ltr'>recta</span> <span class='ocrx_word' id='word_1_409' title='bbox 1501 2667 1586 2698; x_wconf 85' lang='lat' dir='ltr'>ratio</span> 
     </span>
     <span class='ocr_line' id='line_1_58' title="bbox 886 2708 1587 2749; baseline 0.003 -11"><span class='ocrx_word' id='word_1_410' title='bbox 886 2708 1020 2748; x_wconf 82' lang='lat' dir='ltr'>ejusque</span> <span class='ocrx_word' id='word_1_411' title='bbox 1042 2718 1132 2745; x_wconf 85' lang='grc' dir='ltr'>ιι5ιι5,</span> <span class='ocrx_word' id='word_1_412' title='bbox 1155 2709 1207 2738; x_wconf 90' lang='lat' dir='ltr'>cui</span> <span class='ocrx_word' id='word_1_413' title='bbox 1231 2710 1411 2749; x_wconf 83' lang='lat' dir='ltr'>opponitur</span> <span class='ocrx_word' id='word_1_414' title='bbox 1431 2710 1535 2746; x_wconf 82' lang='lat' dir='ltr'>furor,</span> <span class='ocrx_word' id='word_1_415' title='bbox 1552 2711 1587 2741; x_wconf 92' lang='lat' dir='ltr'>in</span> 
     </span>
     <span class='ocr_line' id='line_1_59' title="bbox 886 2750 1588 2793; baseline 0.006 -13"><span class='ocrx_word' id='word_1_416' title='bbox 886 2760 950 2789; x_wconf 84' lang='lat' dir='ltr'>quo</span> <span class='ocrx_word' id='word_1_417' title='bbox 966 2750 1115 2781; x_wconf 81' lang='lat' dir='ltr'>homines</span> <span class='ocrx_word' id='word_1_418' title='bbox 1129 2752 1217 2793; x_wconf 85' lang='lat' dir='ltr'>capti</span> <span class='ocrx_word' id='word_1_419' title='bbox 1231 2758 1343 2784; x_wconf 84' lang='lat' dir='ltr'>mente</span> <span class='ocrx_word' id='word_1_420' title='bbox 1355 2753 1416 2783; x_wconf 89' lang='lat' dir='ltr'>sibi</span> <span class='ocrx_word' id='word_1_421' title='bbox 1427 2762 1495 2784; x_wconf 85' lang='lat' dir='ltr'>non</span> <span class='ocrx_word' id='word_1_422' title='bbox 1509 2762 1588 2784; x_wconf 86' lang='lat' dir='ltr'>con-</span> 
     </span>
     <span class='ocr_line' id='line_1_60' title="bbox 886 2793 1142 2826; baseline 0.008 -2"><span class='ocrx_word' id='word_1_423' title='bbox 886 2799 991 2826; x_wconf 79' lang='lat' dir='ltr'>stant.</span> <span class='ocrx_word' id='word_1_424' title='bbox 1004 2805 1034 2824; x_wconf 85' lang='lat' dir='ltr'>v.</span> <span class='ocrx_word' id='word_1_425' title='bbox 1049 2793 1142 2826; x_wconf 75' lang='lat' dir='ltr'>clav.</span> 
     </span>
    </p>
   </div>
  </div>
 </body>
</html>
