1907 3231
414 111 490 150 DE
515 111 661 150 LEGE
686 107 808 149 AGR.
836 108 1056 148 CONTRA
1081 109 1329 149 RULLUM.
1519 113 1598 154 60¹7

151 232 236 275 que
257 216 514 274 Bithyniam
536 217 771 260 decemviri
796 215 1012 258 vendituri
1045 214 1162 256 sint?
1195 214 1314 262 Quid
1337 213 1569 271 Mitylenae
1585 216 1598 258 ?
1616 217 1684 272 16

152 291 251 331 quae
286 285 403 318 certe
437 283 608 326 vestrae,
654 273 865 326 Quirites,
895 272 997 314 belli
1026 271 1137 328 lege,
1176 287 1226 313 ac
1263 272 1459 314 victoriae
1485 273 1600 328 jure,

152 334 283 375 factae
306 342 427 376 sunt:
459 333 562 374 urbs
592 340 636 373 et
665 342 835 384 natura,
856 340 900 372 et
932 331 1032 382 situ,
1062 339 1107 371 et
1141 329 1434 385 descriptione
1465 331 1604 372 aedifi-

153 391 322 433 ciorum
354 400 398 432 et
432 389 772 447 pulchritudine,
811 390 856 430 in
886 388 1037 445 primis
1065 387 1246 429 nobilis:
1290 387 1383 442 agri
1414 387 1602 442 jucundi

151 457 197 490 et
218 448 405 502 fertiles:
436 462 595 504 nempe
616 448 769 489 eodem
791 447 935 504 capite
956 445 1112 488 inclusi
1135 445 1429 487 continentur.
1483 445 1603 492 Quid
1614 459 1664 493 41

151 505 434 557 Alexandria,
483 515 729 561 cunctaque
771 504 1022 562 AEgyptus?
1072 511 1122 545 ut
1159 502 1330 545 occulte
1372 501 1506 544 latet?
1556 512 1606 544 ut

151 563 379 613 recondita
415 566 508 606 est?
552 572 600 604 ut
636 563 787 604 furtim
819 572 912 604 tota
947 561 1202 603 decemviris
1236 560 1449 602 traditur?
1494 560 1606 606 Quis

151 621 270 662 enim
304 621 497 662 vestrum
530 620 615 663 hoc
648 621 840 677 ignorat,
870 620 957 661 dici
992 619 1097 660 illud
1130 626 1314 675 regnum
1345 626 1606 659 testamento

150 678 268 735 regis
289 677 544 730 Alexandri,
566 679 717 735 populi
742 678 931 719 Romani
954 692 1045 718 esse
1064 676 1255 718 factum?
1288 675 1378 718 Hic
1397 690 1480 732 ego
1502 690 1608 716 con-

152 736 219 778 sul
239 736 391 793 populi
414 736 605 778 Romani
626 751 714 777 non
732 736 864 777 modo
886 735 996 775 nihil
1011 734 1181 789 judico,
1203 733 1278 774 sed
1299 748 1369 784 ne,
1385 733 1489 789 quid
1511 747 1607 774 sen-

151 794 274 846 tiam,
298 794 474 849 quidem
496 793 684 850 profero.
706 807 867 848 magna
896 792 1013 832 enim
1034 791 1143 832 mihi
1178 806 1243 832 res
1274 806 1364 832 non
1400 791 1531 832 modo
1552 790 1607 832 ad

153 852 447 904 statuendum,
469 852 544 893 sed
572 851 705 892 etiam
737 851 791 892 ad
825 849 1059 890 dicendum
1083 848 1253 889 videtur
1283 862 1389 889 esse.
1450 848 1605 902 Video,
1617 852 1650 884 b.

152 910 228 966 qui
251 918 558 951 testamentum
581 908 746 950 factum
766 921 857 948 esse
875 906 1129 948 confirmet:
1162 905 1467 947 auctoritatem
1486 921 1607 948 sena-

151 976 224 1009 tus
246 977 417 1009 exstare
439 966 692 1008 hereditatis
722 965 853 1007 aditae
886 964 1041 1016 sentio,
1063 976 1172 1016 tum,
1205 963 1394 1018 quando,
1417 962 1608 1004 Alexan-

154 1025 234 1068 dro
254 1034 443 1076 mortue,
465 1025 631 1080 legatos
654 1022 817 1080 Tyrum
847 1023 1059 1074 misimus,
1082 1022 1155 1078 qui
1189 1023 1244 1063 ab
1270 1020 1343 1062 illo
1377 1021 1608 1077 pecuniam

153 1083 398 1140 depositam
439 1082 647 1123 56nostris
685 1089 1002 1138 recuperarent.
1063 1082 1101 1114 57
1115 1079 1229 1122 Haec
1269 1079 1319 1120 L.
1354 1078 1671 1136 Philippum42

155 1154 273 1198 saepe
305 1141 349 1181 in
383 1149 534 1181 senatu
567 1139 846 1182 confirmasse.
874 1138 1085 1180 memoria
1113 1146 1262 1179 teneo:
1294 1151 1409 1190 eum,
1440 1138 1516 1193 qui
1545 1152 1612 1179 re-

156 1213 292 1255 gnum
322 1198 427 1240 illud
457 1206 604 1239 teneat
635 1197 720 1239 hoc
751 1206 961 1253 tempore,
983 1211 1124 1251 neque
1152 1210 1324 1252 genere,
1355 1210 1497 1252 neque
1519 1195 1614 1236 ani-

154 1271 229 1298 mo
251 1256 374 1313 regio
405 1270 512 1308 esse,
536 1256 648 1298 inter
669 1270 819 1297 omnes
853 1254 942 1296 fere
964 1255 1091 1297 video
1124 1253 1372 1295 convenire.
1436 1253 1613 1296 Dicitur

156 1323 323 1365 contra,
356 1313 521 1355 nullum
549 1328 641 1355 esse
676 1322 1009 1355 testamentum:
1043 1327 1131 1353 non
1166 1321 1367 1368 oportere
1399 1310 1613 1368 populum

157 1371 409 1413 Romanum
430 1371 626 1413 omnium
643 1385 876 1427 regnorum
899 1378 1177 1427 appetentem
1201 1369 1361 1411 videri:
1394 1369 1612 1425 demigra-

155 1439 277 1472 turos
300 1430 343 1471 in
365 1429 438 1471 illa
463 1429 557 1471 loca
578 1439 748 1471 nostros
772 1428 985 1480 homines,
1010 1437 1187 1485 propter
1209 1442 1413 1483 agrorum
1436 1428 1610 1469 bonita-

158 1497 264 1540 tem,
287 1498 330 1529 et
351 1488 548 1529 omnium
569 1501 710 1528 rerum
733 1487 921 1543 copiam.
973 1485 1074 1527 Hac
1096 1494 1218 1527 tanta
1239 1486 1292 1526 de
1313 1499 1358 1526 re
1382 1485 1432 1526 P.
1455 1484 1608 1526 Rullus
1620 1494 1672 1529 43

157 1560 260 1587 cum
285 1545 438 1586 ceteris
471 1545 742 1596 decemviris,
775 1544 954 1601 collegis
987 1543 1089 1596 suis,
1112 1542 1359 1599 judicabit?
1389 1551 1434 1584 et
1459 1557 1612 1585 verum

152 1603 398 1659 judicabit?
428 1617 530 1645 nam
557 1611 790 1659 utrumque
821 1603 884 1644 ita
915 1615 1125 1658 magnum
1152 1611 1232 1653 est,
1255 1609 1304 1641 ut
1331 1600 1449 1642 nullo
1482 1601 1615 1642 modo

157 1676 299 1717 neque
332 1661 674 1713 concedendum,
697 1675 837 1717 neque
870 1659 1096 1701 ferendum
1127 1659 1197 1700 sit.
1259 1657 1391 1700 Volet
1422 1673 1515 1700 esse
1536 1673 1618 1715 po-

138 1720 347 1775 pularis?
377 1719 541 1775 populo
577 1718 778 1760 Romano
806 1717 1090 1774 adjudicabit.
1152 1716 1271 1773 Ergo
1304 1716 1417 1757 idem
1453 1731 1509 1758 ex
1538 1732 1616 1758 sua

157 1777 255 1833 lege
287 1776 446 1818 vendet
466 1775 792 1828 Alexandriam,
823 1775 983 1817 vendet
1003 1775 1276 1832 AEgyptum:
1309 1775 1428 1816 urbis
1460 1775 1612 1831 copio-

159 1835 358 1887 sissimae,
381 1834 856 1891 pulcherrimorumque
876 1848 1078 1891 agrorum
1096 1833 1253 1889 judeX‚
1276 1832 1452 1884 arbiter,
1470 1832 1612 1875 domi-

159 1907 257 1945 nus,
279 1907 356 1934 rex
378 1893 564 1948 denique
595 1892 912 1949 opulentissimi
936 1891 1059 1948 regni
1092 1890 1345 1947 reperietur.
1407 1891 1510 1932 Non
1541 1906 1613 1932 su-

158 1960 252 1993 met
268 1951 350 1992 sibi
369 1959 554 2002 tantum,
572 1965 660 1992 non
678 1952 882 2008 appetet?
906 1949 1143 2005 judicabit,
1164 1947 1478 1990 Alexandriam
1497 1949 1611 2006 regis

156 2023 266 2061 esse,
290 2024 315 2050 a
336 2008 498 2066 populo
532 2008 736 2050 Romano
762 2007 1050 2064 abjudicabit.
1112 2006 1310 2048 Primum
1338 2006 1490 2063 populi
1521 2006 1611 2048 Ro·
1628 1995 1696 2050 1⁴7

158 2067 278 2108 mani
299 2066 583 2108 hereditatem
605 2067 838 2108 decemviri
853 2065 1072 2121 judicent,
1093 2079 1194 2106 cum
1215 2079 1292 2106 vos
1316 2065 1537 2107 volueritis
1558 2065 1612 2106 de
1624 2068 1674 2102 44

160 2125 341 2181 privatis
379 2125 692 2166 hereditatibus
731 2123 1026 2167 centumviros
1056 2123 1280 2179 judicare?
1321 2123 1477 2165 deinde
1517 2123 1615 2180 quis

163 2192 267 2239 aget
287 2197 461 2225 causam
484 2182 635 2240 populi
658 2182 848 2224 Romani
867 2185 880 2225 ?
914 2182 989 2223 ubi
1011 2196 1077 2223 res
1100 2182 1184 2223 ista
1204 2184 1381 2237 agetur?
1418 2181 1492 2237 qui
1516 2192 1619 2223 sunt

161 2241 236 2282 isti
259 2241 508 2293 decemviri,
529 2255 638 2296 quos
653 2241 984 2298 perspiciamus,
1006 2254 1190 2296 regnum
1205 2238 1486 2281 Alexandriae
1510 2238 1618 2281 Pto-

162 2298 318 2341 lemaeo
341 2299 475 2356 gratis
497 2299 850 2354 adjudicaturos?
883 2297 1052 2345 Quodsi
1072 2297 1341 2338 Alexandria
1361 2298 1618 2354 petebatur3

162 2371 240 2399 cur
261 2372 347 2399 non
371 2357 545 2398 eosdem
565 2371 713 2398 cursus
728 2356 814 2398 hoc
833 2364 1044 2412 tempore,
1058 2370 1182 2411 quos,
1202 2355 1250 2397 L.
1271 2354 1419 2406 Cotta,
1441 2355 1491 2396 L.
1510 2354 1621 2397 Tor-

165 2424 300 2470 quato
333 2415 600 2467 consulibus,
630 2417 940 2456 cucurrerunt?
971 2429 1048 2456 cur
1079 2428 1168 2454 non
1197 2422 1359 2470 aperte,
1390 2422 1440 2454 ut
1468 2416 1620 2456 antea?

165 2487 244 2514 eur
264 2487 352 2514 non
376 2474 495 2524 item,
518 2482 567 2514 ut
588 2487 687 2514 cum
711 2473 886 2515 decreto
918 2480 963 2513 et
994 2471 1136 2528 palam
1159 2472 1383 2528 regionem
1405 2470 1522 2512 illam
1545 2485 1621 2527 pe·-

168 2530 359 2572 tierunt?
391 2535 429 2564 58
443 2545 513 2584 an,
547 2530 705 2587 quietis
733 2531 801 2584 iis,
822 2530 897 2588 qui
929 2544 1008 2587 per
1039 2544 1214 2571 cursum
1247 2538 1412 2571 rectum
1436 2544 1621 2586 regnum

210 2645 251 2677 56
272 2646 390 2676 nostris
405 2645 652 2686 recuperarent]
673 2646 808 2676 Nostris
821 2645 872 2676 ni-
914 2644 998 2675 nihil
1012 2644 1067 2675 hic
1088 2644 1293 2675 difficultatis
1310 2644 1415 2675 video.
1458 2642 1568 2674 Verba
1581 2644 1621 2674 de

165 2686 215 2718 hil
252 2694 314 2718 est.
358 2688 525 2727 Puteanus
552 2689 738 2728 corrigebat
770 2689 872 2725 uobis,
914 2687 1068 2728 Philippo
1087 2688 1259 2727 pertinent
1281 2687 1322 2718 ad
1340 2687 1523 2728 superiora,
1547 2696 1623 2726 quae

168 2730 257 2770 quod
288 2731 392 2765 edidit
423 2731 618 2765 Lambinus.
663 2732 722 2763 Nil
755 2731 874 2762 melius
917 2729 1041 2769 dejure
1062 2730 1291 2761 Romanorum
1315 2730 1404 2761 dicta
1426 2734 1521 2760 sunt:
1547 2729 1622 2759 reli-

167 2773 243 2805 seio.
915 2782 1018 2812 quum
1039 2773 1186 2813 pertinet
1209 2772 1249 2803 ad
1275 2773 1513 2813 indignitatem
1537 2772 1621 2811 regis

213 2819 252 2850 57
275 2815 359 2846 Hoec·
386 2815 429 2846 L.
445 2815 644 2857 Philippum
670 2815 744 2856 δια]
794 2815 873 2847 Ηεε-
915 2816 1008 2846 Alex.

168 2863 244 2889 rent
261 2857 295 2888 in
307 2857 370 2889 hoe
384 2858 457 2889 loco
471 2860 532 2890 viri
546 2861 653 2891 docti:
678 2864 777 2898 atque
788 2859 873 2889 Gru·
960 2860 998 2889 58
1023 2865 1081 2894 αη,
1113 2858 1230 2896 quietis
1255 2858 1307 2895 iis,
1336 2857 1406 2898 qui]
1442 2856 1463 2887 i.
1489 2865 1566 2886 eum
1599 2856 1621 2891 ij

167 2906 258 2933 terus
272 2900 326 2933 hic
340 2901 433 2934 uicus
447 2901 550 2935 latere
567 2903 764 2944 suspicatur.
801 2901 873 2941 Ego
918 2900 966 2932 nil
993 2910 1026 2931 se
1053 2900 1256 2940 perfecturos
1282 2907 1426 2942 sperent,
1457 2900 1512 2939 qui
1543 2906 1622 2929 ante
