<?xml version="1.0" encoding="UTF-8"?>
<!DOCTYPE html PUBLIC "-//W3C//DTD XHTML 1.0 Transitional//EN"
    "http://www.w3.org/TR/xhtml1/DTD/xhtml1-transitional.dtd">
<html xmlns="http://www.w3.org/1999/xhtml" xml:lang="en" lang="en">
 <head>
  <title>
</title>
<meta http-equiv="Content-Type" content="text/html;charset=utf-8" />
  <meta name='ocr-system' content='tesseract 3.04.00' />
  <meta name='ocr-capabilities' content='ocr_page ocr_carea ocr_par ocr_line ocrx_word'/>
</head>
<body>
  <div class='ocr_page' id='page_1' title='image "./p1operaomnia02ciceuoft_0664.png"; bbox 0 0 1907 3231; ppageno 0'>
   <div class='ocr_carea' id='block_1_1' title="bbox 370 141 1222 181">
    <p class='ocr_par' dir='ltr' id='par_1_1' title="bbox 370 141 1222 181">
     <span class='ocr_line' id='line_1_1' title="bbox 370 141 1222 181; baseline 0.007 -6"><span class='ocrx_word' id='word_1_1' title='bbox 370 141 448 176; x_wconf 79' lang='lat'>640</span> <span class='ocrx_word' id='word_1_2' title='bbox 978 143 1222 181; x_wconf 88' lang='lat' dir='ltr'>ORATIO</span> 
     </span>
    </p>
   </div>
   <div class='ocr_carea' id='block_1_2' title="bbox 281 242 1808 2068">
    <p class='ocr_par' dir='ltr' id='par_1_2' title="bbox 281 242 1808 2068">
     <span class='ocr_line' id='line_1_2' title="bbox 370 242 1808 302; baseline 0.003 -20"><span class='ocrx_word' id='word_1_3' title='bbox 370 242 562 285; x_wconf 68' lang='lat' dir='ltr'>den-:etur</span> <span class='ocrx_word' id='word_1_4' title='bbox 595 258 854 301; x_wconf 85' lang='lat' dir='ltr'>operamque</span> <span class='ocrx_word' id='word_1_5' title='bbox 886 245 1051 296; x_wconf 77' lang='lat' dir='ltr'>dai-,ent</span> <span class='ocrx_word' id='word_1_6' title='bbox 1074 254 1122 285; x_wconf 89' lang='lat' dir='ltr'>ut</span> <span class='ocrx_word' id='word_1_7' title='bbox 1160 245 1385 300; x_wconf 87' lang='lat' dir='ltr'>imperium</span> <span class='ocrx_word' id='word_1_8' title='bbox 1421 246 1570 302; x_wconf 91' lang='lat' dir='ltr'>populi</span> <span class='ocrx_word' id='word_1_9' title='bbox 1604 244 1808 298; x_wconf 73' lang='lat' dir='ltr'>Romani,</span> 
     </span>
     <span class='ocr_line' id='line_1_3' title="bbox 369 299 1807 366; baseline 0.005 -27"><span class='ocrx_word' id='word_1_10' title='bbox 369 300 658 363; x_wconf 86' lang='lat' dir='ltr'>majestasque</span> <span class='ocrx_word' id='word_1_11' title='bbox 679 312 1016 345; x_wconf 85' lang='lat' dir='ltr'>conse1·va1·.etur</span> <span class='ocrx_word' id='word_1_12' title='bbox 1075 301 1299 344; x_wconf 82' lang='lat' dir='ltr'>Adhibent</span> <span class='ocrx_word' id='word_1_13' title='bbox 1320 317 1469 343; x_wconf 86' lang='lat' dir='ltr'>omnes</span> <span class='ocrx_word' id='word_1_14' title='bbox 1501 303 1695 344; x_wconf 86' lang='lat' dir='ltr'>tribunos</span> <span class='ocrx_word' id='word_1_15' title='bbox 1714 299 1807 366; x_wconf 59' lang='lat' dir='ltr'>‘ple&#39;-</span> 
     </span>
     <span class='ocr_line' id='line_1_4' title="bbox 369 356 1801 424; baseline 0.003 -28"><span class='ocrx_word' id='word_1_16' title='bbox 369 356 436 397; x_wconf 85' lang='lat' dir='ltr'>bis</span> <span class='ocrx_word' id='word_1_17' title='bbox 474 369 630 413; x_wconf 86' lang='lat' dir='ltr'>praeter</span> <span class='ocrx_word' id='word_1_18' title='bbox 668 360 963 408; x_wconf 87' lang='lat' dir='ltr'>Saturninum,</span> <span class='ocrx_word' id='word_1_19' title='bbox 1004 367 1208 413; x_wconf 87' lang='lat' dir='ltr'>praetores</span> <span class='ocrx_word' id='word_1_20' title='bbox 1244 369 1400 415; x_wconf 85' lang='lat' dir='ltr'>praeter</span> <span class='ocrx_word' id='word_1_21' title='bbox 1436 359 1685 402; x_wconf 83' lang='lat' dir='ltr'>Glauciam:</span> <span class='ocrx_word' id='word_1_22' title='bbox 1728 373 1801 424; x_wconf 61' lang='lat' dir='ltr'>qui</span> 
     </span>
     <span class='ocr_line' id='line_1_5' title="bbox 368 414 1800 481; baseline 0.002 -27"><span class='ocrx_word' id='word_1_23' title='bbox 368 417 679 476; x_wconf 77' lang='lat' dir='ltr'>rempublicam</span> <span class='ocrx_word' id='word_1_24' title='bbox 713 418 870 458; x_wconf 69' lang='lat' dir='ltr'>salxam</span> <span class='ocrx_word' id='word_1_25' title='bbox 905 429 995 455; x_wconf 87' lang='lat' dir='ltr'>esse</span> <span class='ocrx_word' id='word_1_26' title='bbox 1030 414 1198 466; x_wconf 74' lang='lat' dir='ltr'>vellent,</span> <span class='ocrx_word' id='word_1_27' title='bbox 1232 431 1349 457; x_wconf 84' lang='lat' dir='ltr'>arma</span> <span class='ocrx_word' id='word_1_28' title='bbox 1369 431 1521 472; x_wconf 80' lang='lat' dir='ltr'>capere</span> <span class='ocrx_word' id='word_1_29' title='bbox 1543 426 1586 457; x_wconf 86' lang='lat' dir='ltr'>et</span> <span class='ocrx_word' id='word_1_30' title='bbox 1617 431 1659 457; x_wconf 87' lang='lat' dir='ltr'>se</span> <span class='ocrx_word' id='word_1_31' title='bbox 1681 416 1800 481; x_wconf 85' lang='lat' dir='ltr'>sequi</span> 
     </span>
     <span class='ocr_line' id='line_1_6' title="bbox 361 470 1799 528; baseline 0.003 -18"><span class='ocrx_word' id='word_1_32' title='bbox 361 470 534 526; x_wconf 87' lang='lat' dir='ltr'>jubent.</span> <span class='ocrx_word' id='word_1_33' title='bbox 595 473 753 514; x_wconf 78' lang='lat' dir='ltr'>Parent</span> <span class='ocrx_word' id='word_1_34' title='bbox 793 486 955 513; x_wconf 85' lang='lat' dir='ltr'>omnes.</span> <span class='ocrx_word' id='word_1_35' title='bbox 997 474 1100 512; x_wconf 75' lang='lat' dir='ltr'>3‘2ex</span> <span class='ocrx_word' id='word_1_36' title='bbox 1141 472 1334 513; x_wconf 83' lang='lat' dir='ltr'>aedificiis</span> <span class='ocrx_word' id='word_1_37' title='bbox 1375 471 1799 528; x_wconf 78' lang='lat' dir='ltr'>armamentariisque</span> 
     </span>
     <span class='ocr_line' id='line_1_7' title="bbox 369 527 1798 584; baseline 0.002 -15"><span class='ocrx_word' id='word_1_38' title='bbox 369 529 551 584; x_wconf 87' lang='lat' dir='ltr'>publicis</span> <span class='ocrx_word' id='word_1_39' title='bbox 586 545 703 571; x_wconf 81' lang='lat' dir='ltr'>arma</span> <span class='ocrx_word' id='word_1_40' title='bbox 734 528 894 584; x_wconf 91' lang='lat' dir='ltr'>populo</span> <span class='ocrx_word' id='word_1_41' title='bbox 920 527 1134 579; x_wconf 85' lang='lat' dir='ltr'>Romano,</span> <span class='ocrx_word' id='word_1_42' title='bbox 1166 527 1219 569; x_wconf 89' lang='lat' dir='ltr'>C.</span> <span class='ocrx_word' id='word_1_43' title='bbox 1253 527 1398 570; x_wconf 87' lang='lat' dir='ltr'>Mario</span> <span class='ocrx_word' id='word_1_44' title='bbox 1439 531 1613 572; x_wconf 83' lang='lat' dir='ltr'>consule</span> <span class='ocrx_word' id='word_1_45' title='bbox 1655 531 1798 572; x_wconf 84' lang='lat' dir='ltr'>distri-</span> 
     </span>
     <span class='ocr_line' id='line_1_8' title="bbox 321 585 1794 644; baseline 0.002 -18"><span class='ocrx_word' id='word_1_46' title='bbox 321 590 351 620; x_wconf 93' lang='lat' dir='ltr'>b</span> <span class='ocrx_word' id='word_1_47' title='bbox 370 586 539 638; x_wconf 78' lang='lat' dir='ltr'><strong>buente,</strong></span> <span class='ocrx_word' id='word_1_48' title='bbox 561 588 730 627; x_wconf 82' lang='lat' dir='ltr'>dantur.</span> <span class='ocrx_word' id='word_1_49' title='bbox 793 585 880 626; x_wconf 87' lang='lat' dir='ltr'>Hic</span> <span class='ocrx_word' id='word_1_50' title='bbox 906 585 1016 640; x_wconf 82' lang='lat' dir='ltr'>jam,</span> <span class='ocrx_word' id='word_1_51' title='bbox 1050 594 1098 625; x_wconf 91' lang='lat' dir='ltr'>ut</span> <span class='ocrx_word' id='word_1_52' title='bbox 1135 585 1333 627; x_wconf 86' lang='lat' dir='ltr'>omittam</span> <span class='ocrx_word' id='word_1_53' title='bbox 1365 596 1520 638; x_wconf 85' lang='lat' dir='ltr'>cetera,</span> <span class='ocrx_word' id='word_1_54' title='bbox 1541 589 1594 629; x_wconf 88' lang='lat' dir='ltr'>de</span> <span class='ocrx_word' id='word_1_55' title='bbox 1619 598 1658 628; x_wconf 89' lang='lat' dir='ltr'>te</span> <span class='ocrx_word' id='word_1_56' title='bbox 1684 587 1794 644; x_wconf 76' lang='lat' dir='ltr'>ipso,</span> 
     </span>
     <span class='ocr_line' id='line_1_9' title="bbox 365 641 1793 698; baseline 0.001 -15"><span class='ocrx_word' id='word_1_57' title='bbox 365 642 567 694; x_wconf 84' lang='lat' dir='ltr'>L·1biene‚</span> <span class='ocrx_word' id='word_1_58' title='bbox 590 657 758 697; x_wconf 77' lang='lat' dir='ltr'>quaerzo</span> <span class='ocrx_word' id='word_1_59' title='bbox 791 657 890 683; x_wconf 92' lang='lat' dir='ltr'>cum</span> <span class='ocrx_word' id='word_1_60' title='bbox 913 642 1168 685; x_wconf 76' lang='lat' dir='ltr'>Saturninus</span> <span class='ocrx_word' id='word_1_61' title='bbox 1186 641 1450 698; x_wconf 81' lang='lat' dir='ltr'>Capitolium</span> <span class='ocrx_word' id='word_1_62' title='bbox 1473 653 1636 686; x_wconf 76' lang='lat' dir='ltr'>teneret</span> <span class='ocrx_word' id='word_1_63' title='bbox 1655 653 1793 694; x_wconf 82' lang='lat' dir='ltr'>arma·</span> 
     </span>
     <span class='ocr_line' id='line_1_10' title="bbox 362 698 1791 767; baseline 0.003 -28"><span class='ocrx_word' id='word_1_64' title='bbox 362 708 445 750; x_wconf 90' lang='lat' dir='ltr'>tus,</span> <span class='ocrx_word' id='word_1_65' title='bbox 470 711 580 741; x_wconf 83' lang='lat' dir='ltr'>esset</span> <span class='ocrx_word' id='word_1_66' title='bbox 602 715 685 740; x_wconf 84' lang='lat' dir='ltr'>una</span> <span class='ocrx_word' id='word_1_67' title='bbox 709 699 760 740; x_wconf 91' lang='lat' dir='ltr'>C.</span> <span class='ocrx_word' id='word_1_68' title='bbox 777 699 974 750; x_wconf 81' lang='lat' dir='ltr'><strong>Glaucia,</strong></span> <span class='ocrx_word' id='word_1_69' title='bbox 999 698 1050 740; x_wconf 90' lang='lat' dir='ltr'>C.</span> <span class='ocrx_word' id='word_1_70' title='bbox 1069 698 1282 750; x_wconf 83' lang='lat' dir='ltr'>Saufeius,</span> <span class='ocrx_word' id='word_1_71' title='bbox 1304 699 1434 740; x_wconf 80' lang='lat' dir='ltr'>etiam</span> <span class='ocrx_word' id='word_1_72' title='bbox 1458 700 1526 741; x_wconf 93' lang='lat' dir='ltr'>ille</span> <span class='ocrx_word' id='word_1_73' title='bbox 1543 701 1596 753; x_wconf 79' lang='lat' dir='ltr'>ex</span> <span class='ocrx_word' id='word_1_74' title='bbox 1615 716 1791 767; x_wconf 82' lang='lat' dir='ltr'>compe-</span> 
     </span>
     <span class='ocr_line' id='line_1_11' title="bbox 359 751 1790 815; baseline 0.002 -18"><span class='ocrx_word' id='word_1_75' title='bbox 359 757 483 797; x_wconf 88' lang='lat' dir='ltr'>dibus</span> <span class='ocrx_word' id='word_1_76' title='bbox 506 768 633 812; x_wconf 87' lang='lat' dir='ltr'>atque</span> <span class='ocrx_word' id='word_1_77' title='bbox 655 756 870 812; x_wconf 82' lang='lat' dir='ltr'>ergastulo</span> <span class='ocrx_word' id='word_1_78' title='bbox 905 755 1153 798; x_wconf 83' lang='lat' dir='ltr'>Gracchus,</span> <span class='ocrx_word' id='word_1_79' title='bbox 1185 753 1339 797; x_wconf 84' lang='lat' dir='ltr'>addam</span> <span class='ocrx_word' id='word_1_80' title='bbox 1370 751 1592 815; x_wconf 82' lang='lat' dir='ltr'>(quoniam</span> <span class='ocrx_word' id='word_1_81' title='bbox 1625 759 1685 800; x_wconf 88' lang='lat' dir='ltr'>ita</span> <span class='ocrx_word' id='word_1_82' title='bbox 1705 759 1790 809; x_wconf 85' lang='lat' dir='ltr'>vis)</span> 
     </span>
     <span class='ocr_line' id='line_1_12' title="bbox 358 813 1789 871; baseline 0.002 -17"><span class='ocrx_word' id='word_1_83' title='bbox 358 814 509 854; x_wconf 89' lang='lat' dir='ltr'>eodem</span> <span class='ocrx_word' id='word_1_84' title='bbox 533 813 589 861; x_wconf 89' lang='lat' dir='ltr'>Q.</span> <span class='ocrx_word' id='word_1_85' title='bbox 614 814 867 864; x_wconf 81' lang='lat' dir='ltr'><strong>Labienum,</strong></span> <span class='ocrx_word' id='word_1_86' title='bbox 891 823 1087 870; x_wconf 85' lang='lat' dir='ltr'>patruum</span> <span class='ocrx_word' id='word_1_87' title='bbox 1108 822 1252 855; x_wconf 89' lang='lat' dir='ltr'>tuum:</span> <span class='ocrx_word' id='word_1_88' title='bbox 1283 813 1328 854; x_wconf 89' lang='lat' dir='ltr'>in</span> <span class='ocrx_word' id='word_1_89' title='bbox 1351 813 1601 855; x_wconf 87' lang='lat' dir='ltr'>foroautem</span> <span class='ocrx_word' id='word_1_90' title='bbox 1614 814 1674 871; x_wconf 87' lang='lat' dir='ltr'>C.</span> <span class='ocrx_word' id='word_1_91' title='bbox 1683 813 1789 871; x_wconf 78' lang='lat' dir='ltr'>Ma-</span> 
     </span>
     <span class='ocr_line' id='line_1_13' title="bbox 357 867 1786 945; baseline 0.003 -35"><span class='ocrx_word' id='word_1_92' title='bbox 357 870 458 921; x_wconf 79' lang='lat' dir='ltr'>iius,</span> <span class='ocrx_word' id='word_1_93' title='bbox 477 882 519 912; x_wconf 89' lang='lat' dir='ltr'>et</span> <span class='ocrx_word' id='word_1_94' title='bbox 542 871 590 912; x_wconf 92' lang='lat' dir='ltr'>L.</span> <span class='ocrx_word' id='word_1_95' title='bbox 615 871 807 912; x_wconf 85' lang='lat' dir='ltr'>Valerius</span> <span class='ocrx_word' id='word_1_96' title='bbox 833 870 1025 920; x_wconf 84' lang='lat' dir='ltr'>Flaccus,</span> <span class='ocrx_word' id='word_1_97' title='bbox 1047 869 1257 934; x_wconf 80' lang='lat' dir='ltr'>consules,</span> <span class='ocrx_word' id='word_1_98' title='bbox 1281 878 1378 927; x_wconf 90' lang='lat' dir='ltr'>post</span> <span class='ocrx_word' id='word_1_99' title='bbox 1398 883 1578 913; x_wconf 86' lang='lat' dir='ltr'>cunctus</span> <span class='ocrx_word' id='word_1_100' title='bbox 1601 867 1786 945; x_wconf 63' lang='lat' dir='ltr'>senatus,</span> 
     </span>
     <span class='ocr_line' id='line_1_14' title="bbox 355 928 1783 985; baseline 0.002 -18"><span class='ocrx_word' id='word_1_101' title='bbox 355 937 483 982; x_wconf 89' lang='lat' dir='ltr'>atque</span> <span class='ocrx_word' id='word_1_102' title='bbox 506 928 574 970; x_wconf 89' lang='lat' dir='ltr'>ille</span> <span class='ocrx_word' id='word_1_103' title='bbox 595 937 781 979; x_wconf 86' lang='lat' dir='ltr'>senatus,</span> <span class='ocrx_word' id='word_1_104' title='bbox 803 942 931 983; x_wconf 88' lang='lat' dir='ltr'>quem</span> <span class='ocrx_word' id='word_1_105' title='bbox 952 928 1083 968; x_wconf 85' lang='lat' dir='ltr'>etiam</span> <span class='ocrx_word' id='word_1_106' title='bbox 1106 942 1180 968; x_wconf 78' lang='lat' dir='ltr'>vos</span> <span class='ocrx_word' id='word_1_107' title='bbox 1203 928 1299 984; x_wconf 91' lang='lat' dir='ltr'>ipsi,</span> <span class='ocrx_word' id='word_1_108' title='bbox 1321 928 1393 983; x_wconf 89' lang='lat' dir='ltr'>qui</span> <span class='ocrx_word' id='word_1_109' title='bbox 1418 928 1495 970; x_wconf 87' lang='lat' dir='ltr'>hos</span> <span class='ocrx_word' id='word_1_110' title='bbox 1519 938 1658 985; x_wconf 84' lang='lat' dir='ltr'>patres</span> <span class='ocrx_word' id='word_1_111' title='bbox 1680 932 1783 980; x_wconf 78' lang='lat' dir='ltr'>con-¹</span> 
     </span>
     <span class='ocr_line' id='line_1_15' title="bbox 355 984 1789 1050; baseline 0.002 -26"><span class='ocrx_word' id='word_1_112' title='bbox 355 985 552 1041; x_wconf 72' lang='lat' dir='ltr'>scriptos,</span> <span class='ocrx_word' id='word_1_113' title='bbox 574 985 648 1040; x_wconf 92' lang='lat' dir='ltr'>qui</span> <span class='ocrx_word' id='word_1_114' title='bbox 680 1000 794 1026; x_wconf 90' lang='lat' dir='ltr'>nunc</span> <span class='ocrx_word' id='word_1_115' title='bbox 826 994 939 1036; x_wconf 87' lang='lat' dir='ltr'>sunt,</span> <span class='ocrx_word' id='word_1_116' title='bbox 974 984 1014 1024; x_wconf 88' lang='lat' dir='ltr'>in</span> <span class='ocrx_word' id='word_1_117' title='bbox 1047 985 1254 1025; x_wconf 79' lang='lat' dir='ltr'>invidiam</span> <span class='ocrx_word' id='word_1_118' title='bbox 1286 986 1464 1036; x_wconf 82' lang='lat' dir='ltr'>vocatis,</span> <span class='ocrx_word' id='word_1_119' title='bbox 1496 1001 1581 1050; x_wconf 80' lang='lat' dir='ltr'>quo</span> <span class='ocrx_word' id='word_1_120' title='bbox 1616 984 1789 1039; x_wconf 63' lang='lat' dir='ltr'>facilius</span> 
     </span>
     <span class='ocr_line' id='line_1_16' title="bbox 353 1041 1783 1096; baseline 0.002 -14"><span class='ocrx_word' id='word_1_121' title='bbox 353 1042 406 1082; x_wconf 95' lang='lat' dir='ltr'>de</span> <span class='ocrx_word' id='word_1_122' title='bbox 429 1043 511 1084; x_wconf 89' lang='lat' dir='ltr'>hoc</span> <span class='ocrx_word' id='word_1_123' title='bbox 534 1052 683 1083; x_wconf 86' lang='lat' dir='ltr'>senatu</span> <span class='ocrx_word' id='word_1_124' title='bbox 702 1041 924 1083; x_wconf 85' lang='lat' dir='ltr'>detrahere</span> <span class='ocrx_word' id='word_1_125' title='bbox 947 1042 1133 1096; x_wconf 87' lang='lat' dir='ltr'>possitis,</span> <span class='ocrx_word' id='word_1_126' title='bbox 1153 1042 1322 1082; x_wconf 74' lang='lat' dir='ltr'>laudale</span> <span class='ocrx_word' id='word_1_127' title='bbox 1344 1043 1651 1086; x_wconf 80' lang='lat' dir='ltr'>consuevistis:</span> <span class='ocrx_word' id='word_1_128' title='bbox 1683 1056 1783 1085; x_wconf 88' lang='lat' dir='ltr'>cum</span> 
     </span>
     <span class='ocr_line' id='line_1_17' title="bbox 352 1099 1782 1156; baseline 0.001 -17"><span class='ocrx_word' id='word_1_129' title='bbox 352 1109 548 1154; x_wconf 87' lang='lat' dir='ltr'>equester</span> <span class='ocrx_word' id='word_1_130' title='bbox 578 1099 708 1151; x_wconf 72' lang='lat' dir='ltr'>ordo,</span> <span class='ocrx_word' id='word_1_131' title='bbox 740 1110 784 1140; x_wconf 84' lang='lat' dir='ltr'>at</span> <span class='ocrx_word' id='word_1_132' title='bbox 803 1101 1039 1154; x_wconf 79' lang='lat' dir='ltr'>33quorum</span> <span class='ocrx_word' id='word_1_133' title='bbox 1071 1099 1278 1153; x_wconf 88' lang='lat' dir='ltr'>equitum,</span> <span class='ocrx_word' id='word_1_134' title='bbox 1301 1099 1359 1139; x_wconf 91' lang='lat' dir='ltr'>dii</span> <span class='ocrx_word' id='word_1_135' title='bbox 1392 1099 1689 1144; x_wconf 82' lang='lat' dir='ltr'>immortales!</span> <span class='ocrx_word' id='word_1_136' title='bbox 1700 1103 1782 1156; x_wconf 54' lang='grc' dir='ltr'>ριν·</span> 
     </span>
     <span class='ocr_line' id='line_1_18' title="bbox 350 1156 1782 1214; baseline 0.001 -18"><span class='ocrx_word' id='word_1_137' title='bbox 350 1165 389 1196; x_wconf 81' lang='lat' dir='ltr'>ti</span> <span class='ocrx_word' id='word_1_138' title='bbox 393 1171 463 1198; x_wconf 90' lang='lat' dir='ltr'>um</span> <span class='ocrx_word' id='word_1_139' title='bbox 487 1165 744 1208; x_wconf 85' lang='lat' dir='ltr'>nostrorum,</span> <span class='ocrx_word' id='word_1_140' title='bbox 767 1165 896 1210; x_wconf 86' lang='lat' dir='ltr'>atque</span> <span class='ocrx_word' id='word_1_141' title='bbox 927 1170 1019 1210; x_wconf 85' lang='lat' dir='ltr'>eJus</span> <span class='ocrx_word' id='word_1_142' title='bbox 1051 1164 1118 1196; x_wconf 85' lang='lat' dir='ltr'>aet·</span> <span class='ocrx_word' id='word_1_143' title='bbox 1111 1156 1206 1207; x_wconf 75' lang='lat' dir='ltr'>rtis,</span> <span class='ocrx_word' id='word_1_144' title='bbox 1228 1171 1324 1210; x_wconf 87' lang='lat' dir='ltr'>quae</span> <span class='ocrx_word' id='word_1_145' title='bbox 1346 1167 1446 1196; x_wconf 85' lang='lat' dir='ltr'>tum</span> <span class='ocrx_word' id='word_1_146' title='bbox 1459 1172 1660 1214; x_wconf 79' lang='lat' dir='ltr'>magnam</span> <span class='ocrx_word' id='word_1_147' title='bbox 1669 1158 1782 1214; x_wconf 74' lang='lat' dir='ltr'>‘par-</span> 
     </span>
     <span class='ocr_line' id='line_1_19' title="bbox 349 1192 1784 1270; baseline 0.001 -17"><span class='ocrx_word' id='word_1_148' title='bbox 349 1222 436 1254; x_wconf 90' lang='lat' dir='ltr'>tem</span> <span class='ocrx_word' id='word_1_149' title='bbox 459 1214 707 1270; x_wconf 80' lang='lat' dir='ltr'>ieipublicae</span> <span class='ocrx_word' id='word_1_150' title='bbox 739 1225 867 1268; x_wconf 90' lang='lat' dir='ltr'>atque</span> <span class='ocrx_word' id='word_1_151' title='bbox 898 1226 1070 1254; x_wconf 89' lang='lat' dir='ltr'>omnem</span> <span class='ocrx_word' id='word_1_152' title='bbox 1102 1212 1252 1269; x_wconf 70' lang='lat' dir='ltr'>diomt</span> <span class='ocrx_word' id='word_1_153' title='bbox 1246 1192 1647 1268; x_wconf 77' lang='lat' dir='ltr'>itemJudic101um</span> <span class='ocrx_word' id='word_1_154' title='bbox 1661 1223 1784 1256; x_wconf 82' lang='lat' dir='ltr'>tene-</span> 
     </span>
     <span class='ocr_line' id='line_1_20' title="bbox 348 1257 1778 1333; baseline 0.001 -22"><span class='ocrx_word' id='word_1_155' title='bbox 348 1271 446 1314; x_wconf 87' lang='lat' dir='ltr'>bat:</span> <span class='ocrx_word' id='word_1_156' title='bbox 479 1287 578 1313; x_wconf 88' lang='lat' dir='ltr'>cum</span> <span class='ocrx_word' id='word_1_157' title='bbox 600 1285 749 1312; x_wconf 84' lang='lat' dir='ltr'>omnes</span> <span class='ocrx_word' id='word_1_158' title='bbox 784 1270 977 1311; x_wconf 86' lang='lat' dir='ltr'>omnium</span> <span class='ocrx_word' id='word_1_159' title='bbox 1008 1270 1207 1310; x_wconf 84' lang='lat' dir='ltr'>ordinum</span> <span class='ocrx_word' id='word_1_160' title='bbox 1240 1269 1450 1322; x_wconf 87' lang='lat' dir='ltr'>homines,</span> <span class='ocrx_word' id='word_1_161' title='bbox 1472 1271 1545 1326; x_wconf 81' lang='lat' dir='ltr'>qui</span> <span class='ocrx_word' id='word_1_162' title='bbox 1576 1272 1618 1313; x_wconf 88' lang='lat' dir='ltr'>in</span> <span class='ocrx_word' id='word_1_163' title='bbox 1643 1257 1778 1333; x_wconf 68' lang='lat' dir='ltr'>salute</span> 
     </span>
     <span class='ocr_line' id='line_1_21' title="bbox 346 1327 1780 1388; baseline 0.002 -21"><span class='ocrx_word' id='word_1_164' title='bbox 346 1329 594 1384; x_wconf 72' lang='lat' dir='ltr'>reipublicae</span> <span class='ocrx_word' id='word_1_165' title='bbox 612 1328 791 1369; x_wconf 81' lang='lat' dir='ltr'>salutem</span> <span class='ocrx_word' id='word_1_166' title='bbox 806 1341 924 1367; x_wconf 87' lang='lat' dir='ltr'>suam</span> <span class='ocrx_word' id='word_1_167' title='bbox 946 1327 1177 1382; x_wconf 83' lang='lat' dir='ltr'>repositam</span> <span class='ocrx_word' id='word_1_168' title='bbox 1200 1341 1289 1367; x_wconf 89' lang='lat' dir='ltr'>esse</span> <span class='ocrx_word' id='word_1_169' title='bbox 1311 1328 1513 1369; x_wconf 67' lang='lat' dir='ltr'>albitrabz</span> <span class='ocrx_word' id='word_1_170' title='bbox 1505 1328 1643 1379; x_wconf 72' lang='lat' dir='ltr'>intur,</span> <span class='ocrx_word' id='word_1_171' title='bbox 1658 1327 1780 1388; x_wconf 80' lang='lat' dir='ltr'>arma</span> 
     </span>
     <span class='ocr_line' id='line_1_22' title="bbox 281 1376 1779 1449; baseline 0.003 -26"><span class='ocrx_word' id='word_1_172' title='bbox 281 1389 327 1423; x_wconf 78' lang='lat'>21</span> <span class='ocrx_word' id='word_1_173' title='bbox 344 1387 581 1449; x_wconf 81' lang='lat' dir='ltr'>cepissent:</span> <span class='ocrx_word' id='word_1_174' title='bbox 613 1385 716 1440; x_wconf 90' lang='lat' dir='ltr'>quid</span> <span class='ocrx_word' id='word_1_175' title='bbox 739 1385 911 1425; x_wconf 87' lang='lat' dir='ltr'>tandem</span> <span class='ocrx_word' id='word_1_176' title='bbox 936 1383 986 1424; x_wconf 93' lang='lat' dir='ltr'>C.</span> <span class='ocrx_word' id='word_1_177' title='bbox 1013 1383 1191 1425; x_wconf 82' lang='lat' dir='ltr'>Rabirio</span> <span class='ocrx_word' id='word_1_178' title='bbox 1214 1385 1458 1425; x_wconf 83' lang='lat' dir='ltr'>faciendum</span> <span class='ocrx_word' id='word_1_179' title='bbox 1481 1383 1591 1427; x_wconf 86' lang='lat' dir='ltr'>fuit?</span> <span class='ocrx_word' id='word_1_180' title='bbox 1643 1385 1712 1427; x_wconf 86' lang='lat' dir='ltr'>De</span> <span class='ocrx_word' id='word_1_181' title='bbox 1732 1376 1779 1435; x_wconf 94' lang='grc' dir='ltr'>ξε</span> 
     </span>
     <span class='ocr_line' id='line_1_23' title="bbox 341 1440 1779 1499; baseline 0 -15"><span class='ocrx_word' id='word_1_182' title='bbox 341 1457 451 1498; x_wconf 80' lang='lat' dir='ltr'>ipso,</span> <span class='ocrx_word' id='word_1_183' title='bbox 485 1443 672 1499; x_wconf 88' lang='lat' dir='ltr'>inquam,</span> <span class='ocrx_word' id='word_1_184' title='bbox 708 1442 908 1492; x_wconf 86' lang='lat' dir='ltr'>Labiene,</span> <span class='ocrx_word' id='word_1_185' title='bbox 939 1456 1110 1496; x_wconf 84' lang='lat' dir='ltr'>quaero:</span> <span class='ocrx_word' id='word_1_186' title='bbox 1143 1457 1241 1482; x_wconf 88' lang='lat' dir='ltr'>cum</span> <span class='ocrx_word' id='word_1_187' title='bbox 1272 1442 1324 1482; x_wconf 87' lang='lat' dir='ltr'>ad</span> <span class='ocrx_word' id='word_1_188' title='bbox 1355 1456 1472 1483; x_wconf 85' lang='lat' dir='ltr'>arma</span> <span class='ocrx_word' id='word_1_189' title='bbox 1493 1440 1717 1484; x_wconf 84' lang='lat' dir='ltr'>consules</span> <span class='ocrx_word' id='word_1_190' title='bbox 1717 1442 1779 1490; x_wconf 76' lang='lat' dir='ltr'>ex&#39;</span> 
     </span>
     <span class='ocr_line' id='line_1_24' title="bbox 340 1499 1773 1554; baseline 0 -14"><span class='ocrx_word' id='word_1_191' title='bbox 340 1510 510 1541; x_wconf 85' lang='lat' dir='ltr'>senatus</span> <span class='ocrx_word' id='word_1_192' title='bbox 543 1499 741 1542; x_wconf 87' lang='lat' dir='ltr'>consulto</span> <span class='ocrx_word' id='word_1_193' title='bbox 775 1499 1064 1540; x_wconf 66' lang='lat' dir='ltr'>vocaxissent:</span> <span class='ocrx_word' id='word_1_194' title='bbox 1097 1513 1194 1539; x_wconf 90' lang='lat' dir='ltr'>cum</span> <span class='ocrx_word' id='word_1_195' title='bbox 1228 1509 1414 1540; x_wconf 84' lang='lat' dir='ltr'>armatus</span> <span class='ocrx_word' id='word_1_196' title='bbox 1454 1499 1522 1541; x_wconf 88' lang='lat' dir='ltr'>M.</span> <span class='ocrx_word' id='word_1_197' title='bbox 1555 1499 1773 1554; x_wconf 72' lang='grc' dir='ltr'>ῘΕιιιίΙὶιι5,</span> 
     </span>
     <span class='ocr_line' id='line_1_25' title="bbox 340 1556 1770 1614; baseline 0.001 -17"><span class='ocrx_word' id='word_1_198' title='bbox 340 1558 539 1613; x_wconf 85' lang='lat' dir='ltr'>princeps</span> <span class='ocrx_word' id='word_1_199' title='bbox 559 1565 744 1606; x_wconf 80' lang='lat' dir='ltr'>senatuS,</span> <span class='ocrx_word' id='word_1_200' title='bbox 775 1556 817 1597; x_wconf 84' lang='lat' dir='ltr'>in</span> <span class='ocrx_word' id='word_1_201' title='bbox 841 1556 1019 1595; x_wconf 87' lang='lat' dir='ltr'>comitio</span> <span class='ocrx_word' id='word_1_202' title='bbox 1049 1556 1338 1596; x_wconf 65' lang='lat' dir='ltr'>constitisset:</span> <span class='ocrx_word' id='word_1_203' title='bbox 1371 1556 1459 1610; x_wconf 91' lang='lat' dir='ltr'>qui,</span> <span class='ocrx_word' id='word_1_204' title='bbox 1481 1572 1579 1598; x_wconf 89' lang='lat' dir='ltr'>cum</span> <span class='ocrx_word' id='word_1_205' title='bbox 1603 1557 1770 1614; x_wconf 86' lang='lat' dir='ltr'>ingredi</span> 
     </span>
     <span class='ocr_line' id='line_1_26' title="bbox 339 1591 1773 1670; baseline 0 -15"><span class='ocrx_word' id='word_1_206' title='bbox 339 1629 412 1655; x_wconf 80' lang='lat' dir='ltr'>vix</span> <span class='ocrx_word' id='word_1_207' title='bbox 437 1624 594 1670; x_wconf 84' lang='lat' dir='ltr'>posset,</span> <span class='ocrx_word' id='word_1_208' title='bbox 616 1629 702 1654; x_wconf 90' lang='lat' dir='ltr'>non</span> <span class='ocrx_word' id='word_1_209' title='bbox 723 1613 773 1653; x_wconf 87' lang='lat' dir='ltr'>ad</span> <span class='ocrx_word' id='word_1_210' title='bbox 798 1612 1107 1667; x_wconf 88' lang='lat' dir='ltr'>insequendum</span> <span class='ocrx_word' id='word_1_211' title='bbox 1129 1613 1210 1653; x_wconf 83' lang='lat' dir='ltr'>sibi</span> <span class='ocrx_word' id='word_1_212' title='bbox 1237 1613 1479 1653; x_wconf 82' lang='lat' dir='ltr'>tarditatem</span> <span class='ocrx_word' id='word_1_213' title='bbox 1502 1591 1675 1669; x_wconf 88' lang='lat' dir='ltr'>pedum,</span> <span class='ocrx_word' id='word_1_214' title='bbox 1687 1613 1773 1655; x_wconf 74' lang='lat' dir='ltr'>se&#39;d</span> 
     </span>
     <span class='ocr_line' id='line_1_27' title="bbox 337 1669 1772 1727; baseline 0 -15"><span class='ocrx_word' id='word_1_215' title='bbox 337 1672 389 1712; x_wconf 87' lang='lat' dir='ltr'>ad</span> <span class='ocrx_word' id='word_1_216' title='bbox 415 1670 667 1727; x_wconf 72' lang='lat' dir='ltr'>fngientium</span> <span class='ocrx_word' id='word_1_217' title='bbox 688 1670 997 1725; x_wconf 87' lang='lat' dir='ltr'>impedimento</span> <span class='ocrx_word' id='word_1_218' title='bbox 1021 1669 1110 1709; x_wconf 83' lang='lat' dir='ltr'>f01e</span> <span class='ocrx_word' id='word_1_219' title='bbox 1134 1670 1340 1725; x_wconf 82' lang='lat' dir='ltr'>putabat:</span> <span class='ocrx_word' id='word_1_220' title='bbox 1373 1684 1469 1710; x_wconf 88' lang='lat' dir='ltr'>cum</span> <span class='ocrx_word' id='word_1_221' title='bbox 1492 1671 1677 1726; x_wconf 87' lang='lat' dir='ltr'>denique</span> <span class='ocrx_word' id='word_1_222' title='bbox 1708 1671 1772 1718; x_wconf 85' lang='lat' dir='ltr'>Q.&#39;</span> 
     </span>
     <span class='ocr_line' id='line_1_28' title="bbox 337 1726 1767 1782; baseline 0 -13"><span class='ocrx_word' id='word_1_223' title='bbox 337 1728 545 1779; x_wconf 82' lang='lat' dir='ltr'>Scaevola,</span> <span class='ocrx_word' id='word_1_224' title='bbox 577 1727 800 1768; x_wconf 88' lang='lat' dir='ltr'>confectus</span> <span class='ocrx_word' id='word_1_225' title='bbox 837 1736 1070 1776; x_wconf 87' lang='lat' dir='ltr'>senectute,</span> <span class='ocrx_word' id='word_1_226' title='bbox 1102 1729 1143 1757; x_wconf 81' lang='lat'>34</span> <span class='ocrx_word' id='word_1_227' title='bbox 1156 1726 1417 1782; x_wconf 58' lang='lat' dir='ltr'>praepeditus</span> <span class='ocrx_word' id='word_1_228' title='bbox 1447 1729 1614 1778; x_wconf 90' lang='lat' dir='ltr'>morbo,</span> <span class='ocrx_word' id='word_1_229' title='bbox 1645 1741 1767 1769; x_wconf 84' lang='lat' dir='ltr'>man-</span> 
     </span>
     <span class='ocr_line' id='line_1_29' title="bbox 334 1783 1766 1838; baseline 0.001 -13"><span class='ocrx_word' id='word_1_230' title='bbox 334 1799 423 1836; x_wconf 88' lang='lat' dir='ltr'>cus,</span> <span class='ocrx_word' id='word_1_231' title='bbox 446 1794 489 1825; x_wconf 92' lang='lat' dir='ltr'>et</span> <span class='ocrx_word' id='word_1_232' title='bbox 520 1785 721 1826; x_wconf 86' lang='lat' dir='ltr'>membris</span> <span class='ocrx_word' id='word_1_233' title='bbox 758 1784 958 1824; x_wconf 86' lang='lat' dir='ltr'>omnibus</span> <span class='ocrx_word' id='word_1_234' title='bbox 996 1792 1146 1838; x_wconf 85' lang='lat' dir='ltr'>captus</span> <span class='ocrx_word' id='word_1_235' title='bbox 1179 1798 1228 1824; x_wconf 87' lang='lat' dir='ltr'>ac</span> <span class='ocrx_word' id='word_1_236' title='bbox 1260 1783 1427 1833; x_wconf 89' lang='lat' dir='ltr'>debilis,</span> <span class='ocrx_word' id='word_1_237' title='bbox 1448 1783 1591 1825; x_wconf 89' lang='lat' dir='ltr'>hastili</span> <span class='ocrx_word' id='word_1_238' title='bbox 1622 1784 1766 1836; x_wconf 80' lang='lat' dir='ltr'>nixus,</span> 
     </span>
     <span class='ocr_line' id='line_1_30' title="bbox 333 1840 1765 1896; baseline 0 -13"><span class='ocrx_word' id='word_1_239' title='bbox 333 1853 376 1882; x_wconf 88' lang='lat' dir='ltr'>et</span> <span class='ocrx_word' id='word_1_240' title='bbox 396 1843 528 1883; x_wconf 89' lang='lat' dir='ltr'>animi</span> <span class='ocrx_word' id='word_1_241' title='bbox 552 1843 653 1892; x_wconf 78' lang='lat' dir='ltr'>vim,</span> <span class='ocrx_word' id='word_1_242' title='bbox 676 1852 718 1881; x_wconf 88' lang='lat' dir='ltr'>ct</span> <span class='ocrx_word' id='word_1_243' title='bbox 751 1840 1045 1881; x_wconf 80' lang='lat' dir='ltr'>infirmitatem</span> <span class='ocrx_word' id='word_1_244' title='bbox 1076 1840 1267 1896; x_wconf 88' lang='lat' dir='ltr'>corporis</span> <span class='ocrx_word' id='word_1_245' title='bbox 1289 1840 1559 1882; x_wconf 88' lang='lat' dir='ltr'>ostenderet:</span> <span class='ocrx_word' id='word_1_246' title='bbox 1590 1856 1690 1882; x_wconf 89' lang='lat' dir='ltr'>cum</span> <span class='ocrx_word' id='word_1_247' title='bbox 1705 1842 1765 1883; x_wconf 82' lang='lat' dir='ltr'>L.</span> 
     </span>
     <span class='ocr_line' id='line_1_31' title="bbox 333 1896 1762 1950; baseline 0.001 -12"><span class='ocrx_word' id='word_1_248' title='bbox 333 1898 551 1950; x_wconf 89' lang='lat' dir='ltr'>Metellus,</span> <span class='ocrx_word' id='word_1_249' title='bbox 575 1899 665 1940; x_wconf 87' lang='lat' dir='ltr'>Ser.</span> <span class='ocrx_word' id='word_1_250' title='bbox 689 1898 844 1948; x_wconf 87' lang='lat' dir='ltr'>Galba,</span> <span class='ocrx_word' id='word_1_251' title='bbox 868 1897 920 1939; x_wconf 90' lang='lat' dir='ltr'>C.</span> <span class='ocrx_word' id='word_1_252' title='bbox 938 1898 1157 1949; x_wconf 85' lang='lat' dir='ltr'>Serranus,</span> <span class='ocrx_word' id='word_1_253' title='bbox 1184 1897 1232 1938; x_wconf 93' lang='lat' dir='ltr'>P.</span> <span class='ocrx_word' id='word_1_254' title='bbox 1254 1896 1458 1949; x_wconf 85' lang='lat' dir='ltr'>Rutilius,</span> <span class='ocrx_word' id='word_1_255' title='bbox 1481 1897 1533 1939; x_wconf 91' lang='lat' dir='ltr'>C.</span> <span class='ocrx_word' id='word_1_256' title='bbox 1557 1898 1762 1950; x_wconf 86' lang='lat' dir='ltr'>Fimbria,</span> 
     </span>
     <span class='ocr_line' id='line_1_32' title="bbox 332 1954 1764 2011; baseline 0.001 -15"><span class='ocrx_word' id='word_1_257' title='bbox 332 1957 390 2003; x_wconf 88' lang='lat' dir='ltr'>Q.</span> <span class='ocrx_word' id='word_1_258' title='bbox 407 1956 601 2006; x_wconf 83' lang='lat' dir='ltr'>Catulus,</span> <span class='ocrx_word' id='word_1_259' title='bbox 621 1969 868 2010; x_wconf 86' lang='lat' dir='ltr'>omnesque,</span> <span class='ocrx_word' id='word_1_260' title='bbox 888 1955 960 2010; x_wconf 88' lang='lat' dir='ltr'>qui</span> <span class='ocrx_word' id='word_1_261' title='bbox 985 1963 1075 1995; x_wconf 89' lang='lat' dir='ltr'>tum</span> <span class='ocrx_word' id='word_1_262' title='bbox 1090 1966 1224 2005; x_wconf 81' lang='lat' dir='ltr'>erant,</span> <span class='ocrx_word' id='word_1_263' title='bbox 1245 1954 1503 2006; x_wconf 82' lang='lat' dir='ltr'>consulares,</span> <span class='ocrx_word' id='word_1_264' title='bbox 1527 1970 1604 2011; x_wconf 87' lang='lat' dir='ltr'>pro</span> <span class='ocrx_word' id='word_1_265' title='bbox 1626 1955 1764 1998; x_wconf 85' lang='lat' dir='ltr'>salute</span> 
     </span>
     <span class='ocr_line' id='line_1_33' title="bbox 329 2013 1771 2068; baseline 0.001 -14"><span class='ocrx_word' id='word_1_266' title='bbox 329 2014 549 2055; x_wconf 87' lang='lat' dir='ltr'>communi</span> <span class='ocrx_word' id='word_1_267' title='bbox 580 2028 697 2054; x_wconf 81' lang='lat' dir='ltr'>arma</span> <span class='ocrx_word' id='word_1_268' title='bbox 726 2013 964 2068; x_wconf 81' lang='lat' dir='ltr'>cepissent:</span> <span class='ocrx_word' id='word_1_269' title='bbox 997 2027 1095 2053; x_wconf 89' lang='lat' dir='ltr'>cum</span> <span class='ocrx_word' id='word_1_270' title='bbox 1127 2025 1275 2053; x_wconf 89' lang='lat' dir='ltr'>omnes</span> <span class='ocrx_word' id='word_1_271' title='bbox 1311 2021 1532 2068; x_wconf 83' lang='lat' dir='ltr'>praetores,</span> <span class='ocrx_word' id='word_1_272' title='bbox 1553 2015 1771 2055; x_wconf 57' lang='lat' dir='ltr'>35cuncta1</span> 
     </span>
    </p>
   </div>
   <div class='ocr_carea' id='block_1_3' title="bbox 1063 2173 1765 2212">
    <p class='ocr_par' dir='ltr' id='par_1_3' title="bbox 1063 2173 1765 2212">
     <span class='ocr_line' id='line_1_34' title="bbox 1063 2173 1765 2212; baseline 0.004 -7"><span class='ocrx_word' id='word_1_273' title='bbox 1063 2185 1130 2205; x_wconf 88' lang='lat' dir='ltr'>non</span> <span class='ocrx_word' id='word_1_274' title='bbox 1144 2174 1228 2205; x_wconf 85' lang='lat' dir='ltr'>solet</span> <span class='ocrx_word' id='word_1_275' title='bbox 1242 2175 1277 2206; x_wconf 91' lang='lat' dir='ltr'>in</span> <span class='ocrx_word' id='word_1_276' title='bbox 1286 2174 1347 2206; x_wconf 80' lang='lat' dir='ltr'>tali</span> <span class='ocrx_word' id='word_1_277' title='bbox 1361 2180 1532 2212; x_wconf 80' lang='lat' dir='ltr'>contextu,</span> <span class='ocrx_word' id='word_1_278' title='bbox 1546 2185 1621 2208; x_wconf 82' lang='lat' dir='ltr'>eum</span> <span class='ocrx_word' id='word_1_279' title='bbox 1636 2173 1765 2208; x_wconf 57' lang='lat' dir='ltr'>ordini&amp;</span> 
     </span>
    </p>
   </div>
   <div class='ocr_carea' id='block_1_4' title="bbox 368 2175 1757 2258">
    <p class='ocr_par' dir='ltr' id='par_1_4' title="bbox 368 2175 1757 2258">
     <span class='ocr_line' id='line_1_35' title="bbox 368 2175 1021 2219; baseline -0.006 -10"><span class='ocrx_word' id='word_1_280' title='bbox 368 2181 409 2210; x_wconf 74' lang='lat'>32</span> <span class='ocrx_word' id='word_1_281' title='bbox 423 2188 462 2209; x_wconf 72' lang='lat' dir='ltr'>ex</span> <span class='ocrx_word' id='word_1_282' title='bbox 477 2178 618 2219; x_wconf 70' lang='lat' dir='ltr'>oedzficie&#39;s</span> <span class='ocrx_word' id='word_1_283' title='bbox 632 2187 717 2207; x_wconf 81' lang='lat' dir='ltr'>arm.</span> <span class='ocrx_word' id='word_1_284' title='bbox 727 2175 833 2215; x_wconf 67' lang='lat' dir='ltr'>publ]</span> <span class='ocrx_word' id='word_1_285' title='bbox 851 2175 1021 2217; x_wconf 70' lang='lat' dir='ltr'>AEdg&#39;ficiis</span> 
     </span>
     <span class='ocr_line' id='line_1_36' title="bbox 1062 2218 1757 2258; baseline 0.006 -11"><span class='ocrx_word' id='word_1_286' title='bbox 1062 2219 1217 2257; x_wconf 77' lang='lat' dir='ltr'>equestris</span> <span class='ocrx_word' id='word_1_287' title='bbox 1231 2219 1355 2248; x_wconf 84' lang='lat' dir='ltr'>mentio</span> <span class='ocrx_word' id='word_1_288' title='bbox 1369 2218 1546 2258; x_wconf 62' lang='lat' dir='ltr'>praecessit,</span> <span class='ocrx_word' id='word_1_289' title='bbox 1561 2219 1649 2256; x_wconf 78' lang='lat' dir='ltr'>addi,</span> <span class='ocrx_word' id='word_1_290' title='bbox 1669 2220 1757 2252; x_wconf 82' lang='lat' dir='ltr'>unde</span> 
     </span>
    </p>
   </div>
   <div class='ocr_carea' id='block_1_5' title="bbox 326 2218 1020 2260">
    <p class='ocr_par' dir='ltr' id='par_1_5' title="bbox 326 2218 1020 2260">
     <span class='ocr_line' id='line_1_37' title="bbox 326 2218 1020 2260; baseline -0.004 -9"><span class='ocrx_word' id='word_1_291' title='bbox 326 2221 407 2252; x_wconf 79' lang='lat' dir='ltr'>mihi</span> <span class='ocrx_word' id='word_1_292' title='bbox 422 2230 549 2260; x_wconf 83' lang='lat' dir='ltr'>semper</span> <span class='ocrx_word' id='word_1_293' title='bbox 562 2224 749 2259; x_wconf 83' lang='lat' dir='ltr'>suspectum</span> <span class='ocrx_word' id='word_1_294' title='bbox 759 2219 782 2249; x_wconf 74' lang='lat' dir='ltr'>f».</span> <span class='ocrx_word' id='word_1_295' title='bbox 773 2220 833 2255; x_wconf 80' lang='lat' dir='ltr'>iit,</span> <span class='ocrx_word' id='word_1_296' title='bbox 851 2228 910 2249; x_wconf 88' lang='lat' dir='ltr'>nec</span> <span class='ocrx_word' id='word_1_297' title='bbox 925 2218 1020 2248; x_wconf 86' lang='lat' dir='ltr'>credo</span> 
     </span>
    </p>
   </div>
   <div class='ocr_carea' id='block_1_6' title="bbox 320 2260 1021 2546">
    <p class='ocr_par' dir='ltr' id='par_1_6' title="bbox 320 2260 1021 2546">
     <span class='ocr_line' id='line_1_38' title="bbox 325 2260 1021 2300; baseline -0.004 -7"><span class='ocrx_word' id='word_1_298' title='bbox 325 2273 394 2293; x_wconf 85' lang='lat' dir='ltr'>esse</span> <span class='ocrx_word' id='word_1_299' title='bbox 417 2274 436 2294; x_wconf 90' lang='lat' dir='ltr'>a</span> <span class='ocrx_word' id='word_1_300' title='bbox 465 2263 639 2293; x_wconf 82' lang='lat' dir='ltr'>Cicerone:</span> <span class='ocrx_word' id='word_1_301' title='bbox 671 2262 768 2291; x_wconf 84' lang='lat' dir='ltr'>nimis</span> <span class='ocrx_word' id='word_1_302' title='bbox 794 2260 944 2300; x_wconf 85' lang='lat' dir='ltr'>generale</span> <span class='ocrx_word' id='word_1_303' title='bbox 972 2266 1021 2290; x_wconf 85' lang='lat' dir='ltr'>est</span> 
     </span>
     <span class='ocr_line' id='line_1_39' title="bbox 325 2302 1015 2345; baseline -0.003 -11"><span class='ocrx_word' id='word_1_304' title='bbox 325 2305 461 2336; x_wconf 88' lang='lat' dir='ltr'>verbum</span> <span class='ocrx_word' id='word_1_305' title='bbox 474 2314 533 2345; x_wconf 84' lang='lat' dir='ltr'>pro</span> <span class='ocrx_word' id='word_1_306' title='bbox 549 2304 580 2334; x_wconf 92' lang='lat' dir='ltr'>h.</span> <span class='ocrx_word' id='word_1_307' title='bbox 605 2304 627 2334; x_wconf 90' lang='lat' dir='ltr'>l.</span> <span class='ocrx_word' id='word_1_308' title='bbox 650 2309 683 2334; x_wconf 80' lang='lat' dir='ltr'>et</span> <span class='ocrx_word' id='word_1_309' title='bbox 706 2303 821 2342; x_wconf 82' lang='lat' dir='ltr'>frigide</span> <span class='ocrx_word' id='word_1_310' title='bbox 845 2302 1015 2334; x_wconf 85' lang='lat' dir='ltr'>redundat.</span> 
     </span>
     <span class='ocr_line' id='line_1_40' title="bbox 324 2345 1015 2385; baseline -0.006 -7"><span class='ocrx_word' id='word_1_311' title='bbox 324 2346 444 2378; x_wconf 88' lang='lat' dir='ltr'>Nonne</span> <span class='ocrx_word' id='word_1_312' title='bbox 466 2351 500 2377; x_wconf 84' lang='lat' dir='ltr'>et</span> <span class='ocrx_word' id='word_1_313' title='bbox 523 2346 586 2377; x_wconf 84' lang='lat' dir='ltr'>alia</span> <span class='ocrx_word' id='word_1_314' title='bbox 603 2356 641 2377; x_wconf 81' lang='lat' dir='ltr'>ex</span> <span class='ocrx_word' id='word_1_315' title='bbox 664 2345 807 2375; x_wconf 67' lang='lat' dir='ltr'>aedificiis</span> <span class='ocrx_word' id='word_1_316' title='bbox 829 2345 1015 2385; x_wconf 87' lang='lat' dir='ltr'>petuntur?</span> 
     </span>
     <span class='ocr_line' id='line_1_41' title="bbox 322 2387 1017 2427; baseline -0.006 -7"><span class='ocrx_word' id='word_1_317' title='bbox 322 2390 471 2420; x_wconf 85' lang='lat' dir='ltr'>Primum</span> <span class='ocrx_word' id='word_1_318' title='bbox 495 2389 617 2427; x_wconf 74' lang='lat' dir='ltr'>conieci</span> <span class='ocrx_word' id='word_1_319' title='bbox 640 2388 770 2423; x_wconf 66' lang='lat' dir='ltr'>cedibus,</span> <span class='ocrx_word' id='word_1_320' title='bbox 787 2387 807 2416; x_wconf 92' lang='lat' dir='ltr'>i.</span> <span class='ocrx_word' id='word_1_321' title='bbox 823 2398 850 2418; x_wconf 89' lang='lat' dir='ltr'>e.</span> <span class='ocrx_word' id='word_1_322' title='bbox 872 2387 1017 2427; x_wconf 85' lang='lat' dir='ltr'>templis,</span> 
     </span>
     <span class='ocr_line' id='line_1_42' title="bbox 321 2428 1017 2471; baseline -0.006 -9"><span class='ocrx_word' id='word_1_323' title='bbox 321 2433 397 2470; x_wconf 85' lang='lat' dir='ltr'>quia</span> <span class='ocrx_word' id='word_1_324' title='bbox 418 2432 568 2471; x_wconf 78' lang='lat' dir='ltr'>exempla</span> <span class='ocrx_word' id='word_1_325' title='bbox 589 2435 667 2461; x_wconf 87' lang='lat' dir='ltr'>sunt</span> <span class='ocrx_word' id='word_1_326' title='bbox 689 2440 739 2470; x_wconf 86' lang='lat' dir='ltr'>ap.</span> <span class='ocrx_word' id='word_1_327' title='bbox 762 2428 890 2459; x_wconf 81' lang='lat' dir='ltr'>Livium</span> <span class='ocrx_word' id='word_1_328' title='bbox 911 2439 1017 2459; x_wconf 84' lang='lat' dir='ltr'>armo-</span> 
     </span>
     <span class='ocr_line' id='line_1_43' title="bbox 322 2472 1016 2513; baseline -0.004 -10"><span class='ocrx_word' id='word_1_329' title='bbox 322 2483 395 2503; x_wconf 89' lang='lat' dir='ltr'>rum</span> <span class='ocrx_word' id='word_1_330' title='bbox 402 2473 535 2513; x_wconf 78' lang='lat' dir='ltr'>templis</span> <span class='ocrx_word' id='word_1_331' title='bbox 547 2474 770 2503; x_wconf 85' lang='lat' dir='ltr'>detractorum</span> <span class='ocrx_word' id='word_1_332' title='bbox 781 2472 814 2502; x_wconf 88' lang='lat' dir='ltr'>in</span> <span class='ocrx_word' id='word_1_333' title='bbox 824 2472 1016 2501; x_wconf 82' lang='lat' dir='ltr'>necessitate</span> 
     </span>
     <span class='ocr_line' id='line_1_44' title="bbox 320 2513 1016 2546; baseline -0.004 0"><span class='ocrx_word' id='word_1_334' title='bbox 320 2520 355 2545; x_wconf 83' lang='lat' dir='ltr'>et</span> <span class='ocrx_word' id='word_1_335' title='bbox 367 2516 577 2546; x_wconf 81' lang='lat' dir='ltr'>festinatione</span> <span class='ocrx_word' id='word_1_336' title='bbox 585 2513 732 2545; x_wconf 87' lang='lat' dir='ltr'>armandi</span> <span class='ocrx_word' id='word_1_337' title='bbox 744 2514 902 2544; x_wconf 87' lang='lat' dir='ltr'>homines.</span> <span class='ocrx_word' id='word_1_338' title='bbox 916 2513 1016 2544; x_wconf 86' lang='lat' dir='ltr'>Venit</span> 
     </span>
    </p>
   </div>
   <div class='ocr_carea' id='block_1_7' title="bbox 320 2555 1012 2598">
    <p class='ocr_par' dir='ltr' id='par_1_7' title="bbox 320 2555 1012 2598">
     <span class='ocr_line' id='line_1_45' title="bbox 320 2555 1012 2598; baseline -0.003 -11"><span class='ocrx_word' id='word_1_339' title='bbox 320 2557 401 2587; x_wconf 88' lang='lat' dir='ltr'>etin</span> <span class='ocrx_word' id='word_1_340' title='bbox 427 2562 572 2588; x_wconf 85' lang='lat' dir='ltr'>mentem</span> <span class='ocrx_word' id='word_1_341' title='bbox 595 2555 742 2598; x_wconf 73' lang='lat' dir='ltr'>qffi&#39;einis,</span> <span class='ocrx_word' id='word_1_342' title='bbox 764 2565 807 2586; x_wconf 87' lang='lat' dir='ltr'>sc.</span> <span class='ocrx_word' id='word_1_343' title='bbox 827 2565 1012 2586; x_wconf 87' lang='lat' dir='ltr'>armorum.</span> 
     </span>
    </p>
   </div>
   <div class='ocr_carea' id='block_1_8' title="bbox 1059 2241 1756 2552">
    <p class='ocr_par' dir='ltr' id='par_1_8' title="bbox 1059 2241 1756 2375">
     <span class='ocr_line' id='line_1_46' title="bbox 1061 2241 1756 2300; baseline 0.006 -11"><span class='ocrx_word' id='word_1_344' title='bbox 1061 2269 1122 2290; x_wconf 88' lang='lat' dir='ltr'>sua</span> <span class='ocrx_word' id='word_1_345' title='bbox 1142 2265 1259 2299; x_wconf 76' lang='lat' dir='ltr'>sponte</span> <span class='ocrx_word' id='word_1_346' title='bbox 1282 2260 1493 2300; x_wconf 78' lang='lat' dir='ltr'>intelligitur,</span> <span class='ocrx_word' id='word_1_347' title='bbox 1518 2270 1585 2291; x_wconf 90' lang='lat' dir='ltr'>non</span> <span class='ocrx_word' id='word_1_348' title='bbox 1607 2241 1756 2300; x_wconf 72' lang='lat' dir='ltr'>wilgares</span> 
     </span>
     <span class='ocr_line' id='line_1_47' title="bbox 1059 2302 1754 2347; baseline 0.006 -16"><span class='ocrx_word' id='word_1_349' title='bbox 1059 2302 1184 2341; x_wconf 79' lang='lat' dir='ltr'>equites</span> <span class='ocrx_word' id='word_1_350' title='bbox 1220 2302 1370 2341; x_wconf 79' lang='lat' dir='ltr'>intelligi.</span> <span class='ocrx_word' id='word_1_351' title='bbox 1425 2303 1512 2342; x_wconf 74' lang='lat' dir='ltr'>Quia</span> <span class='ocrx_word' id='word_1_352' title='bbox 1537 2303 1577 2333; x_wconf 90' lang='lat' dir='ltr'>ab</span> <span class='ocrx_word' id='word_1_353' title='bbox 1604 2302 1676 2334; x_wconf 89' lang='lat' dir='ltr'>edd</span> <span class='ocrx_word' id='word_1_354' title='bbox 1699 2303 1754 2347; x_wconf 88' lang='lat' dir='ltr'>W.</span> 
     </span>
     <span class='ocr_line' id='line_1_48' title="bbox 1064 2344 1406 2380; baseline 0 -6"><span class='ocrx_word' id='word_1_355' title='bbox 1064 2347 1153 2374; x_wconf 79' lang='lat'>1480.</span> <span class='ocrx_word' id='word_1_356' title='bbox 1176 2344 1280 2380; x_wconf 87' lang='lat' dir='ltr'>abest,</span> <span class='ocrx_word' id='word_1_357' title='bbox 1293 2344 1406 2375; x_wconf 86' lang='lat' dir='ltr'>delevi.</span> 
     </span>
    </p>

    <p class='ocr_par' dir='ltr' id='par_1_9' title="bbox 1059 2385 1754 2552">
     <span class='ocr_line' id='line_1_49' title="bbox 1102 2385 1754 2427; baseline 0.003 -11"><span class='ocrx_word' id='word_1_358' title='bbox 1102 2388 1142 2416; x_wconf 81' lang='lat'>34</span> <span class='ocrx_word' id='word_1_359' title='bbox 1152 2387 1351 2426; x_wconf 47' lang='lat' dir='ltr'>praepeditus</span> <span class='ocrx_word' id='word_1_360' title='bbox 1364 2385 1486 2426; x_wconf 81' lang='lat' dir='ltr'>morbo]</span> <span class='ocrx_word' id='word_1_361' title='bbox 1511 2386 1658 2417; x_wconf 72' lang='lat' dir='ltr'>Graevius</span> <span class='ocrx_word' id='word_1_362' title='bbox 1670 2397 1754 2427; x_wconf 82' lang='lat' dir='ltr'>prae-</span> 
     </span>
     <span class='ocr_line' id='line_1_50' title="bbox 1059 2428 1754 2461; baseline 0.004 -4"><span class='ocrx_word' id='word_1_363' title='bbox 1059 2428 1139 2458; x_wconf 82' lang='lat' dir='ltr'>tulit</span> <span class='ocrx_word' id='word_1_364' title='bbox 1172 2428 1347 2458; x_wconf 85' lang='lat' dir='ltr'>lectionem</span> <span class='ocrx_word' id='word_1_365' title='bbox 1375 2428 1453 2458; x_wconf 81' lang='lat' dir='ltr'>Mss.</span> <span class='ocrx_word' id='word_1_366' title='bbox 1483 2428 1519 2458; x_wconf 91' lang='lat' dir='ltr'>P.</span> <span class='ocrx_word' id='word_1_367' title='bbox 1548 2428 1690 2459; x_wconf 81' lang='lat' dir='ltr'>Manutii</span> <span class='ocrx_word' id='word_1_368' title='bbox 1719 2434 1754 2461; x_wconf 86' lang='lat' dir='ltr'>et</span> 
     </span>
     <span class='ocr_line' id='line_1_51' title="bbox 1061 2470 1753 2511; baseline 0.006 -12"><span class='ocrx_word' id='word_1_369' title='bbox 1061 2470 1174 2500; x_wconf 83' lang='lat' dir='ltr'>Franc.</span> <span class='ocrx_word' id='word_1_370' title='bbox 1181 2471 1344 2510; x_wconf 78' lang='lat' dir='ltr'>perditus,</span> <span class='ocrx_word' id='word_1_371' title='bbox 1355 2470 1524 2509; x_wconf 83' lang='lat' dir='ltr'>vulgatum</span> <span class='ocrx_word' id='word_1_372' title='bbox 1539 2470 1641 2502; x_wconf 83' lang='lat' dir='ltr'>levius</span> <span class='ocrx_word' id='word_1_373' title='bbox 1653 2481 1753 2511; x_wconf 87' lang='lat' dir='ltr'>quam</span> 
     </span>
     <span class='ocr_line' id='line_1_52' title="bbox 1059 2512 1751 2552; baseline 0.004 -10"><span class='ocrx_word' id='word_1_374' title='bbox 1059 2522 1116 2552; x_wconf 88' lang='lat' dir='ltr'>pro</span> <span class='ocrx_word' id='word_1_375' title='bbox 1134 2523 1166 2542; x_wconf 87' lang='lat' dir='ltr'>re</span> <span class='ocrx_word' id='word_1_376' title='bbox 1181 2520 1214 2542; x_wconf 89' lang='lat' dir='ltr'>et</span> <span class='ocrx_word' id='word_1_377' title='bbox 1233 2513 1347 2544; x_wconf 84' lang='lat' dir='ltr'>ceteris</span> <span class='ocrx_word' id='word_1_378' title='bbox 1362 2513 1466 2542; x_wconf 82' lang='lat' dir='ltr'>verbis</span> <span class='ocrx_word' id='word_1_379' title='bbox 1480 2512 1751 2545; x_wconf 75' lang='lat' dir='ltr'>antecedentibus</span> 
     </span>
    </p>
   </div>
   <div class='ocr_carea' id='block_1_9' title="bbox 1058 2554 1758 2595">
    <p class='ocr_par' dir='ltr' id='par_1_10' title="bbox 1058 2554 1758 2595">
     <span class='ocr_line' id='line_1_53' title="bbox 1058 2554 1758 2595; baseline 0.004 -11"><span class='ocrx_word' id='word_1_380' title='bbox 1058 2560 1092 2584; x_wconf 88' lang='lat' dir='ltr'>et</span> <span class='ocrx_word' id='word_1_381' title='bbox 1106 2555 1315 2593; x_wconf 84' lang='lat' dir='ltr'>sequentibus</span> <span class='ocrx_word' id='word_1_382' title='bbox 1322 2554 1484 2593; x_wconf 78' lang='lat' dir='ltr'>judicans.</span> <span class='ocrx_word' id='word_1_383' title='bbox 1519 2555 1605 2594; x_wconf 73' lang='lat' dir='ltr'>Quia</span> <span class='ocrx_word' id='word_1_384' title='bbox 1616 2556 1758 2595; x_wconf 58' lang='lat' dir='ltr'>zethum.</span> 
     </span>
    </p>
   </div>
   <div class='ocr_carea' id='block_1_10' title="bbox 319 2597 1766 2690">
    <p class='ocr_par' dir='ltr' id='par_1_11' title="bbox 319 2597 1766 2682">
     <span class='ocr_line' id='line_1_54' title="bbox 319 2597 1766 2639; baseline -0.001 -10"><span class='ocrx_word' id='word_1_385' title='bbox 319 2609 456 2638; x_wconf 88' lang='lat' dir='ltr'>quarum</span> <span class='ocrx_word' id='word_1_386' title='bbox 470 2599 599 2639; x_wconf 85' lang='lat' dir='ltr'>plures</span> <span class='ocrx_word' id='word_1_387' title='bbox 593 2609 641 2629; x_wconf 88' lang='grc' dir='ltr'>ιιι.</span> <span class='ocrx_word' id='word_1_388' title='bbox 649 2598 728 2628; x_wconf 88' lang='lat' dir='ltr'>urbe</span> <span class='ocrx_word' id='word_1_389' title='bbox 750 2598 849 2628; x_wconf 83' lang='lat' dir='ltr'>fuisse</span> <span class='ocrx_word' id='word_1_390' title='bbox 864 2602 1010 2628; x_wconf 83' lang='lat' dir='ltr'>constat:</span> <span class='ocrx_word' id='word_1_391' title='bbox 1048 2597 1246 2637; x_wconf 64' lang='lat' dir='ltr'>prepeditus</span> <span class='ocrx_word' id='word_1_392' title='bbox 1260 2604 1374 2636; x_wconf 84' lang='lat' dir='ltr'>aptum</span> <span class='ocrx_word' id='word_1_393' title='bbox 1383 2602 1433 2626; x_wconf 75' lang='lat' dir='ltr'>est</span> <span class='ocrx_word' id='word_1_394' title='bbox 1445 2597 1571 2634; x_wconf 83' lang='lat' dir='ltr'>morbo,</span> <span class='ocrx_word' id='word_1_395' title='bbox 1583 2607 1640 2638; x_wconf 82' lang='lat' dir='ltr'>per</span> <span class='ocrx_word' id='word_1_396' title='bbox 1653 2609 1766 2638; x_wconf 62' lang='lat' dir='ltr'>quem„</span> 
     </span>
     <span class='ocr_line' id='line_1_55' title="bbox 319 2638 1751 2690; baseline 0 -18"><span class='ocrx_word' id='word_1_397' title='bbox 319 2641 415 2681; x_wconf 77' lang='lat' dir='ltr'>idque</span> <span class='ocrx_word' id='word_1_398' title='bbox 440 2642 543 2681; x_wconf 74' lang='lat' dir='ltr'>mag-is</span> <span class='ocrx_word' id='word_1_399' title='bbox 570 2641 687 2690; x_wconf 81' lang='lat' dir='ltr'>placet.</span> <span class='ocrx_word' id='word_1_400' title='bbox 731 2640 812 2670; x_wconf 87' lang='lat' dir='ltr'>Edd.</span> <span class='ocrx_word' id='word_1_401' title='bbox 836 2640 888 2670; x_wconf 89' lang='lat' dir='ltr'>W.</span> <span class='ocrx_word' id='word_1_402' title='bbox 922 2642 1011 2670; x_wconf 69' lang='lat'>1480.</span> <span class='ocrx_word' id='word_1_403' title='bbox 1055 2648 1131 2669; x_wconf 82' lang='lat' dir='ltr'>usus</span> <span class='ocrx_word' id='word_1_404' title='bbox 1146 2639 1264 2679; x_wconf 87' lang='lat' dir='ltr'>pedum</span> <span class='ocrx_word' id='word_1_405' title='bbox 1281 2638 1362 2668; x_wconf 85' lang='lat' dir='ltr'>liber</span> <span class='ocrx_word' id='word_1_406' title='bbox 1375 2638 1524 2668; x_wconf 83' lang='lat' dir='ltr'>ademtus</span> <span class='ocrx_word' id='word_1_407' title='bbox 1538 2645 1621 2676; x_wconf 76' lang='lat' dir='ltr'>erat,</span> <span class='ocrx_word' id='word_1_408' title='bbox 1636 2640 1670 2670; x_wconf 88' lang='lat' dir='ltr'>id</span> <span class='ocrx_word' id='word_1_409' title='bbox 1684 2641 1751 2674; x_wconf 69' lang='lat' dir='ltr'>tol-</span> 
     </span>
    </p>
   </div>
   <div class='ocr_carea' id='block_1_11' title="bbox 318 2667 1011 2722">
    <p class='ocr_par' dir='ltr' id='par_1_12' title="bbox 318 2667 1011 2722">
     <span class='ocr_line' id='line_1_56' title="bbox 318 2667 1011 2722; baseline -0.003 -8"><span class='ocrx_word' id='word_1_410' title='bbox 318 2682 440 2714; x_wconf 79' lang='lat' dir='ltr'>habent</span> <span class='ocrx_word' id='word_1_411' title='bbox 457 2667 521 2713; x_wconf 75' lang='lat' dir='ltr'>cede</span> <span class='ocrx_word' id='word_1_412' title='bbox 528 2685 579 2714; x_wconf 66' lang='lat' dir='ltr'>eui</span> <span class='ocrx_word' id='word_1_413' title='bbox 589 2692 752 2720; x_wconf 73' lang='lat' dir='ltr'>aucus‚ex</span> <span class='ocrx_word' id='word_1_414' title='bbox 765 2692 828 2722; x_wconf 89' lang='lat' dir='ltr'>quo</span> <span class='ocrx_word' id='word_1_415' title='bbox 844 2681 1011 2713; x_wconf 87' lang='lat' dir='ltr'>meliorem</span> 
     </span>
    </p>
   </div>
   <div class='ocr_carea' id='block_1_12' title="bbox 315 2725 1011 2850">
    <p class='ocr_par' dir='ltr' id='par_1_13' title="bbox 315 2725 998 2850">
     <span class='ocr_line' id='line_1_57' title="bbox 318 2725 706 2757; baseline -0.005 0"><span class='ocrx_word' id='word_1_416' title='bbox 318 2725 491 2757; x_wconf 75' lang='lat' dir='ltr'>lectionem</span> <span class='ocrx_word' id='word_1_417' title='bbox 507 2726 561 2756; x_wconf 85' lang='lat' dir='ltr'>alii</span> <span class='ocrx_word' id='word_1_418' title='bbox 577 2730 706 2756; x_wconf 86' lang='lat' dir='ltr'>eruant.</span> 
     </span>
     <span class='ocr_line' id='line_1_58' title="bbox 357 2765 1011 2808; baseline -0.006 -8"><span class='ocrx_word' id='word_1_419' title='bbox 357 2770 398 2800; x_wconf 80' lang='lat'>33</span> <span class='ocrx_word' id='word_1_420' title='bbox 421 2777 557 2808; x_wconf 75' lang='lat' dir='ltr'>quorum</span> <span class='ocrx_word' id='word_1_421' title='bbox 583 2777 652 2807; x_wconf 80' lang='lat' dir='ltr'>equ.</span> <span class='ocrx_word' id='word_1_422' title='bbox 676 2765 918 2805; x_wconf 80' lang='lat' dir='ltr'>Romanorum]</span> <span class='ocrx_word' id='word_1_423' title='bbox 945 2765 1011 2797; x_wconf 79' lang='lat' dir='ltr'>Ro-</span> 
     </span>
     <span class='ocr_line' id='line_1_59' title="bbox 315 2809 1010 2850; baseline -0.004 -9"><span class='ocrx_word' id='word_1_424' title='bbox 315 2820 489 2841; x_wconf 69' lang='lat' dir='ltr'>manorum</span> <span class='ocrx_word' id='word_1_425' title='bbox 502 2810 584 2840; x_wconf 82' lang='lat' dir='ltr'>mihi</span> <span class='ocrx_word' id='word_1_426' title='bbox 596 2809 744 2850; x_wconf 80' lang='lat' dir='ltr'>spurium</span> <span class='ocrx_word' id='word_1_427' title='bbox 754 2818 882 2849; x_wconf 77' lang='lat' dir='ltr'>semper</span> <span class='ocrx_word' id='word_1_428' title='bbox 894 2810 1010 2839; x_wconf 81' lang='lat' dir='ltr'>visum.</span> 
     </span>
    </p>
   </div>
   <div class='ocr_carea' id='block_1_13' title="bbox 1054 2681 1766 2849">
    <p class='ocr_par' dir='ltr' id='par_1_14' title="bbox 1055 2681 1748 2719">
     <span class='ocr_line' id='line_1_60' title="bbox 1055 2681 1748 2719; baseline 0.004 -8"><span class='ocrx_word' id='word_1_429' title='bbox 1055 2681 1120 2712; x_wconf 86' lang='lat' dir='ltr'>lere</span> <span class='ocrx_word' id='word_1_430' title='bbox 1137 2690 1204 2710; x_wconf 87' lang='lat' dir='ltr'>non</span> <span class='ocrx_word' id='word_1_431' title='bbox 1218 2681 1372 2717; x_wconf 85' lang='lat' dir='ltr'>sustinui,</span> <span class='ocrx_word' id='word_1_432' title='bbox 1386 2690 1460 2710; x_wconf 88' lang='lat' dir='ltr'>eum</span> <span class='ocrx_word' id='word_1_433' title='bbox 1473 2681 1507 2711; x_wconf 91' lang='lat' dir='ltr'>in</span> <span class='ocrx_word' id='word_1_434' title='bbox 1517 2692 1555 2711; x_wconf 82' lang='lat' dir='ltr'>eo</span> <span class='ocrx_word' id='word_1_435' title='bbox 1570 2691 1684 2719; x_wconf 71' lang='lat' dir='ltr'>omnes</span> <span class='ocrx_word' id='word_1_436' title='bbox 1691 2683 1748 2714; x_wconf 75' lang='lat' dir='ltr'>alii</span> 
     </span>
    </p>

    <p class='ocr_par' dir='ltr' id='par_1_15' title="bbox 1055 2722 1766 2764">
     <span class='ocr_line' id='line_1_61' title="bbox 1055 2722 1766 2764; baseline 0.003 -10"><span class='ocrx_word' id='word_1_437' title='bbox 1055 2723 1135 2754; x_wconf 79' lang='lat' dir='ltr'>Mss.</span> <span class='ocrx_word' id='word_1_438' title='bbox 1149 2728 1183 2753; x_wconf 91' lang='lat' dir='ltr'>et</span> <span class='ocrx_word' id='word_1_439' title='bbox 1197 2722 1275 2753; x_wconf 83' lang='lat' dir='ltr'>editi</span> <span class='ocrx_word' id='word_1_440' title='bbox 1292 2723 1366 2752; x_wconf 80' lang='lat' dir='ltr'>libri</span> <span class='ocrx_word' id='word_1_441' title='bbox 1379 2723 1599 2754; x_wconf 82' lang='lat' dir='ltr'>consentiant.</span> <span class='ocrx_word' id='word_1_442' title='bbox 1630 2723 1757 2762; x_wconf 55' lang='lat' dir='ltr'>Etim*</span> <span class='ocrx_word' id='word_1_443' title='bbox 1751 2747 1766 2764; x_wconf 41' lang='lat' dir='ltr'>x</span> 
     </span>
    </p>

    <p class='ocr_par' dir='ltr' id='par_1_16' title="bbox 1054 2759 1763 2849">
     <span class='ocr_line' id='line_1_62' title="bbox 1054 2759 1763 2803; baseline -0.001 -6"><span class='ocrx_word' id='word_1_444' title='bbox 1054 2766 1153 2799; x_wconf 70' lang='lat' dir='ltr'>alibi</span> <span class='ocrx_word' id='word_1_445' title='bbox 1146 2776 1179 2796; x_wconf 81' lang='lat' dir='ltr'>in</span> <span class='ocrx_word' id='word_1_446' title='bbox 1195 2766 1255 2795; x_wconf 79' lang='lat' dir='ltr'>hoc</span> <span class='ocrx_word' id='word_1_447' title='bbox 1269 2765 1366 2795; x_wconf 84' lang='lat' dir='ltr'>verbo</span> <span class='ocrx_word' id='word_1_448' title='bbox 1379 2763 1500 2795; x_wconf 85' lang='lat' dir='ltr'>haesere</span> <span class='ocrx_word' id='word_1_449' title='bbox 1513 2759 1648 2797; x_wconf 81' lang='lat' dir='ltr'>librarii.</span> <span class='ocrx_word' id='word_1_450' title='bbox 1719 2792 1723 2794; x_wconf 55' lang='lat'>.</span> <span class='ocrx_word' id='word_1_451' title='bbox 1758 2778 1763 2803; x_wconf 77' lang='lat'>·,</span> 
     </span>
     <span class='ocr_line' id='line_1_63' title="bbox 1095 2806 1749 2849; baseline 0.002 -10"><span class='ocrx_word' id='word_1_452' title='bbox 1095 2811 1136 2839; x_wconf 82' lang='lat'>35</span> <span class='ocrx_word' id='word_1_453' title='bbox 1151 2813 1269 2839; x_wconf 73' lang='lat' dir='ltr'>cuncta</span> <span class='ocrx_word' id='word_1_454' title='bbox 1279 2807 1429 2838; x_wconf 72' lang='lat' dir='ltr'>nobilitas</span> <span class='ocrx_word' id='word_1_455' title='bbox 1438 2806 1657 2849; x_wconf 68' lang='lat' dir='ltr'>‹zo-juventus]</span> <span class='ocrx_word' id='word_1_456' title='bbox 1679 2808 1749 2847; x_wconf 59' lang='lat' dir='ltr'>Jug</span> 
     </span>
    </p>
   </div>
  </div>
 </body>
</html>
