1907 3231
307 154 385 194 7⁶20
897 152 1144 192 ORATIO

306 255 379 310 qui
420 264 583 312 patrem
621 256 920 299 suffocaverit:
961 258 1197 313 sapientem
1226 257 1333 299 nihil
1363 257 1545 314 opinari,
1580 257 1740 300 nullius

307 311 365 352 rei
389 313 614 367 poenitere,
635 313 750 356 nulla
769 315 813 356 in
835 329 878 355 re
900 314 1002 364 falli,
1025 315 1278 357 sententiam
1300 324 1464 357 mutare
1486 324 1735 371 numquam.

223 364 296 411 30
311 368 422 410 Haec
454 369 581 411 homo
612 372 992 427 ingeniosissimus',
1025 371 1091 412 M.
1116 371 1242 422 Cato,
1264 373 1510 413 auctoribus
1539 372 1738 414 eruditis-

246 436 296 470 62
309 426 426 466 simis
448 427 662 478 inductus,
681 428 880 482 arripuit:
915 441 1052 482 neque
1079 428 1323 484 disputandi
1347 444 1489 480 causa,
1511 439 1559 471 ut
1578 440 1738 485 magna

308 497 420 539 pars,
439 484 510 525 sed
534 485 594 526 ita
613 485 796 525 vivendi.
858 484 1019 524 Petunt
1039 485 1198 540 aliquid
1222 486 1462 541 publicani?
1491 501 1596 528 cave
1613 485 1738 541 quid-

308 554 437 594 quam
475 540 632 582 habeat
664 541 869 581 momenti
909 541 1059 596 gratia.
1121 541 1344 598 Supplices
1382 543 1511 598 aliqui
1544 544 1739 593 veniunt,

308 597 452 638 miseri
484 608 527 638 et
554 598 816 640 calamitosi?
847 599 1074 639 sceleratus
1095 608 1138 639 et
1169 599 1354 640 nefarius
1384 599 1528 651 fueris,
1551 601 1584 642 si
1613 599 1755 655 quid-,

306 668 451 708 quam,
481 655 772 695 misericordia
806 655 1028 705 adductus,
1065 654 1230 697 feceris.
1293 656 1468 697 Fatetur
1504 657 1654 712 aliquis
1694 670 1738 697 se

307 725 521 767 peccasse,
541 721 584 751 et
605 711 697 765 ejus
719 711 863 752 delicti
888 713 1050 753 veniam
1077 714 1209 768 petit?
1239 713 1450 754 nefarium
1471 722 1536 754 est
1557 713 1739 764 facinus,

308 769 543 822 ignoscere.
602 769 662 808 At
692 768 783 809 leve
804 768 1006 810 delictum
1028 780 1106 810 est.
1126 769 1271 810 omnia
1292 779 1468 826 peccata
1486 778 1585 811 sunt
1605 771 1738 826 paria.

309 823 473 864 Dixisti
497 825 743 881 quippiam:
775 825 912 867 fixum
935 836 978 867 et
1011 835 1216 868 statutum
1250 836 1328 870 est.
1389 827 1490 870 Non
1513 841 1558 868 re
1585 827 1739 868 ductus

307 895 366 931 es,
386 881 457 922 sed
481 882 703 937 opinione:
736 883 902 939 sapiens
935 883 1043 924 nihil
1071 885 1285 939 opinatur.
1348 883 1508 925 Errasti
1530 883 1673 939 aliqua
1693 884 1738 926 in

307 951 367 977 rc.
404 938 514 979 male
551 939 635 980 dici
677 949 814 995 putat.
877 940 974 982 Hac
1009 955 1063 982 ex
1096 941 1323 997 disciplina
1356 941 1481 982 nobis
1515 941 1587 982 illa
1621 949 1736 986 sunt.

308 993 417 1035 Dixi
440 995 482 1035 in
517 1006 665 1036 senatu
691 1011 759 1038 me
791 1012 947 1038 nomen
980 998 1212 1039 consularis
1239 999 1455 1040 candidati
1484 997 1738 1040 delaturum.

311 1050 449 1092 Iratus
471 1052 635 1093 dixisti.
653 1068 902 1108 numquam,
924 1055 1078 1110 inquit,
1101 1056 1268 1111 sapiens
1291 1055 1499 1097 irascitur.
1546 1054 1607 1096 At
1627 1065 1736 1096 tem-

310 1108 426 1163 poris
454 1124 595 1151 causa.
657 1110 865 1167 Improbi,
895 1112 1049 1167 inquit,
1080 1112 1266 1152 hominis
1296 1123 1374 1163 est,
1405 1111 1628 1153 mendacio
1661 1112 1740 1154 fal-

310 1167 418 1218 lere3
450 1176 614 1208 mutare.
645 1169 913 1220 sententiam,
936 1178 1060 1224 turpe
1092 1179 1179 1220 est3
1210 1170 1392 1220 exorari,
1423 1169 1583 1221 scelus3
1614 1169 1741 1211 mise-

248 1234 297 1266 63
311 1223 408 1273 reri,
439 1224 667 1279 flagitium.
728 1226 876 1266 Nostri
918 1236 1061 1266 autem
1096 1226 1181 1278 isti,
1217 1225 1405 1279 (fatebor
1440 1227 1570 1277 enim,
1613 1225 1739 1276 Cato,

309 1293 379 1319 ine
397 1294 566 1336 quoque
588 1283 630 1323 in
653 1282 953 1333 adolescentia,
984 1283 1171 1324 diffisum
1201 1283 1376 1338 ingenio
1404 1297 1515 1334 meo,
1537 1284 1743 1338 quaesisse

309 1337 558 1392 adjumenta
577 1339 820 1391 doctrinae,)
845 1340 991 1392 nostri,
1022 1341 1212 1395 inquam,
1235 1340 1294 1380 illi
1321 1355 1346 1380 a
1376 1340 1556 1381 Platone
1579 1348 1622 1381 et
1643 1339 1741 1381 Ari-

311 1394 476 1446 stotele,
507 1396 715 1437 moderati
735 1397 928 1437 homines
950 1409 994 1438 et
1015 1397 1255 1453 temperati,
1286 1398 1420 1446 aiunt,
1442 1396 1554 1452 apud
1575 1397 1743 1453 sapien-

309 1460 399 1491 tem
421 1451 557 1493 valere
586 1454 815 1508 aliquando
845 1454 1052 1509 gratiam:
1086 1454 1165 1495 viri
1191 1454 1290 1495 boni
1320 1468 1410 1495 esse
1430 1454 1644 1496 misereri:
1675 1454 1742 1495 di-

310 1508 470 1549 stincta
505 1523 661 1564 genera
693 1525 783 1552 esse
820 1512 1088 1562 delictorum,
1129 1520 1172 1552 et
1206 1511 1395 1567 dispares
1433 1525 1611 1567 poenas:
1651 1518 1743 1552 esse

311 1566 425 1620 apud
448 1565 665 1607 hominem
687 1577 954 1609 constantem
984 1568 1234 1624 ignoscendi
1264 1569 1427 1609 locum:
1459 1569 1599 1624 ipsum
1629 1563 1743 1624 sapi-⁸

312 1631 456 1663 entem
479 1638 591 1678 saepe
620 1624 778 1680 aliquid
810 1626 993 1680 opinari,
1022 1626 1136 1679 quod
1165 1625 1352 1666 nesciat:
1384 1625 1508 1666 irasci
1530 1639 1744 1666 nonnum-

312 1693 466 1733 quam:
498 1682 664 1721 exorari
687 1682 867 1722 eundem
889 1691 932 1722 et
952 1681 1134 1737 placari:
1165 1683 1279 1736 quod
1310 1681 1482 1732 dixerit,
1513 1682 1742 1733 interdum,

316 1735 351 1775 si
375 1736 435 1776 ita
455 1737 611 1778 rectius
638 1739 706 1790 sit,
729 1748 917 1780 mutare:
950 1739 1002 1779 de
1021 1740 1232 1779 sententia
1256 1739 1459 1779 decedere
1486 1738 1742 1794 aliquando:

232 1788 303 1836 31
319 1807 465 1833 omnes
497 1794 674 1835 virtutes
693 1796 988 1836 mediocritate
1013 1796 1197 1851 quadam
1219 1810 1309 1836 esse
1331 1795 1585 1836 moderatas,
1645 1794 1742 1836 Hos

256 1860 303 1893 64
319 1850 370 1889 ad
392 1850 619 1905 magistros
643 1853 676 1892 si
707 1868 792 1907 qua
813 1862 854 1893 te
877 1853 1063 1903 fortuna,
1099 1853 1225 1903 Cato,
1247 1868 1346 1894 cum
1379 1853 1460 1893 ista
1489 1862 1641 1894 natura
1668 1853 1743 1893 de-

271 1907 302 1939 b·
319 1907 507 1948 tulisset:
539 1923 625 1949 non
652 1920 696 1949 tu
728 1910 898 1965 quidem
924 1911 987 1951 vir
1019 1910 1166 1951 melior
1195 1925 1320 1961 esses,
1357 1924 1435 1951 nec
1466 1909 1633 1961 fortior,
1661 1924 1742 1950 nec

314 1966 636 2019 temperantior,
676 1981 754 2008 nec
787 1967 961 2022 justior,
995 1972 1152 2023 (neque
1183 1968 1296 2008 enim
1339 1981 1429 2008 esse
1469 1968 1627 2023 potes,)
1667 1966 1742 2008 sed

313 2021 456 2076 paullo
479 2021 531 2063 ad
555 2022 773 2064 lenitatem
804 2025 1069 2080 propensior.
1100 2039 1185 2066 non
1220 2038 1439 2065 accusares
1462 2024 1586 2065 null-is
1607 2024 1743 2065 addu-

314 2087 409 2119 ctus
432 2079 684 2131 inimicitiis,
705 2081 821 2122 nulla
841 2081 1060 2122 lacessitus
1089 2081 1259 2137 injuria,
1282 2080 1640 2137 pudentissimum
1662 2081 1742 2121 ho-

315 2135 490 2186 minem,
505 2151 670 2178 summa
682 2139 894 2194 dignitate
907 2149 1035 2194 atque
1050 2139 1274 2180 honestate
1288 2139 1514 2195 praeditum
1532 2156 1541 2181 t
1559 2150 1747 2195 putares,

319 2207 416 2233 cum
440 2194 483 2234 in
502 2194 692 2249 ejusdem
715 2196 814 2236 anni
835 2196 1030 2237 custodia
1052 2209 1091 2236 te
1110 2207 1237 2251 atque
1256 2196 1303 2236 L.
1325 2195 1552 2237 Murenam
1570 2195 1745 2236 fortuna

318 2251 545 2305 posuisset,
568 2252 711 2306 aliquo
739 2261 780 2292 te
813 2267 908 2293 cum
944 2253 1024 2293 hoc
1047 2253 1294 2308 reipublicae
1323 2253 1494 2293 vinculo
1516 2267 1607 2294 esse
1638 2266 1743 2293 con-

312 2306 539 2361 junctum:
573 2310 687 2364 quod
707 2310 910 2350 atrociter
927 2310 969 2350 in
994 2319 1139 2351 senatu
1165 2309 1329 2360 dixisti,
1351 2321 1425 2350 aut
1440 2323 1526 2351 non
1545 2310 1742 2360 dixisses,

255 2373 305 2406 65
318 2373 392 2405 aut
410 2366 682 2421 seposuisses,
704 2377 777 2407 aut
793 2367 1006 2407 mitiorem
1030 2368 1071 2407 in
1098 2377 1258 2423 partem
1280 2367 1617 2423 interpretarere.
1676 2366 1743 2408 Ac

318 2430 361 2461 te
391 2421 532 2477 ipsum
564 2427 791 2478 (quantum
821 2438 903 2480 ego
936 2425 1139 2480 opinione
1161 2426 1364 2479 auguror)
1395 2439 1510 2465 nunc
1538 2433 1591 2465 et:
1610 2423 1744 2465 animi

316 2478 501 2532 quodam
525 2479 688 2535 impetu
709 2482 988 2532 concitatum,
1010 2490 1052 2521 et
1075 2482 1113 2521 vi
1135 2490 1296 2522 naturae
1319 2492 1447 2536 atque
1469 2481 1629 2536 ingenii
1659 2480 1744 2521 ela-

316 2544 424 2586 tum,
447 2546 490 2576 et
521 2538 765 2578 recentibus
803 2548 1118 2594 praeceptorum
1160 2538 1312 2579 studiis
1348 2539 1602 2594 fiagrantem
1634 2537 1743 2593 jam,

317 2607 417 2632 usus
450 2594 608 2645 flectet,
630 2595 720 2636 dies
752 2595 895 2646 leniet,
926 2604 1028 2636 aetas
1057 2595 1292 2651 mitigabit.
1332 2594 1526 2636 ·Etenim
1556 2595 1627 2635 isti
1658 2595 1743 2650 ipsi.

315 2649 423 2689 mihi
450 2651 648 2692 videntur
672 2653 803 2693 vestri
825 2663 1108 2708 praeceptores
1142 2663 1184 2693 et
1212 2653 1383 2693 virtutis
1406 2652 1616 2708 magistri,
1637 2651 1745 2692 fines

316 2705 559 2748 officiorum
590 2709 732 2763 paullo
765 2709 950 2765 longius,
973 2725 1101 2764 quam
1127 2719 1278 2750 natura
1312 2709 1450 2759 vellet,
1484 2708 1739 2764 protulisse:

314 2772 376 2816 ut,
398 2778 497 2805 cum
518 2765 572 2806 ad
591 2766 788 2807 ultimum
811 2767 954 2808 animo
968 2767 1350 2818 contendissemus,
1369 2765 1432 2823 ‘ibi
1454 2774 1612 2817 tamen,
1635 2765 1744 2826 9ubj

353 2856 373 2900 ᾗ
394 2866 450 2897 ubi
465 2870 635 2905 oporteret,
650 2865 904 2906 consisteremus]
928 2867 1006 2897 Cor·
1049 2870 1218 2906 oporteret,
1241 2875 1300 2906 pro
1314 2865 1449 2905 vulgato
1473 2870 1605 2907 oportet,
1622 2875 1696 2895 cum
1711 2865 1745 2896 id

311 2917 457 2940 texeram
480 2907 604 2939 dudum
626 2919 644 2938 e
670 2913 857 2950 temporum
880 2909 1007 2940 ratione
1050 2909 1154 2950 reperi
1168 2909 1202 2939 in
1213 2906 1285 2939 edd.
1300 2908 1341 2940 R.
1361 2911 1450 2940 1480.
1467 2908 1522 2940 ΒΓ.
1544 2907 1632 2940 Med.
1646 2908 1747 2938 Junt·

1615 3065 1620 3096 l
