1907 3231
455 101 579 139 ACT.
607 100 658 138 Π.
699 97 888 136 LIBER
913 98 1211 138 QUARTUS.
1479 107 1558 142 353

112 200 282 247 civibus
303 203 586 256 defendenda,
608 219 695 245 non
719 203 941 261 spolianda
974 203 1182 259 improbis
1212 205 1392 247 tradere.
1454 207 1557 249 Non

116 277 276 313 vereor,
307 276 361 303 ne
393 261 488 312 tibi,
522 262 578 308 Q.
615 261 782 312 Catule,
815 261 1054 317 displiceat,
1084 261 1207 316 cujus
1244 264 1555 318 amplissimum

111 319 158 360 in
188 320 292 360 orbe
319 328 541 370 terrarum,
565 318 933 374 clarissimumque
966 327 1295 359 monumentum
1324 331 1403 371 est,
1426 338 1555 376 quam

112 376 320 433 plurimos
355 390 447 416 esse
478 377 677 417 custodes
710 386 1103 426 monumentorum,
1140 385 1183 416 et
1219 386 1370 432 putare
1406 393 1555 421 omnes

114 434 251 475 bonos
284 432 434 474 alienae
463 433 612 489 gloriae
646 434 941 475 defensionem
973 434 1026 474 ad
1048 433 1241 474 officium
1275 450 1399 475 suum
1423 437 1555 491 perti—

111 505 227 531 nere.
288 489 346 531 Et
366 491 541 546 quidem
559 493 711 532 ceteris
735 492 857 532 istius
881 490 1005 532 furtis
1028 500 1156 546 atque
1178 492 1356 548 flagitiis
1379 493 1440 533 ita
1461 509 1552 534 mo-
1564 497 1613 530 83

113 562 229 598 veor,
252 558 300 588 ut
329 562 380 588 ea
412 548 763 605 reprehendenda
795 558 960 590 tantum
996 559 1168 605 putem:
1202 549 1273 589 hic
1297 564 1397 591 vero
1432 559 1553 592 tanto

110 605 258 646 dolore
277 605 458 657 afficior,
483 615 530 647 ut
550 606 709 647 98nihil
731 607 837 647 mihi
853 606 1072 661 indignius
1095 606 1320 647 ferendum
1342 608 1553 650 videatur.

110 662 265 703 Verres
287 662 484 704 Africani
508 664 799 704 monumentis
822 665 997 704 domum
1031 679 1164 713 suam,
1197 663 1554 722 plenam-stupri,

111 719 283 776 plenam
316 721 488 777 fiagitii,
521 720 690 776 plenam
724 721 961 772 dedecoris,
984 722 1184 762 ornabit?
1220 722 1369 762 Verres
1392 727 1432 758 99
1447 732 1556 764 tem-

110 778 368 834 peratissimi
387 779 732 833 sanctissimique
751 778 828 819 viri
845 788 1190 829 monumentum,
1210 778 1363 820 Dianae
1382 781 1555 822 simula·

109 850 231 877 crum
253 836 450 892 virginis,
473 837 517 877 in
547 850 597 876 ea
626 835 756 876 domo
786 834 1033 886 collocabit,
1057 835 1099 876 in
1123 851 1207 891 qua
1229 851 1397 893 semper
1418 853 1554 880 mere-

109 893 267 935 tricum
288 893 577 949 lenonumque
599 893 766 949 flagitia
790 896 1037 935 versantur?

167 950 230 992 At
268 950 354 992 hoc
395 950 533 992 solum
575 949 772 991 Africani
814 958 1142 992 monumentum
1181 951 1378 995 violasti?
1424 953 1635 1009 quid?39

107 1021 134 1050 a
167 1008 474 1064 Tyndaritanis
509 1023 594 1048 non
632 1008 825 1064 ejusdem
863 1008 1079 1065 Scipionis
1113 1009 1322 1051 beneficio
1361 1016 1549 1066 positum
1563 1025 1612 1057 84

109 1066 385 1106 simulacrum
423 1065 648 1117 Mercurii,
686 1066 973 1122 pulcherrime
1009 1066 1188 1118 factum,
1226 1068 1460 1112 sustulisti?
1492 1070 1552 1111 At

108 1122 489 1179 quemadmodum,
513 1123 570 1164 dii
606 1123 892 1166 immortales!
926 1139 1056 1180 quam
1084 1125 1309 1167 audacter!
1343 1141 1472 1181 quam
1504 1128 1553 1168 li-

108 1181 324 1222 bidinose!
358 1195 487 1235 quam
521 1181 814 1237 impudenter!
848 1182 1027 1222 audistis
1060 1196 1198 1238 nuper
1225 1183 1366 1224 dicere
1389 1184 1554 1241 legatos

107 1237 442 1294 TyndaritanoS,
464 1238 660 1279 homines
682 1239 1007 1280 honestissimos
1030 1254 1079 1280 ac
1101 1240 1317 1296 principes
1340 1242 1554 1294 civitatis;

110 1295 398 1347 Mercurium,
433 1295 507 1351 qui
539 1296 668 1337 sacris
699 1296 998 1337 anniversariis
1032 1297 1147 1353 apud
1177 1312 1265 1348 eos,
1302 1314 1352 1340 ac
1389 1315 1556 1341 summa

108 1354 318 1410 religione
350 1353 574 1405 coleretur,
596 1368 725 1408 quem
760 1353 810 1394 P.
830 1353 1077 1405 Africanus,
1111 1354 1382 1412 Karthagine
1412 1368 1553 1414 capta,
1566 1385 1596 1416 ρ,
1612 1379 1687 1409 5320.

108 1410 414 1467 Tyndaritanis
450 1425 536 1451 non
574 1411 710 1451 solum
749 1426 836 1451 suae
874 1411 1085 1463 victoriae,
1118 1412 1191 1452 sed
1221 1413 1352 1453 etiam
1384 1415 1552 1457 illorum
1567 1430 1595 1450 ³·-

109 1469 209 1510 fidei
240 1468 545 1523 societatisque
575 1478 905 1509 monumentum
942 1478 1070 1525 atque
1101 1469 1306 1511 indicium
1341 1471 1553 1527 dedisset3

107 1525 238 1581 hujus
260 1526 319 1576 vi,
343 1525 514 1575 scelere,
538 1525 806 1582 imperioque
823 1541 914 1567 esse
931 1527 1168 1568 sublatum:
1193 1528 1281 1583 qui,
1304 1538 1350 1569 ut
1369 1531 1556 1584 primum

108 1584 153 1624 in
176 1583 280 1624 illud
302 1583 512 1639 oppidum
535 1584 668 1635 venit,
691 1584 852 1635 statim,
875 1593 1095 1640 tamquam
1119 1585 1180 1625 ita
1199 1586 1288 1626 fieri
1311 1601 1397 1627 non
1417 1584 1556 1629 solum

107 1650 342 1698 oporteret,
374 1641 446 1681 sed
484 1641 615 1681 etiam
646 1656 819 1683 necesse
851 1652 977 1693 esset,
1008 1652 1229 1698 tamquam
1266 1643 1349 1685 hoc
1384 1656 1556 1687 senatus

106 1699 366 1749 mandasset,
385 1698 656 1755 populusque
674 1699 1132 1756 Romanusjussisset3
1167 1700 1228 1742 ita
1253 1702 1476 1754 continuo,
1501 1704 1557 1744 si-

108 1771 243 1812 gnum
266 1756 702 1809 utdemolirentur,et
727 1757 974 1798 Messanam
996 1758 1287 1813 deportarent,
1308 1760 1554 1816 imperavit.

109 1814 241 1860 Quod
276 1829 376 1854 cum
412 1814 508 1864 illis,
551 1814 624 1869 qui
666 1815 857 1866 aderant,
892 1815 1149 1871 indignum3
1184 1817 1258 1872 qui
1302 1819 1613 1872 audiebant,85

107 1871 361 1912 incredibile
383 1871 621 1924 videretur3
653 1887 741 1913 non
771 1883 836 1913 est
866 1874 920 1914 ab
952 1873 1049 1924 isto,
1073 1874 1213 1929 primo
1243 1874 1315 1915 illo
1348 1876 1552 1929 adventu,

107 1938 441 1986 perseveratum.
479 1929 702 1971 discedens
735 1931 913 1972 mandat
946 1946 1160 1987 proagoro
1199 1931 1399 1988 Sopatro,
1429 1935 1553 1990 cujus

107 1988 247 2028 verba
271 1986 466 2037 audistis,
500 1996 548 2027 ut.
580 1987 853 2029 demoliatur.
917 1987 1029 2029 Cum
1064 2000 1292 2041 recusaret,
1325 1992 1554 2034 vehemen-

107 2054 172 2086 ter
191 2045 397 2085 minatur.
418 2044 480 2084 ita
502 2054 594 2085 tum
617 2060 672 2086 ex
696 2044 767 2086 illo
797 2045 960 2102 oppido
991 2046 1295 2102 proficiscitur.
1351 2051 1408 2080 ¹00
1421 2050 1555 2091 Proa-

106 2117 237 2159 gorus
259 2101 390 2143 refert
411 2115 501 2142 rem
523 2101 575 2143 ad
594 2113 815 2146 senatum:
850 2103 1126 2144 vehementer
1143 2105 1332 2161 undique
1350 2108 1555 2149 reclama-

106 2170 190 2201 tur.
210 2174 264 2201 ne
279 2159 440 2201 multa:
474 2159 630 2201 iterum
646 2160 727 2201 iste
743 2160 964 2216 aliquanto
983 2171 1081 2217 post
1097 2161 1150 2203 ad
1168 2161 1262 2204 illos
1281 2165 1411 2216 venit,
1434 2180 1554 2221 quae-

105 2218 162 2259 rit
182 2218 391 2272 continuo
414 2216 467 2258 de
489 2217 630 2273 signo.
653 2219 935 2274 respondetur
963 2220 1017 2270 ei,
1040 2230 1236 2260 senatum
1268 2236 1353 2262 non
1376 2224 1554 2278 permit-

107 2284 220 2317 tere:
252 2289 432 2332 poenam
454 2275 610 2332 capitis
642 2276 941 2328 constitutam,
964 2277 998 2317 si
1032 2277 1198 2333 injussu
1233 2289 1404 2320 senatus
1437 2282 1554 2336 quis-

105 2347 236 2388 quam
257 2332 499 2389 attigisset:
533 2333 660 2374 simul
693 2333 844 2390 religio
872 2345 1250 2377 commemoratur.
1311 2336 1424 2378 Tum
1445 2339 1551 2381 iste:

105 2405 236 2446 quam
258 2390 366 2432 mihi
389 2390 644 2447 religionem
676 2394 846 2433 narras?
878 2407 1009 2447 quam
1043 2397 1250 2448 poenam?
1280 2409 1408 2450 quem
1433 2411 1554 2439 sena-

106 2450 224 2490 tum?
256 2448 404 2490 vivum
427 2457 470 2489 te
491 2463 579 2490 non
603 2448 862 2505 relinquam:
893 2450 1077 2491 moriere
1100 2450 1247 2507 virgis,
1276 2452 1358 2493 nisi
1381 2454 1554 2511 signum

148 2607 188 2638 98
216 2605 302 2636 nihil
327 2606 409 2636 mihi
436 2606 609 2645 indignius
623 2605 806 2646 ferendum
853 2606 924 2636 niat
937 2606 1034 2637 alicui
1046 2608 1079 2637 in
1093 2612 1240 2638 mentem
1253 2612 1554 2649 temperantissimi,

104 2648 186 2687 vid]
216 2648 363 2678 Graevius
389 2660 407 2679 e
422 2649 486 2680 Ms.
503 2649 592 2687 regio
604 2648 694 2679 dedit
718 2659 750 2679 n.
765 2659 808 2678 m.
853 2648 941 2687 quod
966 2650 1000 2680 in
1027 2649 1087 2680 tali
1112 2649 1234 2690 elogio,
1258 2651 1452 2692 simpliciter
1478 2665 1554 2685 cum

104 2690 286 2728 indignius,
305 2691 389 2722 nihil
400 2693 509 2722 minus
511 2691 549 2731 f.
563 2702 594 2721 v.
609 2691 697 2730 qnod
711 2696 745 2721 et
759 2697 809 2722 cst
852 2692 956 2722 virtus
971 2692 1180 2731 exprimitur,
1197 2694 1352 2724 usitatius
1365 2704 1430 2726 est:
1454 2697 1510 2727 sed
1521 2703 1556 2728 et

106 2731 140 2761 in
156 2733 219 2762 Gu.
242 2731 411 2772 eleganter
436 2744 525 2764 sane.
550 2734 612 2764 Sed
627 2739 660 2764 et
675 2734 811 2772 indigne
853 2738 1055 2773 temperatus
1068 2735 1262 2775 simpliciter
1274 2737 1319 2767 sic
1334 2740 1488 2769 occurrit.

93 2773 196 2813 ferre
210 2774 339 2805 dicitur.
377 2776 423 2806 Et
436 2782 487 2807 est
501 2787 607 2807 sermo
623 2776 661 2806 de
677 2776 749 2807 sola
760 2777 810 2806 in-
902 2779 959 2806 100
983 2776 1178 2815 Proagorus
1190 2777 1293 2817 refert
1307 2781 1391 2820 rem]
1411 2780 1475 2812 ΜΞ.
1493 2782 1556 2813 Gu-

104 2816 297 2856 dignatione
310 2822 344 2847 et
359 2818 482 2849 dolore.
855 2828 923 2849 non
939 2818 1041 2850 habet
1048 2829 1246 2859 proagorus.

148 2864 189 2894 99
213 2861 478 2899 temperatissimi
500 2872 525 2892 s.
545 2861 591 2901 za]
629 2861 737 2892 Facile
757 2871 811 2892 ve-

169 2915 278 2943 VOL.
304 2916 361 2943 11.
794 2919 822 2945 A
847 2918 871 2944 a
