1907 3231
272 137 354 174 390
804 99 877 172 ¹-N
908 131 1186 171 VERREM

280 245 439 296 posset.
501 236 604 279 Huc
634 251 781 280 omnes
805 238 1015 292 muliereS,
1038 237 1296 291 quibuscum
1320 235 1400 276 iste
1422 242 1719 285 consueverat,

283 294 623 348 conveniebant3
645 310 824 351 quarum
843 294 1092 335 incredibile
1109 303 1174 334 est
1193 302 1354 348 quanta
1373 292 1607 334 multitudo
1630 292 1722 332 fue-

285 353 344 394 rit
375 352 610 409 Syracusis.
643 353 726 394 huc
757 353 953 392 homines
973 350 1093 406 digni
1113 350 1235 391 istius
1257 350 1463 401 amicitia,
1486 350 1607 406 digni
1634 349 1724 389 vita

147 420 184 452 Ρ·
203 409 361 452 24‘2·illa
391 410 688 465 conviviisque
719 409 962 449 veniebant.
1026 407 1144 447 Inter
1171 407 1382 462 ejusmodi
1407 408 1518 449 viros
1550 421 1599 447 ac
1626 420 1722 446 mu·-

246 461 276 482 δ’
289 467 425 519 lieres,
457 467 602 508 adulta
633 475 760 507 aetate
792 465 902 505 filius
934 466 1206 506 versabatur:
1238 473 1287 504 ut
1316 479 1428 515 eum,
1449 463 1617 505 etiamsi
1649 477 1725 504 na-

290 534 387 567 tura
417 540 442 565 a
479 524 664 581 parentis
701 521 981 563 similitudine
1019 521 1247 578 abriperet,
1281 522 1547 563 consuetudo
1580 530 1725 561 tamen

228 575 276 615 3‘1
292 598 341 624 ac
374 581 602 637 disciplina
631 579 740 635 patri
775 578 956 618 similem
988 593 1078 633 esse
1109 586 1298 634 cogeret.
1359 578 1461 620 Huc
1490 578 1637 620 Tertia
1655 576 1729 618 illa

292 639 498 697 perducta
517 652 591 693 per
613 636 757 677 dolum
781 644 908 691 atque
923 636 1097 677 insidias
1117 636 1170 676 ab
1187 635 1360 676 Rhodio
1381 636 1572 686 tibicine,
1586 634 1726 675 maxi-

289 712 382 739 mas
401 696 444 736 in
478 694 600 734 istius
630 692 780 734 castris
814 692 1006 733 effecisse
1037 694 1183 734 turbas
1216 692 1388 742 dieitur,
1421 706 1519 733 cum
1547 692 1727 747 indigne

291 761 509 810 pateretur
530 766 641 792 uxor
665 750 909 791 Cleomenis
941 750 1212 806 Syracusani,
1233 749 1392 790 nobilis
1417 749 1583 800 mulier,
1604 750 1729 790 item-

294 824 377 865 que
410 808 697 858 AEschrionis,
740 807 921 848 honesto
953 808 1049 848 loco
1086 817 1200 857 nata,
1233 806 1277 847 in
1310 815 1570 847 conventum
1603 820 1729 847 suum

294 866 418 909 mimi
443 865 596 907 Isidori
618 865 751 906 filiam
784 865 964 906 venisse.
1025 864 1113 906 Iste
1146 873 1288 905 autem
1321 863 1557 914 Hannibal,
1578 863 1651 918 qui
1684 863 1729 904 in

297 924 384 965 suis
406 924 556 965 castris
577 923 737 963 virtute
759 929 930 978 putaret
951 931 1163 978 oportere,
1186 937 1271 962 non
1304 935 1459 978 genere
1480 922 1647 972 certari,
1669 921 1731 961 sic

297 981 410 1023 hanc
431 980 620 1022 Tertiam
642 980 809 1028 dilexit,
841 988 888 1019 ut
909 994 1003 1020 eam
1033 994 1178 1021 secum
1199 981 1239 1009 38
1250 993 1303 1019 ex
1328 979 1552 1034 provincia
1577 978 1732 1034 depor-

220 1029 286 1078 13
302 1047 424 1080 taret.
483 1037 549 1079 Ac
572 1051 647 1093 per
662 1052 734 1077 eos
762 1035 867 1087 dies,
886 1051 985 1077 cum
1003 1037 1084 1077 iste
1105 1051 1201 1077 cum
1225 1036 1350 1093 pallio
1375 1046 1611 1092 purpureo,
1627 1034 1732 1089 tala-

299 1096 419 1151 rique
442 1095 588 1136 tunica
611 1103 848 1135 versaretur
870 1094 913 1134 in
936 1093 1147 1134 conviviis
1168 1093 1463 1144 muliebribus,
1486 1108 1571 1134 non
1595 1092 1732 1133 offen-

298 1154 510 1194 debantur
538 1151 734 1193 homines
755 1151 797 1191 in
820 1165 894 1203 eo3
927 1165 1065 1206 neque
1095 1151 1272 1191 moleste
1302 1150 1510 1201 ferebant,
1531 1152 1680 1191 abesse
1709 1164 1736 1190 a

297 1210 393 1252 foro
427 1209 742 1266 magistratum,
772 1222 858 1249 non
887 1209 961 1264 jus
997 1208 1098 1259 dici,
1132 1223 1217 1248 non
1242 1207 1411 1263 judicia
1441 1207 1557 1249 fieri:
1585 1207 1732 1248 locum

297 1267 419 1308 illum
441 1267 577 1308 litoris
602 1280 850 1322 percrepare
879 1275 1019 1306 toturn
1050 1265 1277 1305 mulierum
1301 1265 1493 1318 vocibus,
1518 1266 1735 1319 cantuque

298 1324 587 1381 symphonias,
603 1324 646 1364 in
669 1323 763 1364 foro
785 1322 1001 1363 silentium
1022 1337 1112 1363 esse
1135 1337 1349 1363 summum
1368 1336 1589 1362 causarum
1606 1331 1736 1377 atque

294 1382 423 1437 juris,
446 1397 533 1423 non
566 1381 762 1421 ferebant
793 1380 988 1421 homines
1022 1379 1214 1420 moleste.
1245 1394 1333 1420 non
1355 1380 1469 1420 enim
1485 1379 1560 1434 jus
1588 1380 1738 1420 abesse

302 1439 530 1480 videbatur
551 1454 576 1479 a
595 1438 704 1487 foro,
724 1451 861 1492 neque
876 1437 1058 1492 judicia,
1081 1437 1153 1478 sed
1173 1437 1249 1488 vis,
1272 1446 1315 1477 et
1336 1436 1578 1487 crudelitas,
1594 1445 1638 1477 et
1660 1437 1737 1477 bo-

239 1491 290 1524 32
303 1511 455 1538 norum
478 1496 632 1537 acerba
652 1503 780 1550 atque
811 1495 989 1550 indigna
1018 1494 1217 1550 direptio.
1279 1494 1412 1534 Hunc
1432 1502 1479 1534 tu
1501 1494 1636 1550 igitur
1655 1493 1737 1533 im·-

301 1563 544 1610 peratorem
560 1566 651 1593 esse
667 1551 876 1603 defendis,
895 1551 1128 1593 Hortensi?
1160 1551 1286 1605 hujus
1310 1551 1436 1601 furta,
1456 1551 1640 1606 rapinas,
1661 1565 1737 1591 cu-

301 1611 545 1667 piditatem,
568 1609 878 1660 crudelitatem,
893 1609 1152 1664 superbiam,
1167 1608 1316 1658 scehm,
1339 1608 1576 1659 audaciam,
1596 1621 1735 1648 rerum

303 1678 520 1724 gestarum
554 1666 854 1722 magnitudine
888 1676 1017 1721 atque
1049 1666 1333 1721 imperatoriis
1363 1665 1560 1706 laudibus
1591 1674 1737 1720 tegere

301 1725 498 1766 conaris?
531 1723 620 1764 Hic
645 1723 809 1764 scilicet
830 1731 894 1764 est
923 1724 1218 1773 metuendum,
1241 1736 1296 1762 ne
1317 1722 1368 1762 ad
1402 1723 1568 1763 exitum
1591 1722 1739 1763 defen-

302 1781 435 1823 sionis
459 1790 560 1831 tuae,
588 1789 710 1821 vetus
733 1780 803 1821 illa
824 1779 1073 1821 Antoniana
1103 1779 1273 1821 dicendi
1304 1778 1412 1819 ratio
1439 1788 1568 1834 atque
1589 1786 1739 1820 aucto-

296 1840 406 1880 ritas
440 1838 703 1895 proferatur3
736 1851 789 1877 ne
817 1838 1031 1879 excitetur
1065 1837 1230 1887 Verres,
1265 1850 1316 1876 ne
1347 1836 1587 1877 denudetur
1618 1851 1643 1877 a
1665 1849 1740 1893 pe-

305 1905 439 1946 ctore,
454 1910 507 1936 ne
523 1895 746 1936 cicatrices
761 1895 945 1951 populus
962 1894 1184 1935 Romanus
1199 1893 1423 1949 adspiciat,
1445 1908 1499 1934 ex
1513 1893 1741 1934 mulierum

243 1961 293 1996 33
307 1968 449 1994 morsu
474 1953 658 2009 vestigia
680 1952 870 1992 libidinis
893 1961 1021 2007 atque
1046 1951 1265 2007 nequitiae.
1316 1950 1388 1991 Dii
1414 1950 1588 2002 faciant,
1612 1959 1658 1992 ut
1679 1952 1740 1992 rei

305 2010 518 2060 militaris,
540 2020 588 2050 ut
611 2009 708 2050 belli
731 2010 995 2050 mentionem
1018 2009 1157 2050 facere
1179 2008 1349 2050 audeas.
1411 2007 1742 2064 Cognoscentur

307 2068 421 2109 enim
442 2067 587 2108 omnia
610 2067 730 2117 istius
754 2081 840 2107 aera
861 2066 931 2107 illa
952 2076 1109 2117 vetera,
1132 2075 1193 2116 ut,
1216 2080 1303 2107 non
1327 2066 1462 2106 solum
1485 2066 1529 2106 in
1546 2065 1602 2106 im
1637 2066 1742 2117 erio,

260 2134 292 2165 b.
307 2140 453 2166 verum
473 2120 603 2166 etiam
624 2124 665 2164 in
690 2124 914 2180 stipendiis
944 2123 1080 2179 qualis
1103 2122 1246 2173 fuerit,
1269 2123 1533 2179 intelligatis.
1595 2081 1740 2164 Reno-

306 2183 478 2223 vabitur
497 2182 631 2238 prima
662 2181 732 2221 illa
753 2181 921 2232 militia,
944 2196 1041 2221 cum
1066 2181 1145 2222 iste
1167 2184 1239 2221 39e
1261 2180 1355 2221 foro
1377 2180 1548 2231 abduci,
1569 2194 1671 2232 non,
1695 2189 1744 2221 ut

304 2240 397 2295 ipse
433 2239 655 2295 praedicat‚
683 2239 859 2294 perduci
882 2239 1061 2279 solebat.
1093 2238 1289 2280 aleatoris
1322 2237 1570 2284 Placentini,
1602 2246 1743 2278 castra

303 2297 778 2337 commemorabuntur:
812 2296 856 2336 in
877 2295 1033 2351 quibus
1065 2311 1163 2336 cum
1187 2296 1384 2350 frequens
1408 2294 1572 2345 fuisset,
1595 2292 1740 2336 tamen

304 2368 388 2395 aere
409 2354 574 2394 dirutus
597 2360 675 2393 est.
698 2353 833 2393 multa
853 2354 945 2409 ejus
967 2353 1011 2393 in
1031 2353 1255 2409 stipendiis
1276 2353 1432 2393 damna
1452 2350 1739 2408 proferentur,

347 2497 387 2524 38
410 2504 452 2533 >ez·
468 2494 639 2534 provincia
661 2493 860 2533 deportares]
887 2494 939 2524 Sic
953 2504 1002 2524 re·
1045 2493 1186 2529 luxuria,
1210 2497 1346 2533 propter
1359 2492 1444 2532 quod
1469 2491 1618 2523 addictus
1639 2493 1744 2524 credi-

306 2537 399 2576 posui
413 2548 431 2566 e
447 2537 525 2566 Mss.
549 2535 664 2566 Lamb.
687 2541 721 2565 et
743 2537 846 2576 Regio
869 2536 1001 2573 Graevii,
1046 2537 1109 2566 tori
1127 2541 1160 2566 et
1173 2535 1331 2566 abductus
1348 2536 1388 2566 ab
1402 2544 1440 2565 eo
1453 2534 1491 2565 de
1513 2535 1584 2565 foro
1604 2535 1741 2566 domum

308 2578 371 2608 Gu.
386 2588 446 2617 pro
461 2582 661 2617 arportctret,
677 2578 766 2616 quod
780 2579 906 2619 peperi-t
922 2588 1005 2618 prae-
1048 2583 1110 2615 est,
1125 2582 1159 2608 et
1175 2578 1335 2608 obnoxius
1349 2578 1454 2608 faetus
1466 2576 1594 2607 libidini
1609 2577 1741 2608 alienae:

308 2619 424 2650 cedens
439 2630 580 2659 acprov.
597 2620 692 2658 idque
705 2625 755 2650 est
779 2620 914 2650 verbum
932 2630 1004 2660 pro-
1048 2620 1190 2650 alterum
1216 2619 1367 2660 intelligo
1396 2619 1435 2650 de
1469 2619 1570 2650 Verre
1596 2619 1744 2660 expetito

308 2661 417 2702 prium
432 2662 466 2691 in
488 2662 549 2692 hac
571 2672 618 2698 rc,
634 2662 720 2700 quod
741 2667 776 2693 et
797 2662 875 2693 alibi
891 2663 925 2693 in
947 2673 1000 2693 ex·
1045 2667 1180 2703 propter
1195 2663 1335 2692 sormam
1350 2662 1390 2692 ad
1411 2661 1595 2698 libidinem,
1611 2666 1646 2692 et
1667 2671 1742 2702 pro-

301 2708 439 2744 pnrtare
455 2707 619 2733 mutatum
635 2708 694 2734 cst.
1044 2709 1156 2745 pterea
1168 2705 1202 2735 in
1218 2705 1288 2735 foro
1303 2704 1452 2744 quaesito,
1476 2707 1510 2734 ct
1531 2703 1647 2734 deinde
1668 2713 1742 2744 per-

350 2748 391 2780 39
404 2745 504 2784 erro
519 2746 646 2783 abduci,
661 2747 900 2786 non—perduci
923 2748 1000 2776 sole·
1044 2747 1143 2777 ducto
1172 2747 1212 2777 ad
1233 2755 1301 2783 eos,
1327 2746 1381 2785 qui
1400 2756 1477 2776 eum
1504 2745 1545 2776 ad
1570 2745 1740 2776 libidinem

308 2788 388 2826 hat]
408 2788 585 2825 Fluctuant
600 2788 634 2817 in
649 2788 683 2818 h.
698 2788 720 2818 l.
744 2790 803 2819 viri
826 2788 927 2823 docti,
951 2796 1000 2819 at-
1043 2793 1246 2830 expeterent.
1290 2789 1415 2819 Abduci
1429 2789 1468 2818 de
1469 2787 1552 2826 foro
1573 2788 1639 2818 fere
1654 2788 1693 2818 de
1707 2788 1742 2818 vi

305 2840 369 2868 que
384 2829 549 2860 interdum
564 2830 664 2859 etiam
679 2841 713 2861 se
728 2830 911 2871 impediunt
926 2831 997 2871 ipsi.
1042 2831 1253 2870 intelligitur,
1282 2830 1318 2861 in
1345 2831 1551 2869 servitutem,
1574 2830 1609 2860 in
1631 2839 1741 2861 carce-

295 2871 382 2912 *Ego
396 2873 541 2915 primum
557 2871 707 2911 intelligo
729 2872 768 2903 de
782 2883 846 2904 aere
859 2872 966 2907 alieno
981 2884 999 2905 e
1043 2884 1126 2912 rem,
1144 2884 1164 2905 a
1176 2873 1403 2905 creditoribus.
