1907 3231
925 8 934 41 5

298 122 374 155 414
828 118 898 155 IN
925 116 1201 156 VERREM

299 221 480 276 quisque
501 223 600 264 navi
630 221 746 263 dicat
769 236 813 263 se
847 230 1013 262 tantum
1036 219 1239 260 habuisse
1262 227 1504 271 nautarum,
1526 228 1735 275 quan-tum

301 280 556 335 oportuerit,
579 293 715 334 neque.
737 293 994 334 quemquam
1011 291 1102 317 esse
1118 277 1356 318 dimissum.
1376 277 1436 318 illi
1458 277 1676 318 enimvero
1693 292 1737 318 se

300 337 548 388 ostendunt,
561 337 677 392 quod
699 336 838 384 vellet,
861 349 951 374 esse
972 333 1176 374 facturos.
1210 333 1296 375 Iste
1317 349 1402 375 non
1425 335 1735 391 procrastinat:

303 394 484 435 advocat
507 395 666 435 amicos
687 402 830 433 statim
848 408 856 432 ε
881 391 1038 445 quaerit
1058 404 1112 430 ex
1128 390 1194 431 his
1217 391 1482 447 singillatim,
1500 401 1607 447 quot
1620 391 1737 446 quis-

301 465 386 506 que
416 461 567 492 nautas
602 449 814 490 habuerit.
847 448 1068 503 respondit
1103 448 1407 503 unusquisque,
1436 457 1485 490 ut
1514 458 1605 490 erat
1625 463 1736 504 prae-

301 517 491 565 ceptum.
555 507 642 548 Iste
665 507 707 546 in
740 504 905 546 tabulas
927 505 1080 546 refert:
1112 503 1317 560 obsignat
1345 506 1478 561 signis
1500 505 1737 547 amicorum

304 566 533 621 providens
565 565 722 613 homo;
754 571 802 602 ut
843 570 994 602 contra
1024 561 1108 602 hoc
1140 562 1318 612 crimen,
1349 562 1382 602 si
1423 563 1595 618 quando
1628 577 1736 618 opus

217 631 289 665 108
304 634 427 672 esset,
451 623 530 663 hac
555 620 753 661 videlicet
785 618 1089 660 testificatione
1117 628 1321 659 uteretur.
1385 618 1586 661 Derisum
1608 620 1739 661 credo

302 695 392 721 esse
424 679 643 719 hominem
674 686 888 717 amentem
920 691 945 716 a
971 677 1056 716 suis
1086 676 1355 725 consiliariis,
1378 686 1422 717 et
1450 677 1736 727 admonitum,

301 737 430 777 hasce
451 736 489 776 ei
514 735 680 776 tabulas
702 733 809 775 nihil
835 733 1100 789 profuturas:
1133 733 1264 773 etiam
1289 732 1381 787 plus
1402 747 1457 774 ex
1480 733 1614 774 nimia
1628 749 1738 790 prae-

301 794 406 834 toris
428 792 653 848 diligentia
672 791 927 847 suspicionis
951 791 993 832 in
1010 805 1061 831 eo
1078 790 1256 832 crimine
1276 790 1484 831 futurum.
1541 790 1641 832 Jam
1658 791 1738 832 iste

300 861 392 891 erat
420 850 502 891 hac
525 849 708 890 stultitia
738 848 883 889 multis
906 849 949 889 in
984 849 1108 889 rebus
1141 862 1257 897 usus,
1279 856 1329 887 ut
1350 848 1522 903 publice
1551 862 1737 903 quoque,

301 923 399 963 quae
422 907 562 958 vellet,
585 908 628 948 in
656 907 883 948 civitatum
919 905 1069 946 litteris
1100 913 1144 945 et
1180 904 1270 946 tolli
1302 913 1345 945 et
1374 904 1737 960 referrijuberet:

304 980 400 1020 quae
423 965 569 1005 omnia
599 979 712 1004 nunc
736 963 939 1018 intelligit
969 963 1049 1002 sibi
1081 961 1188 1003 nihil
1221 963 1435 1018 prodesse,
1456 971 1740 1019 posteaquam

220 1010 292 1059 40
305 1022 431 1064 certis
453 1021 620 1072 litteris,
642 1020 840 1070 testibus,
862 1020 1278 1075 auctoritatibusque
1299 1020 1587 1061 convincitur.
1650 1019 1738 1061 Ubi

303 1080 386 1121 1106
404 1079 535 1129 videt,
557 1081 597 1110 5-'0
611 1078 780 1119 illorum
802 1077 1132 1127 confessionem,
1156 1077 1503 1118 testificationem
1526 1092 1660 1128 suam,
1675 1086 1738 1118 ta-

302 1137 437 1187 bulas,
452 1137 533 1177 sibi
554 1135 670 1176 nullo
694 1135 761 1190 adj
771 1145 944 1175 umento
962 1133 1151 1186 futuras3
1184 1134 1265 1174 init
1285 1134 1528 1185 consilium,
1548 1149 1636 1175 non
1660 1135 1738 1175 im·-

300 1195 425 1250 probi
458 1193 669 1250 praetoris‚
702 1197 820 1245 (nam
855 1192 896 1233 id
929 1192 1104 1248 quidem
1139 1201 1250 1232 esset
1285 1192 1542 1242 ferendum)
1565 1192 1636 1233 sed
1660 1192 1738 1232 im-

300 1253 474 1308 portuni
499 1260 628 1306 atque
648 1250 830 1291 amentis
854 1249 1040 1305 tyranni.
1063 1248 1228 1299 statuit,
1251 1249 1285 1289 si
1316 1249 1399 1290 1106
1430 1250 1592 1290 crimen
1618 1258 1739 1290 exte-

301 1324 432 1350 nuare
454 1308 594 1359 vellet,
617 1313 734 1361 (nam
757 1308 934 1348 omnino
958 1306 1047 1348 tolli
1071 1321 1196 1362 posse
1217 1321 1302 1346 non
1320 1307 1643 1358 arbitrabatur)
1666 1320 1739 1347 na—

216 1371 288 1405 104
304 1367 482 1408 varchos
500 1380 662 1416 omnes,
686 1374 814 1406 testes
832 1365 895 1406 sui
915 1364 1098 1415 sceleris,
1121 1364 1210 1404 vita
1231 1378 1321 1405 esse
1345 1364 1591 1420 privandos.
1652 1362 1740 1405 Oc-

301 1425 501 1466 currebat
523 1424 594 1464 illa
616 1423 750 1465 ratio:
782 1423 885 1477 quid
915 1421 1147 1462 Cleomene
1178 1421 1276 1462 fiet?
1308 1431 1515 1478 poterone
1545 1420 1740 1462 animad-

301 1490 464 1523 vertere
506 1481 549 1522 in
583 1495 670 1531 eos,
705 1495 812 1536 quos
848 1480 966 1521 dicto
1006 1479 1227 1520 audientes
1262 1492 1353 1520 esse
1379 1478 1518 1533 jussi?
1559 1479 1738 1520 missum

300 1540 440 1581 facere
460 1553 573 1589 eum,
594 1539 664 1579 cui
686 1537 914 1594 imperium
936 1544 1278 1593 potestatemque
1299 1536 1470 1592 permisi
1488 1538 1501 1576 ?
1532 1544 1749 1591 poterone.

167 1618 198 1649 p.
215 1608 372 1640 957605
406 1596 575 1637 afficere
608 1595 835 1652 suppliciO,
872 1596 945 1650 qui
984 1593 1261 1636 Cleomenem
1295 1593 1429 1634 secuti
1452 1603 1581 1635 sunt:
1613 1593 1739 1650 igno-

255 1659 285 1679 a.
300 1669 415 1696 scere
439 1653 765 1708 Cleomeni,qui
788 1667 932 1693 secum
956 1651 1104 1708 fugere
1125 1660 1168 1691 et
1191 1665 1234 1691 se
1249 1650 1630 1706 consequijussit?
1662 1665 1740 1706 po-

298 1722 448 1753 terone
478 1712 521 1752 in
544 1725 617 1752 eos
649 1725 740 1751 esse
763 1709 1007 1760 vehemens,
1040 1709 1113 1764 qui
1146 1723 1275 1749 naves
1307 1709 1464 1762 inanes
1487 1722 1575 1748 non
1607 1706 1737 1749 modo

298 1769 559 1819 habuerunt,
583 1769 655 1809 scd
686 1767 817 1809 etiam
839 1769 875 1798 21
890 1775 1057 1823 apertas
1076 1783 1085 1808 ε
1118 1765 1162 1806 111
1185 1779 1282 1806 611111
1304 1764 1552 1816 dissolutus,
1573 1764 1647 1820 qui
1671 1780 1738 1806 so-

296 1827 360 1868 lus
384 1827 583 1867 habuerit
605 1835 867 1866 constratam
890 1839 1043 1865 navem
1058 1832 1102 1864 et
1120 1823 1260 1864 minus
1278 1823 1570 1864 exinanitam?
1593 1833 1757 1877 pereat?

299 1884 553 1925 Cleomenes
576 1898 674 1924 una.
726 1882 813 1924 Ubi
836 1881 940 1922 fides
959 1884 971 1923 ?
1003 1881 1076 1921 ubi
1099 1881 1443 1922 exsecrationes?
1474 1879 1549 1921 ubi
1571 1879 1737 1921 dextrae

300 1941 664 1997 complexusque?
695 1940 769 1981 ubi
804 1939 908 1980 illud
944 1937 1278 1981 contubernium
1311 1937 1530 1979 muliebris
1568 1936 1736 1979 militiae

302 1999 346 2039 in
378 1999 450 2040 illo
480 1998 785 2040 delicatissimo
815 1997 968 2039 litore?
1000 1996 1091 2036 fieri
1125 1995 1241 2037 nullo
1273 1996 1403 2037 modo
1427 2002 1610 2051 poterat,
1631 1995 1737 2049 quin

216 2074 288 2107 105
304 2056 526 2098 Cleomeni
563 2064 818 2111 parceretur.
881 2054 1159 2095 Cleomenem
1196 2063 1337 2095 vocat.
1357 2053 1478 2103 dicit,
1509 2052 1564 2102 ei,
1587 2065 1630 2091 se
1653 2061 1737 2092 sta-

304 2115 432 2155 tuisse
463 2113 801 2154 animadvertere
831 2112 876 2152 111
905 2125 1053 2152 01111165
1076 2111 1338 2152 navarchos:
1370 2111 1431 2151 ita
1462 2109 1526 2150 sui
1558 2108 1736 2165 periculi

299 2172 485 2213 rationes
508 2170 617 2211 ferre
639 2186 688 2211 ac
711 2169 938 2226 postulare.
992 2168 1091 2210 Tibi
1109 2168 1182 2209 uni
1205 2183 1391 2224 parcam,
1410 2177 1453 2208 et
1466 2166 1598 2208 totius
1615 2166 1737 2208 istius

302 2229 443 2285 culpae
480 2228 644 2269 crimen
679 2227 1128 2283 vituperationemque
1161 2225 1464 2266 inconstantiae
1495 2223 1640 2279 potius
1669 2239 1738 2264 su-

297 2287 493 2343 scipiam,
523 2300 653 2340 quam
675 2295 750 2325 aut
782 2286 826 2325 in
858 2293 899 2325 te
936 2284 1015 2324 sim
1049 2282 1247 2335 erudelis,
1270 2292 1345 2324 aut
1373 2291 1452 2333 tot,
1476 2290 1563 2321 tam
1586 2295 1737 2337 graves

296 2353 425 2385 testes
448 2343 570 2384 vivos
598 2342 919 2396 incolumesque
952 2355 1043 2382 6556
1077 2340 1229 2397 patiar.
1288 2338 1398 2396 Agit
1428 2338 1587 2395 gratias
1611 2337 1738 2379 Cleo-

295 2415 455 2452 menes,
483 2401 697 2456 approbat
732 2399 981 2440 consilium:
1014 2398 1136 2449 dicit,
1170 2397 1231 2438 ita
1261 2397 1351 2437 fieri
1376 2404 1588 2453 oportere.
1647 2393 1739 2436 Ad-

295 2468 446 2500 monet
468 2466 611 2499 tamen
635 2457 754 2509 illud,
776 2456 892 2512 quod
915 2457 1045 2497 istum
1069 2455 1255 2513 fugerat,
1279 2455 1322 2495 in
1342 2453 1604 2509 Phalargum
1625 2451 1737 2494 Cen-

338 2618 380 2647 530
402 2615 535 2646 illorum
549 2614 632 2653 conf.
647 2614 744 2654 testgf.
760 2613 872 2654 suam]
913 2614 994 2645 Haec
1037 2612 1241 2652 mant,quod
1254 2612 1288 2643 in
1301 2612 1412 2643 literas
1427 2611 1568 2642 relatum
1577 2616 1664 2643 erat:
1677 2613 1738 2643 sic-

295 2657 427 2689 Graevio
441 2657 551 2698 spuria
566 2658 731 2693 videntur,
747 2661 781 2687 et
793 2668 810 2686 e
826 2657 934 2696 glossa
944 2662 995 2687 ta·
1037 2662 1077 2686 ut
1101 2656 1139 2686 iis
1165 2659 1380 2696 opponuntur
1407 2665 1483 2685 mox
1505 2659 1601 2685 certoe
1622 2655 1737 2692 literoe,

299 2699 451 2730 bularum
465 2704 554 2730 nuta.
592 2699 637 2730 At
650 2700 747 2730 nimis
763 2700 849 2729 clare
864 2708 997 2738 respon·
1039 2703 1145 2734 testes,
1159 2698 1380 2728 auctoritates.

296 2742 378 2773 dent
403 2742 509 2776 tribus
533 2742 806 2781 praecedentibus:
842 2741 996 2771 navarchi
1083 2743 1118 2772 521
1137 2739 1285 2779 apertas]
1301 2740 1377 2769 Sine
1392 2742 1572 2775 tect0‚non
1588 2742 1739 2769 constra-

295 2783 414 2814 dicunt
427 2785 462 2814 in
476 2783 542 2814 suis
559 2784 694 2814 navibus
718 2793 892 2814 numerum
916 2793 998 2814 nau·
1039 2788 1104 2819 tas,
1118 2788 1156 2812 ut
1166 2792 1241 2812 mox
1255 2782 1423 2817 dicuntur,
1433 2781 1577 2820 adeoque
1590 2789 1658 2810 non
1668 2779 1738 2810 bel-

296 2830 408 2857 tarum
420 2826 531 2856 fuisse:
549 2826 692 2856 refertur
707 2826 776 2856 haec
790 2826 950 2856 confessio
963 2826 997 2855 in
1039 2825 1132 2862 licas,
1149 2834 1188 2854 ex
1201 2824 1317 2863 quibus
1335 2823 1473 2863 pugnari
1488 2828 1611 2866 posset,
1626 2821 1741 2865 quales

296 2868 444 2900 tabulas:
467 2872 570 2899 testes
584 2868 797 2900 confessionis
819 2869 920 2909 signis
943 2869 998 2900 fir·
1041 2871 1119 2899 sunt
1134 2866 1304 2900 onerariae.
1326 2876 1355 2896 v.
1373 2866 1462 2898 Clav.
