1907 3231
486 150 605 190 PRO
631 149 754 189 SEX.
786 148 1009 189 ROSCIO
1039 146 1335 187 AMERINO.
1579 146 1629 194 8?

191 253 370 296 domum
399 269 520 297 suam
549 255 796 297 auferebat:
827 254 952 312 plura
971 252 1082 295 clam
1111 252 1165 294 de
1185 251 1329 293 medio
1351 249 1626 291 removebat:

192 325 279 352 non
306 326 445 368 pauca
477 313 563 354 suis
594 313 864 369 adjutoribus
895 312 1013 367 large
1046 309 1265 364 effuseque
1285 307 1498 349 donabat:
1530 305 1628 346 reli-

189 383 290 424 qua,
311 370 549 411 constituta
569 371 784 422 auctione,
815 369 1043 412 vendebat.
1104 366 1236 414 Quod
1258 363 1474 407 Amerinis
1493 353 1675 417 usque9

189 439 241 466 eo
274 426 414 467 visum
446 437 512 468 est
548 428 792 485 indignum,
823 437 872 468 ut
911 427 1015 467 urbe
1056 433 1148 466 tota
1185 424 1312 465 fletus
1354 421 1626 479 gemitusque

189 482 327 523 fieret.
389 483 562 526 Etenim
583 486 721 527 multa
741 485 867 526 simul
888 493 987 525 ante
1009 482 1156 524 oculos
1175 481 1478 522 versabantur:
1510 491 1624 517 mors
1637 482 1693 518 24

190 537 380 581 hominis
399 542 708 594 florentissimi,
728 543 830 584 Sex.
852 541 1016 591 Roscii,
1039 539 1354 582 crudelissima:
1388 536 1464 577 filii
1483 543 1627 575 autem

185 595 287 651 ⁴ejus
313 608 482 654 egestas
515 599 837 657 indignissima,
869 600 940 641 cui
969 599 1022 640 de
1052 606 1174 638 tanto
1197 594 1459 653 patrimonio
1481 592 1628 648 praedo
1641 598 1672 628 b.

188 652 273 694 iste
301 655 490 698 nefarius
520 672 573 698 ne
620 659 701 699 iter
734 658 909 714 quidem
943 657 996 697 ad
1035 655 1277 712 sepulcrum
1310 651 1499 709 patrium
1534 648 1630 690 reli-

183 711 375 766 quisset:
426 715 640 756 bonorum
682 716 816 757 emtio
854 713 1086 770 flagitiosa,
1137 711 1356 768 flagitiosa
1402 707 1630 765 possessio,

188 767 320 821 furta,
359 772 538 827 rapinae,
569 773 840 814 donationes.
910 771 1053 812 Nemo
1096 778 1202 820 erat,
1244 769 1317 824 qui
1356 781 1442 808 non
1484 765 1632 806 ardere

189 827 338 868 omnia
357 829 518 881 mallet,
548 845 677 885 quam
708 830 853 872 videre
884 829 928 870 in
961 828 1064 869 Sex.
1088 826 1253 878 Roscii,
1285 825 1366 866 viri
1388 823 1543 880 optimi
1566 831 1631 863 at-

187 897 274 938 que
295 883 603 939 honestissimi,
636 888 761 929 bonis
787 891 823 919 15
830 886 1073 942 jactantem
1105 899 1148 925 se
1179 899 1228 925 ac
1259 882 1555 924 dominantem
1577 879 1628 921 T.

190 939 417 985 Roscium.
469 943 623 1000 Itaque
652 944 935 986 decurionum
968 944 1189 985 decretum
1223 941 1369 982 statim
1400 938 1464 990 fit,
1489 947 1535 979 ut
1556 938 1628 979 de·
1641 938 1695 975 25

188 1001 435 1056 cem-primi
469 1002 799 1058 proficiscantur
830 1003 884 1043 ad
916 1001 965 1042 L.
1001 1000 1178 1051 Sullam,
1211 999 1481 1052 doceantque
1514 1010 1629 1047 eum,

188 1056 262 1111 qui
286 1057 352 1097 vir
374 1058 476 1100 Sex.
501 1058 686 1101 Roscius
722 1060 873 1109 fuerit:
907 1066 1227 1114 conquerantur
1261 1056 1315 1097 de
1337 1055 1517 1096 istorum
1541 1067 1632 1094 sce-

186 1112 287 1164 lere,
321 1123 365 1155 et
393 1115 589 1171 injuriis3
622 1127 759 1168 orent,
782 1127 831 1158 ut
863 1125 907 1158 et
939 1115 1052 1157 illius
1085 1114 1247 1156 mortui
1280 1113 1456 1162 tamam,
1480 1119 1524 1151 et
1554 1110 1632 1151 filii

187 1169 432 1214 innocentis
454 1173 651 1216 fortunas
669 1183 943 1216 conservatas
963 1173 1080 1214 velit.
1145 1171 1288 1227 Atque
1312 1171 1460 1227 ipsum
1483 1169 1630 1210 decre-

185 1235 298 1279 tum,
327 1245 490 1285 quaeSO,
523 1233 788 1289 cognoscite.
824 1244 1097 1273 DECRETUM
1134 1240 1490 1271 DECURIONUM.
1553 1225 1633 1267 Le-

191 1286 283 1341 gati
318 1287 362 1328 in
393 1298 534 1329 castra
563 1290 756 1331 veniunt.
789 1288 1059 1344 intelligitur,
1084 1287 1271 1342 judices,
1306 1285 1363 1335 id,
1397 1283 1513 1339 quod
1538 1283 1633 1338 jam

186 1352 288 1384 ante
309 1344 417 1396 dixi,
445 1346 718 1402 imprudente
743 1346 791 1388 L.
812 1345 944 1397 Sulla,
965 1345 1124 1386 scelera
1145 1344 1241 1386 haec
1272 1354 1315 1384 et
1335 1342 1502 1398 flagitia
1525 1340 1630 1381 fieri.

188 1399 305 1442 Nam
328 1402 474 1443 statim
495 1403 809 1461 Chrysogonus
827 1413 870 1444 et
891 1404 983 1460 ipse
1006 1403 1059 1444 ad
1072 1417 1146 1444 eos
1163 1401 1346 1451 accedit,
1369 1409 1413 1440 et
1434 1398 1632 1439 homines

188 1458 356 1499 nobiles
381 1459 586 1517 16allegat
610 1462 676 1514 iis,
699 1462 772 1517 qui
796 1470 1007 1518 peterent,
1030 1475 1084 1502 ne
1114 1460 1168 1501 ad
1197 1458 1359 1500 Sullam
1386 1456 1567 1506 adirent,
1590 1464 1633 1496 et

185 1515 334 1557 omnia
365 1516 717 1576 Chrysogonum,
740 1535 838 1575 quae
875 1518 1047 1570 vellent,
1075 1532 1166 1559 esse
1203 1516 1419 1558 facturum
1461 1512 1635 1569 pollice-

184 1583 347 1615 rentur.
409 1575 556 1631 Usque
585 1577 692 1618 adeo
723 1586 868 1618 autem
895 1577 965 1617 ille
998 1577 1294 1633 pertimuerat,
1317 1581 1365 1614 ut
1391 1572 1502 1613 mori
1528 1569 1696 1612 mal-26

185 1628 258 1682 let,
281 1647 410 1687 quam
434 1633 486 1674 de
520 1634 585 1675 his
620 1636 746 1676 rebus
781 1634 944 1676 Sullam
975 1633 1135 1675 doceri.
1199 1631 1413 1673 Homines
1445 1629 1629 1684 antiqui,

183 1688 337 1744 quiex
372 1706 448 1732 sua
476 1701 631 1733 natura
658 1702 824 1734 ceteros
853 1691 1083 1748 fingerent,
1114 1705 1213 1732 cum
1248 1689 1318 1730 ille
1340 1687 1631 1737 confirmaret,

184 1760 276 1787 sese
293 1762 453 1789 nornen
477 1748 579 1791 Sex.
603 1749 754 1792 Roscii
785 1750 837 1791 de
869 1750 1026 1791 tabulis
1059 1757 1348 1797 exemturum,
1374 1744 1536 1801 praedia
1559 1758 1631 1785 va-

183 1818 267 1845 cua
297 1805 385 1847 filio
420 1807 703 1861 traditurum3
745 1822 932 1863 cumque
965 1807 1008 1848 id
1039 1807 1101 1847 ita
1130 1805 1325 1846 futurum
1358 1802 1410 1844 T.
1443 1801 1630 1843 Roscius

182 1860 361 1918 Capito,
383 1864 457 1919 qui
489 1864 533 1904 in
559 1864 604 1906 X
629 1865 782 1922 legatis
813 1874 918 1916 erat,
950 1864 1295 1921 appromitteret,
1326 1860 1628 1902 crediderunt:

182 1917 405 1962 Ameriam
434 1935 479 1962 re
521 1922 689 1964 inorata
726 1932 1010 1965 reverterunt.
1068 1921 1135 1963 Ac
1168 1921 1310 1977 primo
1337 1933 1427 1960 rem
1456 1916 1630 1959 differre

178 1978 375 2032 quotidie
408 1994 458 2020 ac
490 1981 802 2035 procrastinare
832 1980 893 2022 illi
924 1988 1176 2037 coeperunt:
1210 1977 1366 2019 deinde
1404 1975 1626 2031 aliquanto

178 2033 361 2078 lentius:
394 2036 504 2077 nihil
536 2052 677 2094 agere,
712 2048 840 2094 atque
879 2038 1102 2080 deludere:
1145 2045 1364 2093 postremo
1400 2033 1464 2087 (id
1507 2032 1625 2088 quod

179 2091 307 2135 facile
328 2093 595 2136 intellectum
618 2098 700 2147 est)
722 2096 899 2137 insidias
922 2097 1023 2137 vitae
1043 2094 1224 2150 hujusce
1248 2094 1350 2134 Sex.
1375 2091 1524 2132 Roscii
1549 2104 1624 2145 pa-

178 2164 285 2202 rare,
307 2166 447 2207 neque
470 2166 559 2194 sese
581 2153 778 2195 arbitrari
809 2168 934 2210 posse
965 2153 1128 2195 diutius
1160 2151 1343 2192 alienam
1375 2148 1619 2205 pecuniam,

176 2207 355 2251 domino
377 2209 599 2262 incolumi,
621 2211 832 2252 obtinere.
894 2212 1024 2258 Quod
1043 2212 1078 2251 is
1098 2209 1225 2251 simul
1247 2219 1376 2263 atque
1399 2206 1545 2256 sensit,
1566 2205 1620 2245 de
1639 2202 1704 2249 10

178 2266 418 2309 amicorum
459 2278 834 2325 cognatorumque
867 2269 1080 2310 sententia
1110 2267 1298 2308 Romam
1330 2263 1544 2319 confugit,
1576 2271 1618 2303 et
1632 2276 1684 2318 27

178 2337 270 2366 sese
291 2325 345 2367 ad
371 2328 407 2360 17
424 2324 663 2379 Caeciliam,
694 2326 880 2382 Nepotis
913 2326 1062 2377 filiam,
1100 2339 1230 2380 quam
1273 2321 1450 2364 honoris
1492 2335 1622 2362 causa

222 2475 258 2503 15
263 2471 455 2513 jactantem
476 2485 508 2505 se
529 2485 568 2505 ac
586 2474 686 2515 donn]
715 2473 831 2505 Addidi
845 2484 878 2504 se
920 2473 976 2504 sed
989 2472 1173 2514 elegantius
1188 2472 1298 2502 abesse
1312 2470 1353 2501 iis
1367 2468 1523 2506 concedo,
1539 2477 1622 2510 prae-

173 2520 215 2545 ex
236 2515 308 2545 edd.
331 2526 379 2556 pr.
402 2517 518 2556 quibus
541 2518 707 2549 consentit
729 2517 794 2547 ΜΞ.
814 2517 876 2548 Gu.
919 2517 1033 2547 sertim
1049 2526 1124 2546 cum
1140 2514 1250 2555 paullo
1261 2518 1338 2544 ante
1357 2512 1400 2542 sit
1415 2512 1461 2542 ad
1472 2522 1534 2549 eos,
1557 2523 1622 2552 quo

173 2557 357 2597 Vulgarum
371 2559 513 2600 intelligi
526 2570 604 2591 sane
616 2565 739 2601 potest,
752 2559 808 2590 scd
820 2560 878 2590 du·
921 2559 1032 2590 referri
1046 2559 1171 2596 allegat
1185 2560 1306 2597 potest.
1340 2554 1496 2585 Ceterum
1509 2560 1621 2586 totum

175 2600 242 2630 rius
257 2600 290 2631 id
303 2606 366 2638 est,
381 2601 540 2642 longeque
560 2603 752 2634 concinnior
775 2607 809 2632 et
823 2602 878 2632 (ἲί-
921 2603 1046 2641 allegat
1060 2602 1100 2630 iis
1113 2600 1204 2630 abest
1216 2598 1266 2629 ed.
1280 2598 1406 2628 Juntae.

173 2643 359 2674 ceronianae
394 2645 624 2676 consuetudini
659 2644 798 2676 similior
833 2644 872 2675 fit
962 2647 997 2677 Π
1017 2640 1419 2682 Coeciliant,ll⁷e710tisfll.]
1435 2640 1619 2673 Infr.c.·50.

173 2684 292 2722 oratio,
308 2687 333 2716 si
347 2687 392 2717 sic
406 2697 439 2717 se
453 2689 686 2728 interponitur.
917 2686 1039 2718 dicitur
1052 2685 1188 2724 Nepotis
1196 2693 1298 2720 soror,
1311 2687 1341 2713 ec
1353 2682 1618 2725 Balearicz'filia,

219 2727 257 2758 16
270 2729 396 2767 allegat
409 2730 463 2769 iis]
499 2731 681 2761 Lambinus
702 2730 749 2761 sie
770 2730 874 2760 latine
918 2730 1013 2769 cujus
1036 2727 1196 2758 Balearici
1222 2726 1309 2756 filius
1332 2725 1398 2755 fuit
1411 2725 1534 2765 Nepos.
1578 2725 1619 2756 In

172 2768 237 2799 dici
256 2777 368 2810 negat,
390 2773 588 2813 corrigitque
611 2775 749 2813 allegat,
770 2773 812 2803 ab
833 2773 875 2802 iis
916 2778 1055 2810 utroque
1077 2769 1163 2807 loco,
1189 2778 1314 2805 vereor,
1341 2777 1382 2798 ne
1407 2767 1479 2802 ista!
1500 2768 1567 2798 sint
1599 2780 1617 2799 a

173 2813 230 2851 qui
238 2822 274 2852 p.
297 2814 384 2852 quod
399 2820 450 2845 est
471 2825 548 2846 sane
570 2816 702 2855 elegans
723 2820 760 2846 et
780 2814 874 2846 valde
918 2813 1169 2853 glossatoribus:
1208 2820 1268 2842 nec
1294 2819 1375 2851 opus
1400 2814 1473 2840 erat
1498 2810 1533 2839 in
1558 2810 1618 2841 tali

171 2854 289 2893 probat
312 2856 469 2888 Graevius.
514 2857 644 2888 Falsum
676 2862 787 2889 autem
811 2857 874 2895 est,
919 2856 1108 2886 narratione
1123 2855 1188 2886 ista
1205 2853 1312 2893 elogia
1327 2851 1413 2891 addi,
1435 2852 1619 2892 praesertim

175 2897 325 2936 allegare
347 2899 448 2929 alicui
462 2900 524 2931 dici
549 2900 651 2931 latine
673 2909 740 2932 non
760 2909 870 2942 posse:
916 2899 1049 2929 iterum.
1220 2902 1223 2905 ’

862 2948 940 2984 ΠΒ
