1907 3231
239 109 291 162 ss
678 106 759 154 ,ΙΝ
793 107 842 149 Q.
880 107 1221 146 CAECILIUM

290 221 362 246 non
386 211 512 258 possit.
565 212 745 256 Alteram,
765 214 873 262 quod,
891 225 971 262 cum
993 217 1146 261 quoestor
1164 214 1197 248 ei
1215 217 1292 249 tum
1309 211 1443 262 fuerit,
1462 212 1675 260 etiam-ipse

293 262 328 298 in
357 263 550 310 quastione
582 264 636 312 (F.
665 266 782 302 etiam
809 266 890 302 sine
916 265 1178 314 inquisitione)
1205 266 1357 302 crimina
1384 265 1520 300 noi-crit
1544 263 1676 309 Verris,

296 314 470 357 Tertiam,
490 317 587 363 quod
606 316 747 355 Siculus
761 330 830 366 pro
849 316 981 353 Siculis
999 321 1098 364 agat.
1143 314 1400 364 Hujziscemodi
1415 317 1673 365 propositioni—-

293 366 354 403 bus
375 366 496 403 Cicero
514 368 721 416 designatus
738 370 852 405 a‘dilis
875 369 929 405 his
954 381 1014 404 sex
1032 370 1209 418 capitibus
1233 370 1431 418 respondet.
1476 370 1672 405 Accusato-

289 430 363 454 rem
383 430 459 454 eum
480 432 552 455 csse
575 426 761 469 oportere:
793 421 863 462 Qui
882 422 1013 457 invitus
1031 423 1172 469 cogitur
1189 422 1362 468 religione
1384 420 1506 469 officii,
1525 424 1675 468 rogatus

290 471 335 507 ab
353 472 512 508 omnibus
532 473 664 509 Siculis
676 488 688 509 .·
719 473 791 514 Qui
817 485 885 521 pro
902 473 1086 521 republica
1103 478 1215 522 agat.-
1248 474 1358 514 Quem
1377 474 1513 514 volunt,
1533 475 1594 521 qui
1613 485 1674 508 ac-

290 529 439 559 cusant:
472 524 583 564 Quem
607 526 746 567 meluit,
773 527 835 572 qui
859 530 1068 562 accusatur:
1100 526 1170 567 Qui
1194 527 1339 562 idoneus
1363 530 1413 561 est
1433 525 1617 574 facundia
1639 528 1676 560 et

288 576 518 611 innocentia:
550 576 621 616 Qui
651 577 716 612 hoc
737 576 839 626 facit
866 579 1072 613 imitatione
1104 577 1291 624 mqjorum.
1319 577 1466 613 Divisio
1487 579 1672 625 principa-

291 628 336 663 lis
362 640 434 663 una
463 629 505 663 de
530 640 567 663 se
594 631 682 677 ipso,
703 630 821 666 altera
849 631 892 666 de
909 631 1133 666 contentione
1148 632 1205 666 sui
1222 634 1257 665 et
1277 629 1422 667 Caecilii.
1477 630 1672 665 Divinatio

289 681 425 716 dicitur
443 680 514 715 licec
532 683 663 723 oratio,
683 683 770 729 quia
797 694 867 718 non
886 683 928 718 de
945 681 1055 730 facto
1073 684 1246 730 quaeritur
1263 686 1298 718 et
1317 680 1533 728 conjectura,
1551 682 1614 717 sed
1631 682 1674 717 de

277 731 427 780 futuro,
447 744 525 780 quoe
542 738 594 768 est
612 735 800 776 divinatio,
821 735 874 780 (F.
893 746 969 770 non
985 734 1031 770 de
1049 734 1150 771 facto
1168 734 1362 784 quaeritur,
1380 733 1446 770 sed
1463 733 1511 770 de
1528 733 1675 776 futuro,

291 796 374 833 quae
402 790 459 821 est
486 785 668 822 dixin-atio
695 792 733 822 et
759 785 995 834 conjectura)
1018 791 1099 823 uter
1122 787 1246 823 debeat
1269 798 1446 823 accusare.
1491 786 1571 822 Alii
1594 787 1674 822 ideo

285 841 421 885 putant
440 838 697 874 divinationem
715 839 800 881 dici,
815 841 911 887 quod
930 837 1081 885 injurati
1089 838 1230 886 judices
1248 841 1287 875 in
1305 839 1372 875 liae
1389 850 1498 875 causa
1513 839 1672 880 sedeant,

288 893 343 930 ut,
362 891 458 937 quod
475 891 598 932 velint,
614 893 823 939 pra’sentire
841 893 884 927 de
900 896 1052 939 utroque
1064 893 1216 940 possint.
1243 892 1335 934 Alii,
1354 891 1450 939 quod
1465 902 1521 926 res
1540 895 1672 938 agatur

287 943 364 978 sine
383 942 539 983 testibus,
559 947 593 978 et
609 945 685 979 sine
703 944 848 986 tabulis,
866 948 900 979 et
919 944 974 979 his
992 946 1137 980 remotis
1153 948 1367 991 argumenta
1382 943 1462 979 sola
1477 947 1673 991 sequantur

280 992 435 1039 judices,
455 999 489 1030 et
507 997 611 1042 quasi
628 996 798 1032 divinent.
842 997 980 1043 Agitur
997 1000 1116 1032 autem
1135 1009 1242 1032 causa
1259 996 1449 1032 senatoriis
1466 992 1618 1041 Judiciis
1638 996 1673 1030 in

289 1047 427 1082 invidia
444 1048 542 1095 apud
554 1048 727 1095 populum
748 1049 951 1083 constitutis
966 1050 1194 1096 corruptione
1210 1049 1417 1089 multorum,
1434 1048 1571 1083 vexatis·
1583 1059 1670 1096 pro-

287 1099 415 1133 vinciis
433 1099 605 1141 omnibus,
625 1111 668 1134 ac
684 1101 790 1135 sociis
811 1100 941 1148 populi
969 1099 1126 1136 Romani
1144 1099 1255 1149 fessis
1277 1105 1352 1136 toto
1371 1100 1452 1136 orbe
1480 1103 1670 1140 terrarum,

287 1149 445 1186 libidine
475 1155 514 1186 et
540 1151 741 1200 iniquitate
772 1151 1040 1188 Romanorum
1072 1153 1380 1202 magistratuum,
1411 1152 1675 1200 accusatoribus

286 1204 583 1250 prcecaricatione
609 1203 814 1252 infaniz'buS,
828 1205 1032 1254 flagitante
1055 1205 1158 1253 plebe
1174 1203 1320 1250 judicia
1337 1205 1507 1252 equestris
1525 1205 1672 1244 ordinis,

287 1255 496 1303 quoeferme
513 1261 596 1291 ante
613 1269 725 1292 annos
743 1257 786 1292 X
797 1259 912 1292 victor
930 1257 1036 1293 Sulla
1061 1257 1269 1299 sustulerat,
1289 1260 1519 1304 cognoscente
1545 1258 1587 1292 de
1610 1268 1673 1305 pc-

288 1309 402 1343 cuniis
429 1310 635 1356 repetundis
662 1309 716 1345 M.
741 1309 936 1345 Glabrione
959 1314 1126 1357 praetore,
1155 1314 1190 1345 et
1221 1310 1451 1358 amplissimis
1481 1309 1675 1356 quibusque

286 1361 461 1396 senatorii
479 1361 615 1396 ordinis
623 1359 888 1407 judicantibus,
906 1374 1046 1398 summa
1063 1363 1327 1410 exspectatione
1345 1365 1563 1397 cunctorum.
1606 1362 1674 1397 Ge-

286 1423 354 1447 nus
376 1424 502 1454 ccaesae,
532 1413 727 1450 honestum.
783 1413 923 1457 Status,
952 1415 1111 1461 qualitas
1138 1414 1330 1461 negotialis
1357 1415 1605 1461 comparativa
1631 1414 1675 1449 de

286 1466 534 1500 constituendo
563 1470 782 1507 accusatore,
811 1467 873 1514 qui
897 1468 1123 1514 potissimum
1152 1468 1195 1502 de
1221 1467 1367 1507 duobus,
1397 1470 1461 1501 aut
1491 1467 1554 1513 qui
1578 1465 1674 1501 solus

286 1521 438 1552 accuset.
458 1518 546 1553 dicit
568 1519 662 1554 enim
683 1518 858 1562 Coeoilius,
879 1523 943 1554 aut
970 1531 992 1554 a
1018 1530 1056 1554 se
1081 1519 1321 1554 accusandum
1339 1529 1411 1553 esse
1433 1517 1588 1560 Verrem,
1607 1521 1672 1554 aut

286 1581 309 1604 a
325 1580 363 1605 se
381 1581 529 1618 quoque.

192 1679 219 1724 1
239 1663 309 1728 SI
340 1687 435 1743 quis
457 1698 659 1740 vestrum,
683 1689 869 1745 judiees,
891 1698 965 1731 aut
988 1703 1136 1730 eorum
1157 1689 1230 1744 qui
1261 1688 1430 1739 adsunt,
1452 1689 1563 1730 forte
1594 1688 1674 1730 mi-

202 1750 366 1795 lratur,
398 1760 479 1796 me,
510 1747 583 1801 qui
616 1756 679 1787 tot
711 1762 845 1788 annos
875 1747 917 1787 in
940 1748 1078 1788 causis
1104 1746 1368 1803 judiciisque
1397 1746 1581 1803 publicis
1615 1746 1676 1787 ita

234 1803 314 1843 sim
337 1812 543 1854 versatus,
564 1813 613 1844 ut
633 1803 897 1845 defenderim
920 1805 1093 1855 multos,
1116 1803 1299 1845 laeserim
1320 1804 1551 1855 neminem,
1573 1804 1676 1845 sub-⁵

234 1860 297 1906 ito
325 1874 440 1902 nunc
471 1870 636 1902 mutata
654 1860 889 1913 voluntate,
910 1862 963 1903 ad
994 1862 1281 1903 accusandum
1311 1861 1592 1913 descendere3
1621 1860 1674 1912 is,

233 1917 268 1957 si
300 1918 382 1958 mei
415 1918 581 1960 consilii
613 1933 785 1960 causam
814 1919 1111 1975 rationemque
1141 1919 1408 1976 cognoverit,
1435 1931 1520 1960 una
1540 1926 1584 1959 et
1614 1918 1673 1970 id,

231 1975 346 2030 quod
379 1974 506 2027 facio,
537 1977 754 2032 probabit,
785 1986 828 2018 et
866 1977 910 2018 in
948 1976 1028 2018 hac
1062 1991 1191 2018 causa
1224 1975 1420 2033 profecto
1456 1975 1675 2018 neminem

194 2033 567 2088 Qpraeponendum
591 2035 681 2074 esse
703 2033 808 2075 mihi
831 2044 1018 2075 actorem
1041 2034 1226 2091 putabit.
1286 2033 1397 2075 Cum
1419 2041 1608 2089 quaestor
1629 2033 1673 2074 in

231 2086 379 2131 sic'ilia
400 2090 589 2141 fuissem,
605 2091 791 2146 judices,
813 2092 958 2147 itaque
984 2106 1038 2133 ex
1068 2107 1120 2133 ea
1139 2091 1364 2148 provincia
1383 2091 1672 2141 decessissem,

227 2156 276 2187 ut
317 2147 471 2195 Siculis
513 2149 713 2189 omnibus
755 2149 996 2204 jucundam
1037 2149 1368 2203 diuturnamque
1418 2149 1672 2190 memoriam

225 2213 456 2258 quaesturae
498 2205 771 2260 nominisque
811 2206 895 2247 mei
937 2206 1250 2262 relinquerem3
1297 2205 1462 2247 factum
1498 2214 1577 2257 est,
1606 2205 1670 2247 uti

225 2276 324 2302 cum
347 2277 562 2305 summum
593 2263 636 2304 in
658 2263 873 2305 veteribus
904 2265 1095 2320 patronis
1117 2263 1278 2314 multis,
1302 2271 1395 2304 tum
1415 2261 1671 2304 nonnullum

224 2319 354 2359 etiam
379 2320 421 2360 in
443 2334 513 2361 me
544 2320 791 2376 praesidium
814 2322 899 2362 suis
922 2322 1106 2363 fortunis
1127 2321 1413 2363 constitutum
1434 2335 1526 2362 esse
1556 2320 1670 2366 arbi-

225 2385 452 2417 trarentur.
514 2378 601 2424 Qui
631 2392 744 2419 nunc
775 2379 966 2435 populati
1000 2389 1129 2435 atque
1158 2378 1319 2428 vexati,
1342 2378 1487 2420 cuncti
1517 2377 1572 2422 ad
1601 2391 1671 2418 me

225 2433 396 2489 publice
418 2449 532 2491 saepe
555 2444 777 2486 venerunt,
802 2447 847 2476 ut
871 2452 1042 2477 suarum
1064 2437 1333 2478 fortunarum
1355 2434 1548 2477 omnium
1568 2449 1670 2476 cau-

224 2505 314 2531 sam
336 2491 715 2548 defensionemque
746 2493 1030 2550 susciperem:
1061 2508 1131 2535 me
1161 2507 1275 2549 saepe
1296 2507 1386 2538 esse
1411 2491 1668 2550 pollicitum,

225 2562 340 2604 saepe
370 2550 606 2590 ostendisse
637 2550 853 2601 dicebant,
878 2551 911 2591 si
943 2551 1058 2607 quod
1085 2555 1284 2606 ltempus
1314 2550 1555 2601 accidisset,
1581 2564 1669 2605 quo

226 2614 419 2661 tempore
441 2605 599 2662 aliquid
622 2623 647 2647 a
664 2622 732 2648 me
763 2609 1040 2664 requirerent,
1063 2607 1301 2649 commodis
1323 2621 1471 2649 eorum
1491 2621 1560 2648 me
1579 2621 1668 2648 non

189 2675 213 2709 3
227 2661 488 2708 defuturum.
549 2663 728 2706 Venisse
751 2675 917 2722 tempus
939 2666 1128 2721 ajebant,
1150 2679 1237 2706 non
1254 2665 1350 2720 jam
1371 2673 1421 2706 ut
1440 2663 1670 2707 commoda.

270 2810 280 2837 l
309 2811 435 2848 tempus
462 2809 641 2850 accidisset]
681 2809 844 2842 Usitatius
874 2816 925 2843 est
967 2812 1080 2846 formis
1095 2812 1288 2846 insolentius
1302 2811 1431 2844 dicitur.

224 2850 396 2882 incidisset.
441 2852 503 2884 Sed
518 2853 663 2885 accidere
677 2853 778 2886 etiam
799 2855 832 2885 in
852 2853 924 2887 aliis
