1907 3231
279 134 330 170 22
875 127 1124 165 ORATIO

279 247 366 275 non
387 232 570 289 denique
587 231 673 274 ulla
688 245 876 287 unquam
896 230 1134 273 intercessit
1157 228 1550 286 postulatio,2mitt0
1573 241 1712 283 aequa,

279 304 427 332 verum
458 301 556 332 ante
586 290 669 330 lioc
701 298 867 344 tempus
900 303 951 329 ne
982 287 1110 328 fando
1145 286 1319 341 quidem
1350 286 1509 329 audita.
1571 284 1639 327 De
1668 298 1714 326 re

278 348 525 405 pecuniaria
545 347 674 403 cupio
695 345 976 388 contendere:
1011 359 1094 385 non
1119 343 1232 385 licet.
1272 343 1333 384 At
1353 358 1403 384 ea
1423 341 1715 386 controversia

280 414 359 446 est.
382 404 487 446 nihil
511 405 561 445 ad
585 418 652 445 mc
674 403 852 453 attinet3
884 416 1055 443 causam
1078 400 1231 456 eapitis
1253 400 1386 451 dicas,
1407 409 1592 457 oportet.
1625 397 1712 440 Ac-

280 477 396 512 cusa,
420 462 491 503 ubi
523 463 583 502 ita
613 474 781 501 necesse
811 469 889 500 est.
921 473 1022 507 non,
1047 457 1201 512 inquit,
1228 458 1308 498 nisi
1332 466 1378 498 tu
1409 467 1522 508 ante,
1543 460 1583 491 77
1597 469 1711 497 novo

280 519 425 570 modo,
456 519 595 575 priore
626 518 720 558 loco
751 517 924 557 dixeris,
957 515 1186 556 dicendum
1216 515 1451 556 necessario
1481 523 1569 556 est:
1602 527 1713 570 prae-

285 577 510 617 stituendae
539 576 654 616 horae
686 574 737 615 ad
769 572 992 613 arbitrium
1025 580 1239 613 nostrum:
1264 571 1402 626 judex
1425 571 1566 627 78ipse
1597 583 1714 611 arce-

220 642 274 682 72
288 634 416 675 bitur.
478 632 595 679 Quid
627 633 744 672 tum?
775 629 840 670 Tu
870 629 1053 685 aliquem
1086 637 1311 684 patronum
1342 628 1546 677 invenies,
1577 625 1716 667 homi-

287 705 381 732 nem
421 689 585 744 antiqui
619 688 767 738 officii,
797 686 869 742 qui
903 686 1172 742 splendorem
1212 695 1420 736 nostrum,
1451 695 1495 726 et
1532 683 1715 741 gratiam

285 747 504 803 negligat?
537 760 612 802 pro
636 759 704 785 me
727 743 939 800 pugnabit
962 743 1010 784 L.
1034 743 1273 799 Philippus,
1295 742 1360 784 elo
1396 741 1552 791 nentia,
1575 738 1717 797 gravi·

286 814 385 855 tate,
412 806 571 845 honore
603 801 929 843 florentissimus
951 800 1164 841 civitatis:
1196 799 1311 841 dicet
1342 757 1614 849 &ortensiuffi
1636 810 1718 838 ex-

285 861 439 903 cellens
481 860 670 915 ingenio,
714 858 954 909 nobilitate,
987 857 1331 898 existimatione:
1363 855 1542 897 aderunt
1572 861 1717 896 autem

287 918 481 959 homines
518 916 769 958 nobilissimi
803 930 852 956 ac
890 914 1190 971 potentissimi,
1221 928 1403 969 quorum
1434 910 1719 967 frequentiam

289 985 331 1016 et
353 989 597 1017 consessum
619 989 706 1014 non
730 973 856 1013 modo
877 971 928 1012 P.
949 971 1169 1022 Quintius,
1187 971 1260 1026 qui
1283 971 1334 1012 de
1352 969 1493 1026 capite
1514 966 1719 1018 decernit,

226 1040 278 1081 73
292 1033 361 1073 sed
385 1033 539 1088 quivis,
562 1031 633 1086 qui
657 1040 781 1070 extra
807 1028 1041 1084 periculum
1064 1029 1132 1078 sit,
1157 1028 1461 1082 perhorreseat.
1522 1025 1635 1068 Haec
1655 1032 1720 1066 est

291 1090 437 1144 iniqua
460 1088 653 1137 certatio,
675 1101 762 1126 non
793 1085 876 1136 illa,
898 1100 983 1140 qua
1005 1094 1050 1125 tu
1072 1094 1223 1126 eontra
1242 1084 1488 1140 Alphenum
1515 1080 1720 1124 velitaba-

290 1148 359 1195 ris,
383 1146 483 1187 huie
514 1160 566 1186 ne
597 1143 670 1185 ubi
702 1143 954 1184 consisteret
985 1142 1157 1197 quidem
1188 1151 1339 1183 eontra
1367 1150 1423 1191 te,
1451 1140 1593 1183 locum
1624 1137 1720 1182 reli-

288 1203 432 1259 quisti.
468 1203 612 1249 Quare
635 1210 708 1242 aut
729 1200 882 1241 doceas
901 1208 1086 1256 oportet,
1100 1197 1344 1255 Alplienum
1362 1212 1540 1254 negasse
1559 1210 1602 1238 se
1620 1209 1719 1252 pro-

287 1269 526 1301 curatorem
561 1273 666 1308 esse,
698 1271 783 1297 non
823 1256 1028 1312 dejecisse
1060 1255 1240 1307 libellos,
1272 1255 1488 1310 judicium
1525 1253 1719 1309 accipere

288 1317 497 1358 noluisse:
531 1326 618 1366 aut,
641 1329 739 1355 cmn
763 1314 855 1355 haec
878 1315 937 1355 ita
960 1313 1074 1355 facta
1104 1313 1203 1364 sint,
1225 1327 1277 1354 ex
1302 1313 1444 1354 edicto
1467 1320 1509 1352 te
1531 1311 1645 1352 bona
1666 1308 1718 1351 P.

290 1374 460 1421 Quintii
484 1388 568 1414 non
592 1370 828 1428 possedisse
849 1371 1073 1412 concedas.

206 1433 274 1481 23
351 1430 517 1471 Etenim
540 1431 573 1471 si
596 1443 650 1470 ex
672 1429 814 1469 edicto
838 1428 1061 1484 possedisti
1080 1446 1092 1480 3
1122 1443 1285 1485 quaero,
1307 1442 1382 1469 cur
1403 1428 1519 1468 bona
1537 1439 1625 1466 non
1649 1438 1720 1465 ve-

290 1488 470 1529 nierint:
503 1502 578 1529 cur
599 1486 728 1528 ceteri
752 1500 976 1541 sponsores
998 1495 1041 1527 et
1061 1487 1293 1527 creditores
1317 1500 1402 1526 non
1425 1481 1720 1525 convenerint.

247 1558 278 1588 b.
294 1545 489 1586 Nemone
511 1544 608 1595 fuit,
627 1543 694 1585 eui
725 1543 897 1584 deberet
923 1543 1156 1589 Quintius?
1190 1543 1392 1593 Fuerunt,
1415 1551 1459 1582 et
1479 1538 1720 1596 complures

292 1601 487 1643 fuerunt:
521 1609 745 1658 propterea
775 1600 888 1655 quod
926 1600 976 1641 C.
1008 1600 1137 1641 frater
1169 1600 1434 1656 aliquantum
1465 1597 1560 1639 aeris
1593 1595 1720 1637 alieni

292 1659 532 1714 reliquerat.
594 1658 711 1708 Quid
734 1672 835 1713 ergo
858 1660 948 1699 est?
982 1657 1194 1698 Homines
1223 1669 1343 1698 erant
1375 1657 1429 1697 ab
1463 1655 1545 1696 hoc
1571 1652 1722 1695 omnes

293 1716 564 1757 alienissimi:
588 1726 631 1756 et
653 1715 704 1755 iis
726 1715 981 1755 debebatur:
1007 1729 1142 1770 neque
1163 1725 1304 1756 tamen
1327 1714 1551 1769 quisquam
1572 1711 1721 1752 inven-

293 1784 360 1814 tus
382 1784 446 1814 est
475 1784 561 1813 tam
593 1772 795 1828 insignite
826 1772 1062 1828 improbuS,
1083 1772 1153 1827 qui
1181 1771 1336 1813 violare
1361 1771 1411 1812 P.
1435 1768 1606 1816 Quintii
1627 1767 1722 1809 exi-

227 1845 279 1884 74
293 1830 582 1872 stimationem
615 1829 802 1870 absentis
841 1829 1029 1870 auderet.
1093 1829 1212 1871 Unus
1246 1828 1343 1880 fuit,
1376 1827 1530 1878 affinis,
1564 1825 1719 1875 sociuS,

291 1887 565 1937 necessarius,
587 1887 688 1927 Sex.
706 1886 908 1928 Naevius':
932 1886 1005 1942 qui
1028 1900 1126 1927 cum
1146 1887 1237 1943 ipse
1256 1886 1367 1926 ultro
1389 1884 1577 1934 deberet,
1599 1881 1719 1938 quasi

289 1945 450 1985 eximio
486 1944 662 2000 praemio
692 1942 859 1984 sceleris
888 1943 1102 1999 expositO,
1125 1943 1401 2000 cupidissime
1427 1940 1734 1990 contenderet,

288 2011 336 2042 ut
370 2016 443 2057 per
477 2015 519 2041 se
552 2001 760 2042 afflictum
793 2010 921 2056 atque
942 2015 1137 2041 eversum
1160 2001 1449 2057 propinquum
1472 2012 1610 2048 suurn,
1633 2010 1720 2038 non

288 2059 417 2099 modo
440 2058 618 2099 honeste
640 2058 771 2114 partis
795 2059 933 2109 bonis,
956 2072 1102 2099 verum
1125 2059 1254 2099 etiam
1277 2056 1495 2099 communi
1519 2055 1611 2096 luce
1635 2053 1720 2110 pri·

288 2126 420 2156 varet.
481 2115 567 2156 Ubi
601 2126 721 2156 erant
741 2116 871 2156 ceteri
903 2115 1162 2157 creditores?
1193 2115 1376 2170 denique
1409 2113 1492 2154 hoc
1526 2122 1718 2167 tempore

289 2173 362 2214 ubi
397 2175 521 2214 sunt?
552 2172 646 2228 quis
677 2180 755 2223 est,
789 2173 861 2227 qui
896 2172 1176 2213 fraudationis
1214 2187 1343 2213 causa
1374 2170 1546 2211 latuisse
1577 2169 1718 2210 dicat?

290 2230 399 2285 quis,
426 2229 499 2284 qui
529 2231 750 2271 absentem
780 2229 1002 2271 defensum
1033 2238 1162 2285 neget
1190 2244 1280 2270 esse
1303 2227 1562 2275 Quintium?
1591 2239 1719 2267 nemo

225 2302 276 2341 75
291 2287 518 2328 invenitur.
577 2286 637 2328 At
659 2296 809 2329 contra
829 2301 991 2338 omnes,
1013 2287 1270 2341 quibuscum
1291 2286 1401 2328 ratio
1423 2284 1524 2326 huic
1545 2292 1620 2324 aut
1640 2289 1721 2333 est,

289 2353 362 2385 aut
393 2343 490 2395 fuit,
523 2344 692 2395 adsunt,
721 2344 971 2385 defendunt.
1001 2343 1106 2386 fides
1138 2344 1266 2400 hujus
1296 2342 1441 2384 multis
1467 2341 1572 2382 locis
1593 2343 1634 2375 79
1647 2354 1721 2381 co-

350 2492 368 2523 7
392 2499 469 2519 novo
497 2491 600 2530 modo]
626 2490 700 2521 Hoc
729 2491 810 2521 mihi
840 2490 981 2531 glossam
1024 2495 1087 2522 eet.
1111 2500 1188 2522 nam
1210 2499 1340 2521 sensum
1361 2487 1568 2520 commodum
1585 2495 1652 2517 non
1673 2485 1721 2515 vi-

287 2530 367 2568 olet,
381 2532 446 2561 sive
461 2540 572 2562 notam
587 2533 752 2573 marginis.
767 2533 901 2564 Naevius
913 2534 983 2573 qui·
1024 2533 1095 2563 deo.
1119 2543 1185 2563 non
1199 2533 1286 2564 enim
1301 2532 1363 2562 hoe
1383 2532 1418 2562 in
1432 2529 1584 2561 omnibus
1600 2527 1722 2559 caussis

287 2573 361 2620 dem
376 2573 437 2603 hoc
460 2583 525 2603 non
541 2574 677 2605 dixerit:
701 2579 751 2606 est
765 2576 852 2606 enim
868 2581 983 2606 contra
1026 2575 1077 2613 fit,
1097 2580 1135 2606 ut
1151 2575 1277 2615 judiees
1297 2577 1468 2610 vocentur,
1489 2581 1552 2612 quo
1568 2575 1720 2610 tempore

287 2624 412 2655 ipsum:
437 2622 470 2645 et
486 2615 517 2645 id
534 2626 632 2656 supra
646 2625 778 2656 questus
792 2622 841 2648 est
857 2618 983 2654 Cicero,
1026 2621 1157 2658 oportet
1171 2627 1283 2648 caussa
1298 2616 1374 2656 agi?
1397 2615 1453 2645 Vis
1468 2612 1597 2653 quidem
1611 2611 1721 2651 aliqua

286 2657 371 2695 quod
388 2663 504 2687 contra
519 2659 787 2689 consuetudinem
806 2659 866 2690 hoc
883 2665 978 2690 esset.
1024 2659 1236 2699 intelligenda
1260 2663 1322 2694 est,
1358 2666 1454 2696 quam
1479 2655 1530 2685 in.
1548 2665 1587 2686 eo
1620 2654 1720 2684 verbo

286 2699 367 2729 Mox
390 2699 460 2729 edd.
487 2710 536 2739 pr.
567 2711 625 2740 pro
646 2702 888 2741 proestituendoe
914 2702 980 2734 fere
1024 2711 1090 2732 non
1107 2702 1184 2732 satis
1201 2701 1302 2731 video.
1348 2698 1410 2729 Sed
1425 2697 1496 2729 edd.
1512 2696 1608 2728 Rom.
1627 2698 1718 2727 1480.

286 2741 409 2771 habent
434 2743 679 2774 restituendum.
717 2743 866 2774 Correxit
898 2744 980 2775 bene
1022 2743 1077 2773 ΒΓ.
1101 2743 1196 2774 Junt.
1216 2743 1393 2776 arcebitur,
1417 2740 1503 2770 unde
1523 2739 1647 2771 factum
1663 2747 1721 2769 ar-

285 2783 459 2813 Victorius.
1023 2786 1166 2816 cessitur.
1211 2785 1312 2824 quue
1327 2783 1540 2814 restituimus.

327 2828 366 2858 73
377 2827 441 2865 ipse
452 2825 645 2865 arcessetur]
665 2825 742 2856 Mss.
752 2826 890 2866 aliquot,
900 2828 980 2858 item
1066 2831 1106 2861 79
1128 2828 1258 2866 cognita
1273 2825 1345 2865 δῖα]
1373 2825 1538 2855 Punctum
1553 2823 1632 2854 feeit
1645 2826 1721 2862 post

284 2867 333 2897 ed.
350 2867 402 2898 W.
421 2869 608 2899 arcessitur.
651 2868 780 2900 Neutra
794 2869 902 2904 lectio,
912 2870 981 2911 pla-
1024 2870 1154 2909 cognita
1167 2869 1327 2907 Graevius,
1339 2877 1383 2898 sc.
1393 2877 1431 2898 ex
1446 2866 1517 2898 cdd.
1532 2865 1656 2896 duabus
1669 2873 1719 2904 pr.
