1907 3231
323 128 400 163 429
849 125 918 166 ΙΝ
944 123 1238 164 ΥΕΒΒΕΜ

323 237 465 285 patres
497 230 611 272 enim
648 230 841 281 veniunt,
879 230 1045 272 amissis
1083 229 1198 280 filiis,
1237 227 1335 269 irati
1351 229 1381 276 z)
1414 227 1479 268 vir
1520 225 1764 284 primarius,

321 287 455 329 homo
485 288 790 340 nobilissimus,
812 288 943 338 dicit3
974 300 1113 340 neque
1142 286 1195 326 de
1227 285 1317 326 filio
1349 285 1471 326 dicit.
1529 285 1630 327 Jam
1662 285 1764 336 hoc,

323 345 420 398 quis
451 354 543 386 tum
574 345 658 387 fuit
689 345 925 401 Syracusis,
947 343 1052 397 quin
1083 343 1280 394 audierit,
1301 347 1404 398 quin
1436 342 1558 393 sciat,
1580 343 1657 383 has
1687 356 1765 397 per

323 400 641 444 Timarchidem
685 404 905 458 pactiones
947 399 1179 455 sepulturae
1217 414 1316 441 cum
1358 400 1466 440 vivis
1506 400 1638 441 etiam
1678 399 1766 440 illis

323 472 415 500 esse
436 459 571 501 factas
590 463 602 501 ?
637 459 737 500 Non
760 458 899 513 palam
922 470 1021 497 cum
1038 456 1312 497 Timarchide
1332 457 1644 512 loquebantur?
1673 470 1767 499 non

324 531 472 557 omnes
498 517 693 557 omnium
725 513 958 571 propinqui
991 513 1334 555 adhibebantur?
1363 529 1450 554 non
1483 514 1623 570 palam
1645 513 1768 554 vivo-2

326 587 419 614 rum
441 573 592 614 funera
612 573 891 613 locabantur?
924 571 1095 616 Quibus
1116 572 1244 611 rebus
1265 571 1466 612 omnibus
1495 572 1602 612 actis
1630 579 1765 625 atque

306 631 495 684 ‚decisis
527 629 825 685 producuntur
857 643 879 668 e
917 642 1100 679 carcere,
1138 636 1182 669 et
1222 628 1466 684 deligantur
1501 629 1554 669 ad
1600 627 1763 683 palum.

244 676 316 728 ΛΠ)
331 688 440 734 Quis
472 697 558 727 tam
592 686 676 726 fuit
713 686 784 727 illo
819 694 1012 741 tempore
1042 688 1083 717 40
1096 685 1226 726 durus
1258 694 1302 725 et
1332 684 1508 736 ferreus,
1541 685 1638 741 quis
1673 692 1765 726 tam

242 753 311 786 121
329 745 600 794 inhumanus,
624 753 780 799 praeter
800 758 933 789 unum
955 753 1012 793 te,
1033 743 1137 797 quin
1160 743 1328 784 illorum
1359 751 1502 793 aetate,
1521 742 1770 792 nobilitates

325 801 498 841 miseria
537 803 908 842 commoveretur?
953 801 1099 855 ecquis
1141 799 1240 851 fuit,
1281 800 1385 854 quin
1426 799 1765 854 lacrymaretur?

325 858 430 913 quin
464 858 524 898 ita
553 857 841 899 calamitatem
873 866 1043 914 putaret
1071 857 1256 908 illorum,
1289 866 1338 897 ut
1369 857 1588 897 fortunam
1621 867 1766 897 tamen

324 929 411 956 non
447 915 642 967 alienam,
685 915 921 971 periculum
959 924 1103 955 antem
1135 929 1366 955 commune
1401 917 1440 945 41
1456 913 1764 958 arbitraretur?

326 971 556 1013 Feriuntur
585 973 737 1013 securi.
767 972 924 1014 laetaris
961 983 1006 1013 tu
1040 972 1084 1013 in
1113 972 1307 1013 omnium
1337 971 1518 1027 gemitu,
1539 979 1584 1011 et
1613 969 1767 1011 trium-

323 1030 455 1085 phas:
488 1039 617 1070 testes
646 1029 839 1070 avaritiae
871 1040 957 1070 tuae
991 1029 1151 1084 gaudes
1178 1043 1269 1070 esse
1299 1029 1506 1070 sublatos.
1566 1026 1772 1078 Errabas,-

326 1087 492 1138 Verres,
515 1097 558 1127 et
580 1087 857 1127 vehementer
877 1087 1062 1138 errabas,
1084 1101 1184 1127 cum
1206 1096 1248 1127 te
1277 1086 1466 1128 maculas
1487 1084 1700 1126 furtorum
1720 1093 1769 1125 et

325 1140 589 1199 flagitiorum
614 1154 803 1194 tuorum,
824 1144 1038 1185 sociorum
1071 1145 1366 1184 innocentium
1397 1142 1606 1198 sanguine
1627 1141 1772 1182 eluere

325 1201 614 1242 arbitrabare:
647 1215 839 1257 praeceps
873 1201 1060 1242 amentia
1089 1201 1294 1251 ferebare,
1321 1200 1394 1256 qui
1426 1208 1468 1240 te
1497 1199 1769 1240 existimares

281 1258 519 1299 b-avaritiae
549 1259 724 1299 vulnera
755 1257 1020 1299 crudelitatis
1053 1259 1251 1299 remediis
1285 1271 1410 1314 posse
1442 1270 1604 1297 sanare.
1665 1255 1769 1297 Ete-

326 1315 418 1356 nim
448 1330 709 1371 quamquam
743 1315 801 1356 illi
834 1325 932 1356 sunt
962 1317 1120 1356 mortui
1157 1315 1329 1356 sceleris
1360 1314 1422 1355 tui
1455 1323 1601 1365 testes,
1622 1321 1768 1354 tamen

327 1386 477 1413 eorum
508 1373 737 1429 propinqui
771 1387 907 1427 neque
934 1373 1029 1422 tibi,
1050 1387 1189 1428 neque
1222 1373 1304 1413 illis
1334 1373 1513 1413 desunt:
1545 1380 1690 1412 tamen
1710 1385 1771 1411 ex.

328 1429 401 1470 illo
439 1430 534 1486 ipso
572 1444 749 1471 numero
787 1430 1100 1470 navarchorum
1138 1430 1269 1484 aliqui
1308 1430 1461 1470 vivunt
1500 1436 1545 1469 et
1584 1428 1740 1470 adsunt
1756 1444 1776 1470 ε’

329 1501 452 1542 quoS,
476 1497 523 1528 ut
554 1487 662 1528 mihi
691 1487 872 1538 videtur,
903 1488 957 1527 ab
990 1487 1157 1528 illorum
1189 1487 1483 1528 innocentium
1518 1500 1653 1542 poena
1681 1484 1772 1526 for-

243 1545 315 1583 122
331 1554 434 1585 tuna
454 1545 507 1585 ad
529 1545 639 1586 hanc
662 1559 834 1585 causam
866 1545 1112 1585 reservavit.
1171 1544 1308 1585 Adest
1338 1543 1567 1599 Philargus
1600 1541 1769 1583 Halun-

330 1602 459 1652 tinus,
481 1603 570 1657 qui,
591 1603 694 1657 qnia
715 1617 811 1642 cuni
836 1601 1069 1642 Cleomene
1102 1617 1188 1642 non
1210 1601 1339 1658 fugit,
1361 1614 1589 1657 oppressus
1611 1613 1636 1640 a
1656 1613 1768 1655 prae-.

325 1659 514 1700 donibus
541 1670 584 1699 et
614 1668 765 1714 captus
796 1670 886 1699 est:
919 1659 988 1699 eui
1018 1659 1238 1700 calamitas
1266 1658 1390 1699 saluti
1423 1658 1530 1698 fuit:
1562 1656 1652 1713 qui,
1682 1656 1766 1698 nisi

325 1726 478 1772 eaptus
499 1731 523 1756 a
543 1717 693 1772 piratis
715 1726 840 1764 esset,
862 1717 905 1756 in
928 1716 1043 1756 hunc
1065 1717 1313 1772 praedonem
1345 1714 1562 1756 sociorum
1591 1713 1774 1755 incidis-

327 1783 405 1814 set.
466 1773 597 1814 Dicet
632 1775 665 1814 is
702 1788 777 1828 pro
815 1773 1078 1823 testimonio,
1117 1773 1170 1814 de
1205 1773 1409 1813 missione
1441 1780 1683 1821 nautarum,
1714 1770 1769 1812 de

326 1830 454 1881 fame,
477 1831 530 1871 de
561 1830 805 1871 Cleomenis
836 1830 956 1886 fuga.
1014 1829 1152 1872 Adest
1172 1830 1483 1886 Centuripinus
1516 1828 1775 1883 Phalargus,

326 1888 370 1928 in
392 1888 656 1944 amplissima
677 1888 868 1938 civitate,
896 1888 1161 1943 amplissimo
1184 1888 1278 1929 loco
1301 1897 1442 1933 natus·
1462 1886 1613 1927 eadem
1633 1885 1768 1927 dicit:

324 1945 442 1985 nulla
463 1946 507 1986 in
529 1959 572 1986 re
594 1946 822 2000 discrepat.

241 2019 313 2054 123
385 2002 468 2043 Per
498 2003 601 2043 deos
629 2002 921 2044 immortales!
947 2001 1134 2056 judices,
1164 2017 1251 2057 quo
1278 2001 1452 2042 tandem
1481 1999 1628 2042 animo
1649 1999 1769 2041 sede-

328 2060 411 2101 tis?
442 2070 515 2101 aut
547 2060 642 2101 haec
673 2060 1034 2114 quemadmodum
1065 2060 1250 2102 auditis?
1282 2059 1440 2101 Utrum
1472 2072 1555 2113 ego
1578 2057 1776 2112 desipio,

325 2127 370 2158 et
398 2118 543 2173 4‘3plus
572 2132 701 2173 quam
733 2118 834 2157 satis
856 2117 980 2157 doleo
1012 2118 1056 2157 in
1090 2121 1211 2158 tanta
1238 2116 1483 2158 calamitate
1512 2115 1770 2171 miseriaque

327 2174 573 2216 sociorum?
604 2190 659 2215 an
697 2189 773 2215 vos
811 2188 984 2229 quoque
1025 2174 1096 2215 hic
1134 2174 1434 2215 acerbissimus
1474 2171 1781 2219 innocentium-

327 2232 541 2272 cruciatus
572 2241 615 2272 et
646 2246 810 2272 moeror
847 2231 937 2287 pari
973 2246 1095 2272 sensu
1135 2231 1294 2272 doloris
1330 2231 1494 2271 afficit?
1526 2228 1621 2285 Ego
1653 2228 1770 2270 enim

327 2303 427 2330 cum
462 2288 782 2340 Herbitensem,
816 2304 913 2330 cum
948 2288 1270 2330 Heracliensem
1305 2288 1441 2329 securi
1473 2301 1565 2328 esse
1597 2299 1778 2343 percus-.

328 2444 405 2476 dnm
428 2446 538 2486 putavi
559 2444 624 2476 Hie
639 2455 671 2475 n.
690 2456 724 2485 p.
739 2446 771 2477 ιί.
795 2456 860 2484 qua
872 2446 977 2476 forma
991 2450 1024 2475 ct
1069 2446 1219 2476 verbum.

328 2488 406 2519 alibi
433 2497 509 2518 usus
535 2492 585 2518 est
611 2489 736 2518 Cicero.
789 2489 850 2518 bed
882 2499 947 2519 nou
975 2493 1025 2518 est
1111 2491 1146 2518 41
1175 2488 1233 2526 agi
1259 2484 1497 2525 arbitraretur]
1526 2484 1594 2524 Aga·
1614 2484 1770 2520 vitiosum

330 2540 468 2566 neeesse,
493 2531 519 2559 si
548 2531 718 2568 sequentia
747 2531 923 2565 ne-iratei,
951 2540 1027 2561 cum
1069 2536 1122 2560 est
1157 2539 1218 2560 nce
1253 2529 1293 2560 ad
1323 2529 1562 2564 calamitatem,
1592 2536 1696 2566 neque
1759 2560 1762 2561 ⁷

330 2571 465 2603 Hotom.
492 2573 527 2602 P.
550 2572 681 2602 Mauut.
706 2574 739 2602 in
766 2573 953 2611 parenthesi
980 2572 1028 2602 di-
1060 2572 1241 2612 jbrtzmam
1260 2582 1321 2602 non
1344 2572 1501 2605 alienam,
1518 2579 1622 2609 neque
1639 2569 1774 2609 pericu·-

330 2619 385 2645 cta
421 2615 611 2654 accipimus,
637 2621 676 2644 ut
702 2621 736 2645 et
765 2616 913 2644 Graevius
940 2614 1030 2645 fecit.
1074 2617 1144 2644 lum
1180 2623 1350 2644 commuue
1388 2618 1515 2652 aptum.
1571 2612 1673 2652 Abest.
1706 2611 1771 2646 Ms-

331 2657 418 2687 em‘m
432 2662 481 2687 est
495 2657 688 2696 objicientis.
705 2666 732 2687 v.
749 2656 840 2686 Ciav.
877 2656 957 2686 Mox
971 2666 1030 2696 pro
1075 2656 1181 2686 Guelf.
1228 2656 1341 2695 ltaque
1355 2654 1469 2685 deleri.

330 2699 386 2738 qui
411 2708 474 2729 non
501 2709 518 2728 e
546 2698 610 2728 Me.
643 2699 724 2737 Ηυξ.
760 2698 906 2729 Graevius
940 2698 1029 2729 dedit
1115 2701 1156 2729 4⁶2,
1172 2699 1252 2737 plus
1277 2706 1376 2738 quam
1402 2697 1483 2728 satis
1507 2705 1586 2736 opus
1611 2695 1674 2735 est]
1705 2695 1775 2729 De«

329 2741 419 2780 quin.
451 2741 503 2771 Sic
517 2744 552 2770 et
568 2742 630 2770 Gu.
678 2741 807 2780 Recepi.
1074 2740 1136 2770 levi
1165 2750 1242 2779 opus
1263 2745 1310 2771 est
1334 2749 1409 2770 cum
1434 2738 1578 2775 Graevio,
1603 2743 1643 2768 ut
1667 2737 1774 2775 fecere

371 2785 414 2813 40
436 2783 540 2813 durus
552 2787 583 2813 et
587 2782 737 2822 ferreus]
757 2782 820 2812 Ms.
837 2782 915 2821 Reg.
931 2781 1030 2812 omit·
1069 2784 1140 2820 jam
1165 2782 1346 2813 Lambinus
1370 2788 1407 2812 et
1425 2781 1462 2812 P.
1478 2780 1660 2814 Manutius·
1681 2780 1775 2812 abest

329 2825 374 2855 tit
387 2825 502 2862 durus,
518 2825 598 2854 item
613 2825 677 2854 Gu.
690 2824 776 2864 quod
799 2824 921 2864 placet:
950 2834 1026 2854 nam
1071 2836 1090 2856 a
1106 2825 1182 2855 Mss.
1200 2825 1282 2864 ch.
1297 2824 1361 2856 Gu.

330 2872 363 2899 et
387 2868 421 2899 in
442 2867 545 2898 altero
565 2866 713 2899 membro
732 2871 783 2898 est
805 2875 909 2897 unum
931 2867 1028 2896 modo
