1907 3231
514 139 643 176 ACT.
674 120 726 176 n.
769 137 957 176 LIBER
981 115 1256 177 ritanus.
1530 138 1604 175 321

161 243 372 285 institutis
413 252 591 299 propter
629 258 813 284 annonae
855 243 1067 284 rationem
1104 242 1397 299 imperentur:
1440 251 1608 289 ematur

161 311 373 358 praeterea
394 299 658 341 frumentum
682 301 913 356 quotannis
935 301 1134 358 publice:
1167 310 1386 357 postremo
1408 301 1538 340 etiam
1562 299 1607 340 in

161 359 313 400 cellam
343 358 668 413 magistratibus
699 368 743 398 et
770 358 923 415 legatis
957 359 1213 415 imperetur:
1246 357 1349 412 quid
1373 368 1448 397 aut
1471 371 1606 412 quan-

159 426 255 457 tum
274 426 482 472 praeterea
503 425 581 466 est,
604 416 719 471 quod
739 426 813 457 aut
834 416 1014 456 liberum
1038 416 1173 473 possit
1193 415 1350 456 habere
1372 414 1441 454 ilie
1463 423 1607 454 arator

159 488 211 515 ac
245 474 444 514 dominus
467 473 564 513 21i11
595 483 809 529 potestate
841 487 1014 514 suorum
1050 474 1284 523 fructuum,
1317 482 1390 512 aut
1423 472 1465 512 in
1502 471 1605 529 ipsis

161 530 375 572 fructibus
409 529 625 572 solutum?
659 531 827 578 Quodsi
860 532 955 572 haec
987 530 1181 572 feruntur
1214 530 1379 571 omnia:
1413 529 1445 569 si
1482 528 1692 569 vobis228

160 588 307 645 potius
344 603 394 628 ac
426 588 589 644 populo
624 587 840 640 Romano,
874 603 1004 644 quam
1038 590 1118 630 sibi
1158 597 1201 628 et
1230 589 1315 629 suis
1349 580 1650 636 commodis,b·

160 660 305 702 opera,
329 655 487 695 sumtu,
519 645 666 687 labore
688 646 955 698 deserviunt3
988 647 1174 687 etiamne
1198 646 1291 687 haec
1314 658 1426 686 nova
1447 644 1609 684 debent

161 703 305 745 edicta
333 713 376 743 et
409 702 591 759 imperia
625 713 875 760 praetorum,
898 714 941 744 et
970 703 1154 761 Apronii
1184 703 1542 751 dominationem,
1564 711 1609 742 et

161 760 447 802 Veneriorum
483 775 703 802 servorum
738 761 854 801 furta
884 762 1141 817 rapinasque
1176 760 1388 817 perferre?
1419 759 1608 800 etiamne

161 817 428 860 frumentum
462 833 540 882 pro
574 828 690 859 emto
724 818 858 874 gratis
892 818 1016 861 dare?
1047 820 1234 859 etiamne
1264 818 1308 858 in
1336 816 1486 858 cellam
1510 831 1611 857 cum

160 877 341 933 cupiant
363 886 496 932 gratis
519 876 620 917 dare
642 876 769 926 ultro,
793 876 1021 932 pecuniam
1045 876 1252 931 grandem
1275 876 1399 916 dare?
1423 874 1610 915 etiamne

160 933 257 975 haec
280 943 344 974 tot
367 934 625 974 detrimenta
642 941 772 988 atque
794 933 952 974 damna
968 948 1067 974 cum
1090 933 1294 974 maximis
1315 931 1483 987 injuriis
1505 946 1610 972 con-

161 991 436 1048 tumeliisque
464 990 676 1047 perferre?
709 990 862 1045 ltaque
896 991 1004 1042 haec,
1029 991 1216 1047 judices,
1248 1005 1344 1045 quae
1378 989 1467 1044 pati
1491 988 1608 1029 nullo

158 1050 290 1090 modo
322 1058 572 1105 potuerunt,
605 1063 692 1091 non
726 1047 1006 1104 pertulerunt,
1065 1047 1296 1091 Arationes
1331 1055 1423 1088 tota
1456 1045 1606 1090 Sicilia

162 1107 350 1147 desertas
384 1115 513 1161 atque
546 1121 571 1147 a
597 1106 784 1147 dominis
817 1106 986 1147 relictas
1020 1120 1111 1147 esse
1144 1104 1436 1162 cognoscitis:
1468 1118 1609 1159 neque

159 1164 397 1220 quidquam
420 1163 534 1205 aliud
554 1164 698 1219 agitur
717 1162 1000 1219 hocjuclicio‚
1024 1163 1104 1204 nisi
1128 1173 1175 1204 ut
1191 1161 1480 1217 antiquissimi
1501 1161 1606 1204 socii

160 1219 500 1277 fidelissimique,
524 1221 672 1273 Siculi,
695 1221 837 1262 coloni
868 1221 1017 1277 populi
1044 1221 1229 1262 Romani
1253 1233 1382 1275 atque
1403 1229 1608 1270 aratores,

163 1288 307 1320 vestra
339 1280 566 1320 severitate
601 1288 645 1319 et
680 1279 920 1334 diligentia,
949 1292 1018 1319 me
1043 1278 1152 1319 duce
1181 1289 1310 1333 atquc
1343 1286 1534 1329 auctore,
1564 1276 1610 1321 in

162 1351 289 1394 agros
311 1345 441 1392 atque
463 1336 506 1377 in
530 1337 643 1378 aedes
667 1351 762 1377 suas
785 1345 1068 1377 revertantur.

157 1451 403 1487 tons-uetudine,
419 1449 506 1490 quod
519 1454 553 1480 et
567 1449 713 1480 Graevius
729 1449 862 1490 recepit.
950 1451 988 1481 21
1013 1450 1048 1480 in
1067 1453 1228 1490 potestate
1240 1447 1297 1489 fr.
1321 1447 1471 1487 suorum]
1511 1447 1612 1479 Pote-

163 1503 231 1525 non
250 1494 350 1524 bene:
376 1503 435 1523 nec
457 1492 684 1524 conditionem
698 1491 865 1522 intellexit
907 1491 1163 1532 stassructuum
1185 1500 1320 1521 suorum
1342 1494 1393 1521 est
1412 1489 1608 1528 dominium,

161 1536 407 1567 Hotomannus.
452 1535 559 1566 Immo
581 1535 719 1565 condicio
733 1540 781 1565 est
796 1538 863 1564 sta·
909 1545 967 1577 per
979 1535 1065 1575 quod
1080 1534 1179 1565 habet
1185 1535 1242 1573 jus
1258 1532 1374 1572 agendi
1388 1533 1421 1562 in
1434 1532 1609 1570 fructibus,

160 1583 215 1609 tus
242 1579 441 1615 Siculorum,
468 1587 565 1618 quem
592 1582 710 1608 tenent
729 1588 768 1609 ex
791 1576 862 1617 lege
905 1578 994 1618 quod
1019 1577 1103 1608 vult.
1123 1582 1230 1618 patet,
1253 1575 1490 1606 concinnitatis
1509 1584 1607 1606 causa

160 1621 306 1662 Rupilia,
327 1622 383 1660 jus
408 1631 534 1652 eorum.
580 1622 688 1660 Atque
711 1619 782 1651 haec
798 1620 862 1651 duo
906 1621 1055 1652 additum
1071 1629 1140 1650 esse
1152 1620 1187 1649 in
1195 1622 1366 1659 potestate,
1382 1621 1420 1648 ut
1436 1616 1610 1659 responde?

160 1665 281 1707 passim
289 1665 494 1705 junguntur.
508 1673 537 1695 v.
554 1663 646 1695 Clav.
662 1664 698 1695 in
711 1663 861 1696 conditio.
906 1668 958 1695 ret
972 1663 1069 1696 alteri
1083 1661 1297 1705 infructibus
1310 1661 1397 1703 ipsis.

229 2944 340 2975 voL.
363 2945 420 2975 11.
893 2943 923 2972 Y
