1907 3231
672 129 1092 177 PRAEFATIO.
1563 120 1613 168 xi

175 254 320 290 textus
342 241 542 303 vulgatus
563 244 831 286 emendatior
849 251 915 285 est
943 242 1098 284 factus.
1158 238 1273 281 Nam
1297 236 1499 280 Gruterus
1518 236 1615 292 quia

170 316 269 357 dem
298 315 478 356 istorum
501 313 691 355 virorum
720 321 844 354 notas
873 311 1042 352 videtur
1071 310 1307 365 ignorasse.
1336 320 1474 363 neque
1496 305 1612 348 enim

171 383 471 439 antiquissimo
493 381 602 422 libro
624 380 838 422 Vaticano
859 378 969 420 nihil
990 378 1229 419 tributurus
1249 382 1356 416 erat.

228 450 298 493 Ita
327 450 538 508 expositis
570 458 615 490 et
644 448 870 504 descriptis
902 446 1115 504 praesidiis
1146 444 1346 485 omnibus
1376 443 1487 484 bene
1507 456 1612 482 con-

170 519 373 562 cinnandi
399 528 542 560 textus
563 516 853 567 Ciceroniani‚
875 530 971 571 quae
994 514 1168 570 quidem
1191 528 1216 553 a
1235 512 1355 553 libris
1373 510 1500 552 editis
1520 523 1613 551 esse

171 597 377 645 possunt:
409 599 639 642 antequam
671 585 723 626 ad
755 584 934 625 alterum
966 597 1116 639 genus,
1137 580 1253 637 quod
1286 581 1330 621 in
1359 579 1479 620 libris
1509 577 1613 619 scri-

172 656 258 713 ptis
280 667 359 707 est,
379 655 721 712 progrediamur,
739 667 836 708 quae
859 666 954 708 pars
976 650 1145 692 illorum
1168 649 1464 706 praesidiorum
1486 647 1612 688 nobis

173 723 529 780 suppeditaverit,
550 722 720 764 videtur
741 720 986 762 dicendum.
1023 719 1074 760 In
1096 733 1182 774 quo
1206 732 1303 759 vere
1324 717 1426 758 licet
1446 715 1613 768 dicere3

173 792 359 848 majores
390 806 468 832 nos
500 791 790 847 superioribus
822 788 1023 829 omnibus
1047 788 1194 843 copias
1224 786 1439 827 habuisse.
1500 784 1616 825 Nam

173 869 216 901 et
247 859 344 917 ipsi,
377 874 520 901 amore
543 857 766 900 Ciceronis
797 872 822 898 a
852 857 994 913 pueris
1026 857 1156 912 capti,
1186 855 1275 911 qui,
1309 853 1479 910 scriptis
1503 852 1618 894 illius

174 943 252 986 per
281 943 416 970 annos
445 927 603 968 multos
633 926 815 983 legendo
848 924 1254 981 interpretandoque
1284 922 1533 973 tractandis,
1554 920 1620 963 fa-

177 992 272 1038 ctus
294 995 359 1038 es't
379 996 441 1037 ita
461 1005 505 1036 et
535 1009 716 1051 magnus
739 1002 782 1035 et
803 1003 1019 1045 constans,
1041 1002 1089 1034 ut
1111 993 1186 1034 vix
1207 992 1379 1033 credam
1410 990 1620 1046 majorem

178 1079 269 1106 esse
291 1065 334 1106 in
357 1078 575 1120 quoquam
599 1078 737 1120 posse,
760 1078 785 1103 a
806 1062 952 1103 multis
976 1062 1098 1103 annis
1121 1076 1176 1102 ex
1199 1061 1401 1103 omnibus
1432 1058 1621 1115 regioni-

177 1133 272 1186 bus,
302 1133 377 1174 ubi
409 1132 542 1173 literis
572 1132 710 1173 honos
733 1141 811 1183 est,
836 1131 1174 1187 conquisivimus
1199 1129 1412 1186 exempla,
1443 1141 1624 1185 praeser-

178 1201 257 1242 tim
278 1202 456 1257 antiqua
477 1208 520 1242 et
542 1200 595 1241 ad
618 1200 747 1240 crisin
769 1199 906 1251 utilia,
928 1213 1008 1240 nec
1038 1199 1080 1238 in
1104 1213 1154 1239 eo
1177 1198 1273 1239 ullis
1304 1197 1517 1238 sumtibus
1548 1210 1624 1252 pe-

177 1270 408 1326 percimus,
430 1269 532 1310 dum
556 1268 698 1309 studio
721 1276 868 1308 nostro
891 1266 1257 1307 satisfaceremus:
1290 1274 1420 1321 atque
1441 1265 1484 1306 in
1508 1277 1560 1305 eo
1582 1273 1626 1305 et

178 1337 288 1379 favit
308 1337 434 1380 nobis
466 1335 653 1387 fortuna,
677 1349 792 1392 saepe
822 1335 867 1376 in
896 1349 1047 1376 manus
1078 1349 1167 1375 non
1189 1334 1486 1391 cogitantibus
1508 1332 1628 1373 defe-

177 1420 289 1457 rens,
321 1419 395 1462 per
422 1404 671 1446 occasiones
694 1404 847 1455 varim,
870 1403 962 1459 ejus
994 1403 1163 1460 generis
1185 1401 1409 1458 exempla:
1442 1402 1628 1457 denique

178 1474 306 1516 nobis
327 1474 380 1515 ad
412 1481 668 1530 praesentem
691 1487 817 1514 usum
838 1472 1038 1528 exempla
1058 1471 1258 1528 quaedam
1289 1471 1451 1512 rariora
1472 1485 1631 1527 suppe-

180 1542 318 1584 ditata
347 1543 402 1583 ab
436 1541 529 1582 aliis
565 1550 679 1592 sunt,
717 1549 766 1581 ut
802 1555 930 1598 supra
965 1540 1326 1582 commemoravi:
1361 1540 1472 1581 sicut
1506 1549 1550 1580 et
1583 1540 1629 1582 in

181 1610 274 1652 aliis
297 1610 493 1668 partibus
515 1609 722 1650 librorum
746 1608 1132 1650 Ciceronianorum
1154 1608 1319 1650 factum
1341 1616 1419 1650 est.
1475 1607 1631 1664 Itaque

181 1679 325 1731 nobis,
347 1678 390 1719 in
411 1678 494 1719 hac
526 1677 700 1734 quidem
731 1687 867 1734 parte,
889 1677 998 1718 nihil
1020 1676 1173 1728 defuit,
1193 1677 1307 1732 quod
1331 1686 1406 1718 aut
1435 1691 1631 1718 necessa-

181 1748 293 1789 rium
323 1746 450 1788 nobis
479 1755 553 1787 aut
586 1754 879 1802 opportunum
913 1745 965 1786 ad
1003 1745 1252 1786 institutum
1279 1754 1474 1786 nostrum
1504 1754 1630 1798 esset,

182 1815 301 1857 nulla
337 1815 487 1866 editio,
525 1829 622 1870 quae
663 1829 786 1855 usum
827 1813 1013 1869 aliquem
1056 1813 1215 1855 habere
1253 1814 1452 1855 criticum
1495 1814 1629 1856 videri

183 1892 344 1941 posset,
376 1883 476 1924 inde
512 1883 566 1923 ab
602 1882 823 1924 Romana:
856 1882 994 1938 iisque
1026 1883 1092 1923 usi
1126 1897 1270 1923 sumus
1305 1883 1380 1934 sic,
1417 1894 1466 1924 ut
1503 1898 1633 1940 supra

183 1952 389 2002 diximus,
419 1951 551 1992 libros
583 1960 745 1992 veteres
778 1951 944 1992 Critico
977 1966 1069 1991 esse
1100 1951 1406 2004 tranctandos3
1437 1952 1481 1992 id
1515 1952 1633 2007 quod

183 2029 227 2062 et
257 2019 452 2076 superior
473 2019 545 2061 illa
566 2020 758 2060 recensio
779 2019 1078 2075 exemplorum
1101 2020 1311 2071 omnium,
1333 2029 1377 2060 et
1407 2029 1522 2061 notae
1554 2036 1633 2061 no-

185 2098 284 2130 strae
315 2088 550 2129 docebunt.
612 2088 706 2129 Nec
727 2102 828 2129 vero
851 2102 1003 2144 parum
1032 2088 1113 2128 iste
1145 2088 1267 2129 labor
1296 2088 1422 2129 nobis
1452 2088 1631 2144 profuit,

185 2166 234 2198 ut
255 2157 299 2197 in
322 2156 388 2197 his
411 2156 695 2207 orationibus,
717 2156 779 2196 ita
800 2156 843 2197 in
865 2157 1018 2197 ceteris
1040 2156 1175 2207 libris,
1192 2172 1279 2198 non
1300 2157 1431 2198 modo
1454 2157 1496 2198 in
1519 2156 1632 2200 hanc

185 2235 366 2282 partem,
390 2239 487 2280 quae
507 2224 703 2280 inprimis
726 2234 958 2280 spectatur,
984 2234 1028 2265 ut
1059 2225 1240 2266 materia
1260 2225 1449 2266 delectus
1471 2240 1632 2282 conge-

185 2302 348 2335 reretur
380 2293 550 2344 idonea,
581 2292 653 2333 sed
688 2293 819 2333 etiam
856 2301 901 2333 ut
934 2293 1198 2348 conjecturae
1231 2304 1405 2344 nostrae,
1442 2309 1548 2349 quas
1576 2308 1632 2335 ex

186 2376 329 2404 rerum
364 2371 407 2402 et
443 2361 604 2417 linguae
643 2370 796 2402 natura
833 2360 1085 2412 feceramus,
1125 2361 1422 2404 firmarentur:
1454 2362 1507 2403 de
1544 2377 1631 2418 quo

184 2439 280 2472 toto
311 2444 466 2486 genere
496 2430 540 2470 in
571 2430 819 2471 universum
841 2429 1005 2470 dictum
1035 2439 1100 2470 est
1132 2430 1176 2470 in
1208 2430 1465 2486 praefatione
1490 2433 1631 2488 operis

185 2499 316 2555 hujus
347 2498 550 2556 universi.
610 2498 695 2540 Sed
728 2497 824 2539 haec
853 2512 951 2554 pars
974 2497 1114 2553 operis
1145 2506 1189 2538 et
1217 2514 1317 2539 usus
1339 2499 1479 2542 critici
1512 2500 1633 2542 libris

185 2568 313 2609 editis
349 2566 592 2608 communis
629 2575 695 2608 est
734 2581 833 2608 cum
876 2565 1061 2622 scriptiS,
1100 2566 1153 2608 de
1192 2568 1364 2622 quibus,
1402 2577 1549 2620 restat,
1584 2579 1635 2610 ut

184 2635 395 2677 dicamus.

244 2703 430 2745 Codices
463 2704 492 2745 ii
526 2704 786 2756 orationum,
818 2718 842 2745 e
872 2704 1028 2760 quibus
1062 2705 1213 2761 primae
1244 2705 1454 2747 editiones
1488 2705 1631 2747 ductae

187 2781 301 2824 sunt,
336 2773 480 2828 quales
514 2772 689 2824 fuerint,
726 2772 850 2828 cujus
889 2774 1045 2824 aetatis,
1080 2788 1167 2815 non
1208 2789 1309 2815 sane
1341 2784 1525 2815 constat.
1586 2774 1633 2815 Si

183 2839 437 2882 habuissent
474 2856 621 2883 earum
661 2850 859 2883 auctores
893 2850 1035 2883 totuin
1069 2842 1330 2895 orationum,
1366 2857 1471 2898 quas
1504 2842 1634 2883 habet
