1907 3231
320 130 398 163 680
843 121 1100 161 ORATIO
1142 122 1212 159 111.

320 228 566 270 clarissimis
588 227 688 268 viris
720 226 970 277 interfectis,
1000 225 1163 266 lumina
1183 224 1372 267 civitatis
1396 223 1614 266 exstincta
1642 230 1759 265 sunt..

324 285 452 328 Ultus
474 294 540 326 est
561 285 690 340 hujus
712 284 906 325 victoriae
927 282 1225 324 crudelitatem
1247 291 1399 339 postea
1419 281 1550 322 Sulla.
1573 295 1651 322 nec
1672 281 1759 322 dici

324 342 499 398 quidem
520 357 628 398 opus
649 351 728 390 est,
749 349 909 396 quanta
930 339 1225 381 deminutione
1245 340 1422 390 civium,
1443 347 1487 379 et
1506 347 1668 393 quanta
1689 352 1761 379 ca-

324 399 517 441 lamitate
547 398 812 456 reipublicae.
874 396 1090 438 Dissensit
1120 397 1186 437 M.
1211 397 1397 453 Lepidus
1418 411 1444 436 a
1464 395 1699 436 clarissimo
1717 402 1762 435 et

273 468 314 502 Ἰ»,
329 456 562 498 fortissimo
586 457 678 497 viro
702 457 759 501 Q.
783 453 954 495 Catulo.
978 453 1256 495 :attulit-‘non
1278 464 1370 498 tam
1395 453 1530 508 ipsius
1562 452 1759 493 interitus

264 520 315 553 25
328 513 575 570 reipublicae
598 514 776 559 luctum,
797 520 930 566 qnam
947 519 1201 552 ceterorum.
1239 510 1455 566 245'Atque
1485 509 1567 551 illae
1598 509 1761 550 dissen-

327 571 467 613 siones
496 579 617 611 erant
648 568 910 623 hujusmodi,
942 567 1157 619 Quirites,
1181 582 1286 623 quae-
1315 571 1402 608 ηὸτι·
1419 567 1486 607 -ad
1519 565 1759 617 delendam,

327 629 399 670 sed
441 629 493 669 ad
527 626 874 667 commutandam
909 625 1224 680 *rempublicam
1260 625 1548 680 pertinerent.-
1577 638 1663 665 non
1700 623 1760 664 illi

324 685 482 726 nullam
505 698 595 723 esse
617 682 942 738 rempublicam,
966 683 1037 722 sed
1059 682 1187 733 inea,
1206 697 1303 737 quae
1325 690 1450 732 esset,
1470 694 1514 721 se
1526 694 1621 722 esse
1643 681 1759 737 prin-

324 743 466 797 cipes:
499 754 636 795 neque
667 740 776 780 hanc
807 740 956 780 urbem
985 740 1266 795 conflagrare,
1298 738 1383 779 sede
1402 746 1445 780 se
1476 737 1624 779 inhac
1655 739 1760 778 urbe

326 800 476 839 florere
507 798 747 838 voluerunt.
769 810 779 831 5—
806 795 950 851 Atque
983 796 1066 838 illae
1106 803 1248 837 tamen
1279 803 1428 836 omnes
1459 795 1758 845 dissensiones,

323 870 504 911 quarum
535 854 651 895 nulla
679 854 860 895 exitium
894 854 1140 910 reipublicae
1168 853 1387 909 quaesivit,
1417 852 1630 908 ejusmodi
1668 851 1760 892 fue-

325 923 438 963 runt,
477 922 523 952 ut
559 926 642 952 non
679 911 1026 952 reconciliatione
1064 910 1323 960 concordiae,
1363 911 1443 954 sed⁴
1468 909 1759 950 internecione

323 971 483 1011 civium
507 969 755 1024 dijudicatas¹
779 968 878 1008 sint.
942 967 992 1008 In
1018 968 1100 1009 hoc
1130 977 1273 1008 autem
1298 975 1504 1024 unoPOSt
1525 966 1759 1007 hominum

321 1026 573 1068 memoriam
615 1026 807 1066 maximo
849 1025 1227 1080 crudelissimoque
1253 1025 1394 1074 -bello,
1419 1023 1560 1079 >quale
1590 1022 1760 1064 fibellum

322 1084 438 1125 nulla
461 1097 662 1139 umquam
686 1082 883 1123 barbaria
904 1097 1001 1124 cum
1034 1097 1110 1123 sua
1133 1094 1260 1137 gente
1291 1082 1437 1137 gessit,
1460 1096 1546 1137 quo
1570 1081 1613 1121 in
1648 1080 1757 1121 bello

322 1141 391 1182 lex
423 1141 519 1182 haec
549 1140 634 1181 fuit
663 1155 687 1180 a
719 1139 916 1190 Lentulo,
947 1139 1149 1189 Catilina,
1179 1139 1343 1190 Cassio,
1372 1138 1569 1195 Cethego
1599 1138 1761 1179 consti-

324 1208 431 1248 tuta,
454 1208 502 1239 ut
523 1212 686 1248 omneS,
707 1197 781 1252 qui
804 1196 920 1237 salva
940 1198 1045 1238 urbe
1067 1197 1168 1237 salvi
1190 1210 1279 1237 esse
1299 1206 1487 1252 possent,
1504 1197 1545 1236 in
1570 1195 1761 1236 hostium

322 1270 500 1296 numero
523 1255 804 1306 ducerentur3
838 1254 897 1294 ita
927 1268 995 1293 me
1026 1254 1152 1310 gessi,
1176 1254 1384 1304 Quirites,
1407 1264 1454 1294 ut
1475 1267 1622 1294 omnes
1654 1251 1760 1292 salvi

321 1311 708 1354 conservaremini:
732 1321 788 1362 et,
805 1326 903 1351 cum
926 1311 1070 1352 hostes
1094 1312 1222 1352 vestri
1245 1321 1411 1351 tantum
1429 1311 1588 1351 civium
1615 1323 1761 1365 super-

324 1371 516 1411 futurum
548 1378 784 1425 putassent,
816 1378 1024 1423 quantum
1056 1369 1238 1409 infinitae
1263 1369 1371 1409 caedi
1405 1368 1642 1417 restitisset,
1665 1379 1760 1407 tan-

324 1438 415 1468 tum
437 1436 579 1468 autem
604 1426 734 1477 urbis,
757 1436 965 1481 quantum
990 1427 1162 1466 flamma
1184 1426 1303 1466 obire
1335 1440 1417 1465 non
1451 1425 1686 1481 potuisset3
1718 1432 1762 1464 et

323 1486 472 1525 urbem
495 1494 538 1524 et
560 1484 675 1524 cives
699 1483 888 1538 integros
913 1483 1231 1538 incolumesque
1253 1483 1433 1523 servavi.

246 1548 308 1595 11
383 1542 556 1588 Quibus
586 1555 663 1596 pro
696 1540 824 1580 tantis
857 1541 997 1590 rebus,
1030 1540 1237 1590 Quirites,
1269 1540 1429 1580 nullum
1466 1554 1548 1595 ego
1577 1554 1602 1580 a
1635 1537 1758 1579 vobis

262 1599 552 1655 26praemium
584 1598 768 1648 virtutis,
800 1596 962 1637 nullum
994 1597 1162 1649 insigne
1193 1597 1382 1647 honoris,
1413 1597 1575 1637 nullum
1606 1609 1760 1635 monu-

323 1667 517 1697 mentum
548 1655 683 1696 laudis
717 1654 899 1710 postulo,
922 1649 1208 1710 praete1·(1uam
1239 1654 1366 1708 hujus
1394 1654 1478 1694 diei
1509 1653 1761 1694 memoriam

322 1713 642 1768 sempiternam.
666 1711 707 1751 in
732 1711 885 1751 animis
908 1726 989 1767 ego
1014 1712 1162 1751 vestris
1183 1725 1330 1751 omnes
1354 1710 1594 1766 triumphos
1625 1723 1759 1759 meOS,

321 1771 468 1810 omnia
488 1778 739 1810 ornamenta
770 1768 959 1818 lionoris,
990 1778 1270 1809 monumenta
1300 1768 1464 1823 gloriae,
1492 1766 1626 1808 laudis
1657 1766 1761 1807 insi-

321 1828 438 1882 gnia,
462 1827 588 1868 condi
612 1836 655 1866 et
675 1825 875 1866 collocari
902 1825 1012 1866 volo.
1045 1826 1151 1866 nihil
1182 1840 1250 1865 me
1280 1834 1447 1865 mutum
1480 1833 1622 1881 potest
1646 1823 1759 1863 dele-

320 1894 451 1935 ctare,
483 1884 589 1924 nihil
622 1883 818 1933 tacitum,
849 1882 956 1923 nihil
989 1882 1173 1938 denique
1203 1882 1467 1937 hujusmodi,
1489 1881 1603 1937 quod
1627 1881 1759 1921 etiam

318 1942 460 1995 minus
499 1940 620 1997 digni
663 1940 829 1995 assequi
867 1939 1048 1995 possint.
1111 1940 1327 1981 Memoria
1361 1949 1512 1990 vestra,
1551 1938 1758 1988 Quirites,

316 2011 477 2039 nostrae.
511 2013 573 2038 res
604 1997 785 2048 alentur,
817 1997 1084 2038 sermonibus
1107 2006 1314 2048 crescent,
1339 1997 1575 2038 litterarum
1606 2009 1759 2036 monu-

316 2057 473 2097 mentis
491 2056 804 2096 inveterascent
816 2065 860 2094 et
875 2055 1268 2096 corroborabuntur
1284 2072 1292 2096 ι
1314 2055 1356 2085 46
1365 2054 1630 2109 eandemque
1644 2052 1760 2093 diem

359 2183 399 2211 45
414 2180 520 2220 Atque
533 2180 598 2210 illoe
611 2179 686 2209 dirs-
700 2182 796 2208 erant
815 2177 1015 2218 hujusmodi]

320 2222 401 2252 Haec
426 2222 523 2252 lectio
546 2222 586 2252 ab
608 2221 658 2252 ed.
681 2221 722 2252 R.
746 2221 799 2251 ΒΓ.
821 2223 910 2251 1480.
927 2221 1017 2251 Med.

1059 2178 1245 2218 telligebat,
1274 2188 1333 2209 nec
1365 2178 1578 2219 parenthesin
1612 2176 1761 2208 animad-

1062 2222 1221 2251 vertebat.
1259 2221 1308 2251 Ea
1322 2226 1433 2251 autem
1449 2220 1546 2261 plane
1560 2220 1761 2259 intelligitur

317 2265 419 2295 venit.
436 2264 497 2294 Ed.
514 2265 567 2294 W.
583 2264 682 2294 habet
696 2263 802 2302 Atque
824 2264 888 2293 illae
908 2268 1020 2293 tumen

318 2317 426 2337 omnes
448 2308 666 2342 dissmzsiones,
681 2315 825 2345 quarum
848 2306 906 2335 &ta
930 2306 1017 2344 quod

317 2355 351 2379 et
367 2350 400 2379 in
416 2349 495 2379 Mss.
511 2358 656 2388 reperere
671 2348 833 2377 Gruterus
849 2352 883 2377 et
906 2347 1017 2377 Mure-

316 2396 390 2424 tus:
414 2397 449 2422 et
471 2392 516 2421 sic
538 2390 640 2421 edidit
655 2390 814 2420 Graerius.
859 2390 944 2420 Puto
959 2399 1018 2420 au-

317 2439 385 2462 tem
409 2433 557 2463 additum
580 2433 633 2462 hic
655 2441 723 2461 esse
740 2436 851 2462 tamen
869 2442 977 2462 omnes
999 2442 1018 2462 a

317 2475 458 2505 librariis
479 2486 496 2505 e
519 2474 741 2512 sequentibus.
760 2484 819 2503 nec
833 2480 947 2503 tamen
963 2483 1018 2504 ne-

317 2520 455 2547 cessario
471 2517 585 2548 Cicero
597 2517 770 2554 utrobique
784 2515 897 2545 eadem
910 2516 1017 2546 forma

315 2568 394 2589 usus
409 2565 480 2596 est3
504 2559 560 2596 qni
576 2559 694 2598 repetit
710 2558 771 2587 hoe
785 2558 890 2596 Atque
906 2559 970 2588 z'lloe
986 2559 1017 2588 d.

318 2611 394 2632 cum
423 2600 634 2639 adjunctione
659 2606 770 2630 tamen
797 2610 918 2636 omnes,
942 2601 1019 2639 quia

316 2643 352 2672 in
376 2643 492 2679 verbis,
512 2652 576 2672 non
597 2643 875 2678 illi—valuerunt,
890 2648 940 2672 est
962 2652 1018 2682 pa-

318 2684 492 2719 rentioesis,
506 2689 580 2723 post
594 2694 692 2723 quam
709 2688 821 2714 tamen
834 2688 883 2714 est
899 2694 956 2724 pro
970 2687 1020 2714 in-

315 2736 429 2766 quam,
454 2727 574 2764 igitur,
601 2731 639 2756 ut
667 2725 754 2757 alibi.
782 2726 843 2756 vid.
865 2726 956 2756 clav.
984 2727 1019 2757 in

316 2773 439 2799 tamen.
462 2769 508 2798 Ac
524 2769 645 2803 nescio,
659 2777 700 2798 an
713 2769 814 2798 etiam
829 2767 912 2798 illud
923 2774 1018 2800 erant

317 2810 503 2849 hujusmodi
528 2809 561 2842 h.
586 2810 608 2840 l.
633 2809 675 2840 sit
700 2820 720 2840 a
742 2810 935 2849 glossatore,
964 2812 1019 2850 qui

315 2856 456 2884 *ormam
478 2851 582 2884 totius
597 2852 756 2888 orationis
778 2862 846 2884 nou
868 2854 947 2887 satis
969 2853 1018 2884 in-

1062 2273 1129 2293 non
1163 2263 1260 2293 modo
1297 2274 1313 2293 e
1350 2269 1480 2293 mutato
1515 2263 1676 2301 subjecto,
1705 2261 1762 2293 sed

1061 2306 1162 2335 etiam
1183 2316 1201 2335 e
1225 2306 1418 2345 repetitione
1435 2305 1551 2345 primae
1572 2304 1761 2341 sententiae,

1059 2357 1202 2386 quarum
1217 2349 1312 2378 nulla
1325 2349 1463 2378 exitium
1477 2347 1660 2387 reipublice
1675 2355 1760 2385 quoe-

1059 2391 1144 2420 sivit.
1190 2390 1302 2429 ltaque
1324 2389 1434 2420 locum
1459 2389 1547 2419 hunc
1569 2388 1614 2418 sic
1637 2388 1760 2418 consti-

1060 2433 1199 2462 tuerim:
1223 2433 1329 2471 Aeque
1350 2434 1415 2462 iltae
1437 2431 1653 2466 ‹iissem-temes,
1676 2430 1762 2471 ‚Qui-

1062 2476 1151 2510 rites,
1171 2484 1241 2513 quoe
1263 2475 1587 2514 non—pertinerent.-
1613 2474 1689 2512 (non
1710 2473 1762 2502 illi

1058 2515 1437 2554 mcllnm-voluerunt,·)
1460 2520 1557 2555 atque
1570 2515 1634 2545 illoe
1647 2519 1760 2546 tamen

1059 2568 1167 2588 omnes
1179 2557 1254 2589 dees.
1271 2568 1412 2598 quarum
1429 2559 1525 2587 nulla
1539 2559 1598 2587 ὄις.

1102 2601 1143 2630 46
1170 2601 1367 2641 eandemque
1393 2601 1480 2630 diem
1505 2600 1654 2638 intelligo
1679 2599 1755 2639 &c.]

1062 2642 1162 2673 Hunc
1188 2643 1299 2673 locum
1326 2652 1393 2672 uon
1427 2642 1507 2672 satis
1542 2651 1658 2672 sanum
1691 2649 1760 2672 esse

1063 2691 1163 2724 puto:
1199 2695 1258 2715 nec
1297 2694 1366 2714 rem
1393 2684 1530 2714 conficit
1564 2684 1662 2714 lectio
1697 2683 1761 2714 Ms.

1064 2727 1177 2757 Franc.
1203 2738 1254 2767 ap.
1279 2727 1456 2756 Graevium,
1501 2726 1687 2756 Difficultas
1711 2730 1762 2756 est

1062 2769 1096 2798 in
1120 2769 1223 2799 verbis
1245 2769 1442 2808 eundemque
1462 2768 1548 2798 diem
1571 2768 1760 2806 intelligo-

1057 2816 1292 2851 propagatam.
1336 2811 1407 2840 Nec
1431 2811 1614 2850 sequentia,
1638 2819 1764 2849 unoque

1062 2854 1326 2894 tempore-duos
1346 2854 1428 2892 cives
1444 2854 1617 2891 exstitisse,
1640 2852 1766 2886 habent
