1907 3231
434 107 556 145 ACT.
583 107 634 144 H.
676 105 863 144 LIBER
889 105 1219 144 SECUNDUS.
1469 111 1542 148 199

117 213 204 249 tate
235 208 432 251 dedisset.
461 209 701 265 ignominia
731 219 874 251 autem
906 209 978 250 illa
1006 209 1163 266 gravis,
1194 210 1356 250 tamdiu
1389 210 1432 251 in
1468 211 1540 254 illo

117 262 292 306 homine
321 264 417 317 fuit,
447 267 651 321 quamdiu
680 267 760 308 iste
788 267 830 308 in
860 266 1082 323 provincia
1113 266 1284 306 mansit.
1345 266 1444 308 Hoc
1476 269 1540 309 in-

110 320 232 375 jecto
268 331 384 363 metu
408 323 646 378 Judicibus,
678 338 791 365 novo
818 339 951 374 more,
980 321 1095 364 nullo
1120 323 1334 378 exemplo,
1361 338 1539 378 ecquam

116 392 205 418 rem
227 379 386 437 putatis
407 394 498 421 esse
520 381 563 421 in
587 380 746 432 Sicilia,
768 381 850 421 nisi
872 382 924 421 ad
947 389 1098 421 nutum
1117 379 1254 430 istius,
1269 379 1509 434 judicatam
1526 385 1582 423 ?b.

115 433 271 475 Utrum
293 435 335 476 id
359 436 494 477 solum
517 438 684 478 videtur
705 452 794 478 esse
815 447 973 488 actum,
993 436 1107 492 quod
1128 445 1194 476 est
1213 445 1357 478 tamen
1379 447 1538 487 actum,

115 499 164 538 ut
205 490 407 534 Heraclio
445 495 627 550 pecunia
661 495 920 551 eriperetur?
950 509 1003 534 an
1041 494 1170 534 etiarn
1209 493 1326 543 illud,
1369 494 1412 534 iu
1452 509 1538 549 quo

111 549 259 602 praeda
283 559 373 590 erat
400 551 605 602 maxima,
627 562 688 602 ut,
710 551 885 592 nomine
907 551 1186 605 judiciorum,
1210 550 1402 591 omnium
1425 551 1539 591 bona

111 612 240 659 atque
261 604 444 649 fortunae
468 608 511 648 in
532 609 653 649 istius
676 609 800 649 unius
822 618 962 649 essent
984 610 1223 664 potestate?

166 661 266 704 Jam
299 678 399 704 vero
429 664 473 706 in
509 680 648 706 rerum
685 666 933 721 capitalium
970 665 1280 720 quaestionibus
1318 664 1421 719 quid
1453 679 1534 720 ego
1549 655 1617 703 ‘28

111 731 456 775 unamquamque
485 737 573 763 rem
595 722 795 778 colligam
817 734 860 762 et
883 724 1081 763 causam?
1114 721 1181 762 Ex
1214 722 1356 762 multis
1388 722 1535 762 simili·
1547 727 1596 760 68

110 774 190 816 bus
212 790 262 817 ea
282 791 460 829 sumam,
483 795 578 835 quae
597 783 786 820 maxime
809 779 1084 835 improbitate
1105 778 1312 819 excellere
1332 779 1537 820 videbun-

111 840 194 873 tur.
237 833 418 890 Sopater
439 837 612 892 quidam
634 836 716 876 fuit
739 835 1014 885 Haliciensis,
1037 835 1167 875 homo
1191 836 1305 876 domi
1331 851 1417 877 suae
1441 851 1540 877 cum

109 889 259 946 primis
289 891 477 949 locuples
511 902 638 948 atque
667 893 885 934 honestus.
947 891 989 933 Is
1019 893 1072 932 ab
1096 892 1279 933 inimicis
1312 894 1397 933 suis
1418 893 1540 948 apud

112 945 165 987 C.
187 947 461 990 Sacerdotem
484 960 712 1006 praetorem
740 951 799 991 rei
823 949 1019 1006 capitalis
1042 964 1140 991 cum
1169 958 1393 990 accusatus
1415 960 1540 1000 esset,

111 1001 237 1045 facile
258 1020 308 1046 eo
329 1006 499 1061 judicio
522 1019 585 1048 est
612 1007 831 1049 liberatus.
895 1006 1012 1048 Huic
1034 1007 1172 1047 eidem
1197 1007 1380 1063 Sopatro
1410 1007 1541 1048 iidem

109 1059 274 1103 inimici
307 1064 358 1104 ad
383 1063 434 1105 C.
459 1064 648 1117 Verrem,
670 1079 769 1106 cum
803 1065 836 1105 is
868 1064 1088 1105 Sacerdoti
1121 1065 1406 1114 successisset,
1428 1064 1542 1120 ejus-

108 1116 207 1158 dem
228 1119 287 1160 rei
310 1135 467 1162 nomen
489 1122 744 1163 detulerunt.
805 1121 892 1162 Res
925 1122 1108 1177 Sopatro
1132 1121 1268 1161 facilis
1293 1121 1540 1173 videbatur3
1593 1159 1598 1173 ,

108 1182 154 1215 et
175 1177 289 1231 quod
311 1188 400 1219 erat
423 1178 642 1231 innocens,
665 1190 707 1221 et
737 1179 851 1234 quod
876 1178 1118 1219 Sacerdotis
1142 1178 1358 1233 judicium
1381 1178 1541 1234 impro-

108 1231 210 1273 bare
232 1234 360 1274 istum
383 1251 584 1276 ausurum
605 1252 692 1277 non
714 1236 1015 1277 arbitrabatur.
1071 1235 1241 1275 Citatur
1263 1249 1382 1276 reus:
1414 1251 1542 1276 causa

107 1289 252 1344 agitur
273 1291 519 1347 Syracusis:
552 1294 732 1334 crimina
753 1302 990 1333 tractantur
1012 1292 1065 1333 ab
1088 1300 1334 1333 accusatore
1357 1306 1419 1342 ea,
1442 1308 1539 1347 quae

107 1357 229 1388 erant
250 1358 375 1389 antea
395 1365 481 1391 non
503 1350 639 1391 solum
662 1350 924 1400 defensione,
949 1363 1095 1390 verum
1117 1349 1246 1390 etiam
1261 1349 1430 1404 judicio
1452 1350 1538 1391 dis-

106 1402 260 1445 soluta.
316 1406 505 1459 Causam
545 1407 715 1463 Sopatri
754 1406 1011 1448 defendebat
1047 1406 1104 1453 Q.
1139 1406 1377 1458 Minucius,
1409 1413 1598 1462 eques69

106 1458 330 1503 Romanus
363 1464 407 1504 in
437 1464 585 1520 primis
619 1464 863 1521 splendidus
899 1471 1027 1519 atque
1062 1463 1281 1514 honestus,
1317 1465 1538 1520 vobisque,

98 1516 286 1572 judices,
313 1534 403 1561 non
429 1521 618 1577 ignotus.
679 1521 802 1562 Nihil
832 1530 920 1562 erat
953 1522 998 1561 in
1027 1536 1168 1571 causa,
1202 1521 1317 1576 quod
1346 1531 1540 1562 metuen-

103 1574 223 1628 dum,
262 1588 336 1618 aut
377 1579 554 1619 omnino
596 1579 711 1634 quod
753 1579 1039 1620 dubitandum
1081 1578 1309 1620 videretur.
1371 1578 1543 1620 Interea

104 1631 228 1674 istius
259 1633 452 1686 libertus,
484 1646 529 1676 et
560 1651 763 1677 accensus
794 1636 908 1677 idem
937 1635 1245 1686 Timarchides,
1275 1635 1347 1690 qui
1381 1646 1458 1687 est,
1495 1636 1541 1678 id

101 1691 220 1744 quod
247 1705 300 1733 ex
332 1692 525 1748 plurimis
557 1694 737 1736 testibus
768 1694 909 1750 priore
939 1693 1109 1734 actione
1141 1693 1367 1744 didicistis,
1396 1708 1539 1735 rerum

101 1744 351 1802 hujusmodi
375 1751 566 1791 omnium
592 1760 829 1792 transactor
858 1758 901 1791 et
930 1750 1193 1801 administer,
1223 1751 1275 1791 ad
1307 1750 1539 1807 Sopatrum

103 1805 236 1856 venit,
257 1816 407 1848 monet
426 1807 661 1859 hominem,
683 1823 736 1849 ne
757 1807 884 1849 nimis
899 1806 1069 1862 judicio
1093 1807 1351 1857 Sacerdotis,
1374 1818 1417 1848 et
1438 1821 1538 1848 cau-

103 1875 162 1902 sae
184 1863 398 1905 confidat:
431 1875 697 1907 accusatores
720 1865 1004 1920 inimicosque
1025 1864 1117 1920 ej=us
1142 1864 1301 1905 habere
1325 1864 1369 1905 in
1391 1865 1536 1905 animo

101 1921 329 1975 pecuniam
353 1923 527 1978 praetori
549 1922 671 1964 dare:
705 1932 933 1980 praetorem
956 1932 1098 1962 tamen
1119 1926 1158 1956 75
1170 1922 1222 1962 ab
1246 1921 1380 1962 salute
1410 1921 1537 1962 malle

101 1977 323 2034 accipere:
356 1988 399 2019 et
420 1979 547 2020 simul
567 1980 705 2031 malle,
728 1981 761 2021 si
785 1979 875 2020 fieri
897 1990 1055 2035 posset,
1078 1993 1167 2020 rem
1183 1979 1424 2033 judicatam
1446 1994 1534 2020 non

99 2035 353 2077 rescindere.
413 2037 609 2092 Sopater,
631 2052 728 2082 cum
750 2037 834 2078 hoc
857 2036 916 2077 illi
939 2036 1220 2092 improvisum
1243 2045 1371 2091 atque
1393 2036 1533 2092 inopi-
1545 2045 1575 2075 P·
1595 2039 1664 2068 123,

100 2103 250 2133 natum
272 2093 510 2144 accidisset,
531 2104 771 2135 commotus
794 2104 858 2134 est
888 2108 1012 2135 sane:
1044 2107 1182 2148 neque
1212 2093 1256 2134 in
1290 2089 1574 2149 praesentia‚³'

101 2146 366 2191 Timarchidi
396 2151 500 2206 quid
530 2151 818 2207 responderet,
843 2151 1007 2201 habuit,
1037 2151 1136 2201 nisi,
1169 2165 1211 2191 se
1241 2150 1534 2192 consideratu-

97 2219 208 2256 rum,
231 2207 332 2261 quid
356 2208 437 2249 sibi
460 2208 511 2249 de
533 2223 581 2249 ea
603 2223 646 2249 re
668 2218 780 2249 esset
806 2207 1075 2249 faciendum:
1108 2218 1152 2248 et
1183 2207 1309 2248 simul
1329 2209 1533 2260 ostendit,

98 2276 143 2302 se
165 2262 209 2303 in
231 2279 397 2305 summa
416 2265 670 2307 difficultate
691 2280 782 2306 esse
811 2265 1019 2306 numaria.
1082 2264 1187 2305 Post
1209 2264 1261 2305 ad
1284 2265 1444 2305 amicos
1466 2279 1532 2306 re-

97 2318 220 2372 tulit;
251 2322 325 2376 qui
354 2337 453 2363 cum
483 2323 521 2363 ei
555 2322 735 2363 fuissent
772 2332 966 2364 auctores
995 2322 1253 2363 redimendae
1285 2321 1446 2372 salutis,
1477 2322 1532 2363 ad

95 2374 414 2420 Timarchidem
436 2380 568 2420 venit.
590 2380 798 2436 expositis
831 2380 915 2420 suis
946 2379 1287 2429 difficultatibus,
1309 2378 1531 2419 hominem

96 2433 150 2475 ad
184 2433 282 2476 H-S
319 2449 454 2478 Lxxx
498 2437 720 2492 perducit3
750 2451 928 2492 eamque
970 2437 1008 2477 ei
1050 2435 1277 2492 pecuniam
1318 2445 1535 2495 numerat,

86 2592 296 2631 pvwbuisseh·
327 2594 413 2633 quod
438 2605 551 2626 omnes
580 2596 682 2626 secuti
711 2600 788 2626 sunt
832 2596 986 2632 absolute,
1026 2604 1093 2625 non
1133 2595 1289 2630 absoluto,
1326 2597 1363 2623 ut
1403 2592 1529 2633 profert

93 2643 194 2673 usque
209 2635 249 2665 ad
263 2636 454 2674 Gruterum,
471 2639 525 2676 qui
540 2638 674 2668 dedisset
687 2638 789 2668 edidit
832 2639 989 2668 Graevius.
1034 2637 1083 2667 Ex
1113 2636 1170 2666 illo
1193 2635 1295 2667 Aldus
1316 2635 1395 2666 fecit
1420 2637 1455 2666 ob
1475 2645 1529 2665 sa·

91 2677 205 2713 tacite,
238 2678 303 2708 sive
330 2689 348 2708 e
373 2680 454 2709 Mss.
484 2681 562 2716 suis,
589 2681 654 2711 sive
683 2691 789 2711 corre·
833 2682 952 2710 lutem:
976 2679 1155 2709 Lambinus
1185 2688 1205 2708 a
1232 2679 1351 2714 salute,
1379 2677 1466 2717 quod
1493 2682 1529 2708 et

92 2717 216 2754 ctione,
230 2720 317 2758 quod
337 2730 414 2751 sane
437 2722 569 2762 propius
591 2722 631 2753 ad
644 2729 788 2753 veterem
832 2723 992 2752 Gruterus
1014 2725 1144 2752 secutus
1167 2725 1226 2750 est.
1248 2719 1330 2750 illud
1345 2720 1444 2750 ceteri
1458 2729 1528 2749 om-

91 2758 267 2792 lectionem
282 2762 416 2793 accedit.
830 2774 887 2794 nes
909 2764 1048 2799 edidere,
1071 2762 1277 2801 defenditque
1292 2761 1451 2798 Graevius,
1471 2762 1529 2800 qui

133 2804 173 2835 75
196 2804 236 2832 ab
257 2805 376 2845 salute]
402 2807 454 2835 Sic
473 2806 632 2837 edidimus
654 2808 786 2848 propius
830 2811 928 2846 negat
956 2816 978 2836 α
1004 2807 1110 2836 salute
1145 2804 1285 2844 intelligi
1317 2813 1420 2843 posse.
1446 2803 1529 2834 mihi

91 2841 132 2874 ad
167 2843 343 2876 lectionem
378 2847 449 2879 edd.
478 2858 527 2888 pr.
555 2859 628 2889 quae
664 2850 787 2881 habent
830 2848 892 2879 hoc
907 2848 1099 2888 exquisitius
1113 2846 1251 2878 videtur.
1266 2856 1297 2877 v.
1313 2846 1452 2880 Clav.in
1468 2855 1502 2876 a.

772 2897 850 2932 04
