1907 3231
513 116 701 155 AcT.11.
737 115 925 157 LIBER
951 116 1221 155 TERTIUS.
1490 123 1568 161 299

147 221 300 263 aerario
333 227 523 276 erogata,
544 235 598 262 ex
632 220 914 285 vectigalibus
949 221 1094 277 populi
1130 220 1315 261 Romani
1348 221 1400 262 ad
1422 237 1567 265 emen-

147 279 252 319 dum
281 277 542 320 frumentum
576 279 797 328 attributa,
819 277 1004 319 f·ue1itne
1033 278 1112 319 tibi
1135 279 1346 332 quaestui?
1379 281 1566 344 pensita-

148 336 260 376 ritne
290 335 370 376 tibi
401 334 522 377 binas
551 336 829 376 centesimas?
889 334 1029 376 Credo
1063 344 1104 375 te
1127 344 1397 390 neomaturuin
1430 337 1564 392 turpis

146 393 263 433 enim
291 402 356 433 est
387 402 430 432 et
460 391 699 447 periculosa
727 391 954 433 confessio.
1014 391 1132 432 Mihi
1153 402 1296 433 autem
1321 392 1400 433 hoc
1423 407 1564 448 petar·
1578 400 1651 434 166

149 449 281 490 duum
303 458 368 489 est
397 449 630 490 demonstr
631 464 701 490 ire
733 450 888 504 quibus
918 449 1032 490 enim
1056 449 1264 490 testibus?
1297 450 1563 504 publicanis?

146 506 317 546 tractati
340 505 576 548 honorifice
595 515 716 548 suut:
741 508 958 547 tacebunt.
979 506 1019 537 δῖ)
1032 506 1183 547 litteris
1196 509 1371 547 eorum?
1392 506 1564 547 decreto

146 562 481 604 decumanorum
502 573 678 604 remotae
701 573 814 604 sunt.
876 563 975 610 Quo
1006 577 1073 604 me
1104 563 1235 619 igitur
1259 565 1443 604 vertam?
1475 577 1564 604 rem

149 629 236 660 tam
258 621 513 685 improbam,
535 621 696 662 crimen
721 631 850 661 tantae
873 621 1078 671 audaciae,
1101 629 1318 675 tantaeque
1339 620 1565 676 impuden-

147 676 235 727 tiae,
258 687 433 742 propter
464 678 653 734 inopiam
685 678 858 719 testium
880 693 929 718 ac
950 677 1185 718 humarum
1210 679 1563 733 praetermittam?

144 747 232 774 non
255 734 426 785 f'aciam,
450 735 635 798 judices,
668 744 760 776 utar
792 745 911 775 teste.
943 738 1057 790 quo?
1118 735 1167 775 P.
1195 735 1338 775 Nettio
1363 734 1561 785 Chilone,

146 790 321 833 homine
343 792 549 847 equestris
583 793 743 832 ordinis
775 791 1075 832 honestissimo
1102 801 1230 855 atque
1261 791 1560 834 ornatissimo:

143 848 217 903 qui
236 848 305 889 isti
326 849 388 889 ita
409 850 570 890 amicus
601 859 643 889 et
674 848 934 889 necessarius
965 859 1044 899 est,
1067 857 1128 898 ut,
1151 849 1220 888 eti
1213 849 1317 888 unsi
1339 849 1400 889 vir
1426 850 1560 889 bonus

142 919 230 946 non
253 916 377 957 esset,
401 917 557 956 tamen,
580 906 692 960 quod
717 915 867 946 contra
887 905 1017 945 istum
1046 899 1222 955 diceret,
1243 920 1373 961 giaxe
1399 905 1603 947 videre-b.

145 972 237 1004 tur:
271 965 332 1004 ita
354 964 417 1004 vir
442 964 575 1004 bonus
592 973 671 1013 est,
703 972 762 1012 ut,
784 962 952 1003 etiamsi
984 962 1302 1003 inimicissimus
1334 963 1404 1004 isti
1434 972 1559 1014 esset,

141 1029 284 1061 tamen
303 1021 395 1075 ejus
418 1019 665 1061 testimonio
695 1020 810 1061 credi
845 1028 1076 1075 oporteret.
1135 1020 1384 1060 Ad1nir·atu1
1412 1030 1456 1060 et
1484 1035 1560 1061 ex·
1575 1014 1649 1054 167

142 1087 322 1133 spectat,
356 1078 559 1132 quidnam
593 1077 761 1118 Vettius
789 1077 979 1117 dicturus
1008 1078 1076 1117 sit.
1106 1077 1214 1117 nihil
1241 1077 1355 1118 dicet
1376 1092 1430 1117 ex
1454 1086 1561 1118 tem-

139 1148 268 1189 pore:
300 1135 407 1175 nihil
428 1149 482 1175 ex
505 1149 581 1175 sua
602 1134 841 1176 voluntate:
874 1134 994 1184 nihil,
1026 1145 1072 1174 ut
1094 1135 1132 1174 ei
1158 1135 1364 1175 utrumvis
1394 1135 1563 1176 licuisse

142 1190 351 1233 videatur.
413 1192 541 1232 Misit
569 1192 613 1232 in
637 1191 828 1232 Siciliam
858 1191 1019 1232 litteras
1041 1192 1095 1232 ad
1119 1190 1433 1247 (Σειϊερίηηίυιῐι,
1464 1207 1562 1233 cuin

141 1258 254 1289 esset
284 1249 489 1305 magister
525 1250 763 1304 scripturae,
786 1258 829 1289 et
856 1248 948 1303 ejus
979 1249 1196 1289 societatis
1218 1249 1563 1305 publicanorum,

139 1320 244 1360 quas
265 1320 347 1362 ego
367 1306 604 1361 Syracusis,
625 1305 739 1361 apud
764 1303 1063 1360 Carpinatium
1092 1306 1136 1345 in
1158 1306 1393 1347 litterarum
1418 1306 1563 1348 allata-

139 1376 232 1403 rum
255 1363 389 1413 libris,
411 1363 611 1412 Romae,
602 1377 645 1403 m
667 1362 904 1403 litterarum
923 1376 1150 1403 missarum
1172 1363 1286 1419 apud
1309 1364 1563 1419 magistrum

139 1418 342 1471 Tullium,
366 1420 617 1461 familiarem
637 1429 774 1470 tuum,
793 1419 958 1460 inveni:
989 1420 1146 1474 quibus
1168 1434 1222 1460 ex
1249 1420 1431 1461 litteris
1423 1436 1562 1477 lmpu-

139 1476 328 1518 dentiam
358 1476 673 1527 foenerationis,
711 1492 874 1531 quaeso,
905 1477 1172 1532 cognoscite,
1207 1491 1429 1519 LITTERAE
1455 1493 1563 1520 Mis-

137 1547 203 1574 SAE
230 1547 479 1585 1..vET'r11,
514 1548 554 1576 1.
580 1547 817 1584 SERVILu,
843 1547 1147 1585 c.ANTlsT11‚
1172 1548 1555 1577 MAG1srRORUM.

137 1590 303 1632 Praesto
326 1606 371 1632 se
392 1592 470 1633 tibi
494 1594 554 1632 ait
575 1591 768 1632 futurum
781 1591 964 1641 Vettius,
982 1601 1025 1632 et
1046 1592 1386 1643 observaturum,
1405 1607 1554 1648 quem-

133 1649 366 1690 admodum
411 1650 595 1690 rationes
628 1649 683 1690 ad
719 1649 917 1690 aerarium
952 1648 1131 1690 referas:
1178 1660 1238 1699 ut,
1273 1650 1305 1690 si
1349 1650 1459 1691 hauc
1500 1664 1556 1692 ex

133 1706 303 1747 foenore
339 1707 498 1763 populo
531 1707 758 1763 pecuniam
791 1721 878 1747 non
916 1705 1124 1757 retuleris,
1158 1683 1306 1747 reddas
1343 1708 1555 1748 societati.

135 1762 369 1804 Possumus
403 1767 484 1805 hoc
517 1774 639 1816 teste,
663 1778 887 1820 possumus
927 1763 976 1804 P.
1001 1763 1169 1804 Servilii
1201 1774 1244 1804 et
1275 1764 1327 1805 C.
1358 1764 1553 1817 Antistii,
1569 1775 1646 1810 168

132 1820 501 1877 661nagistr0rum‚
531 1822 766 1877 primorum
800 1820 1024 1862 hominum
1062 1831 1191 1884 atque
1233 1822 1555 1863 honestissimo-

133 1892 242 1928 rum,
265 1893 490 1934 possumus
512 1878 768 1919 auctoritate
799 1878 1032 1928 societatis,
1061 1893 1184 1933 cujus
1206 1878 1357 1920 litteris
1381 1881 1554 1931 utimur,

133 1936 249 1990 quod
275 1936 472 1987 dicimus,
501 1937 719 1978 obtinere?
750 1951 801 1977 au
837 1935 980 1991 aliqua
1007 1935 1208 1987 firmiora,
1247 1946 1321 1977 aut
1359 1938 1557 1992 graviora

130 1993 361 2048 quaereuda
400 1969 522 2035 suxit?
573 1993 757 2045 Vettius,
800 2002 896 2033 tuus
942 1992 1319 2045 lamiliarissimus3
1374 1994 1555 2046 Vettius,
1570 1983 1637 2035 72

131 2058 229 2091 tuus
248 2050 402 2099 affinis,
426 2051 549 2105 cujus
572 2065 759 2091 sororem
782 2050 948 2091 habes
939 2065 981 2091 1n
1004 2051 1295 2101 matrimonio,
1316 2060 1401 2092 tuae
1424 2053 1556 2093 fiater

129 2108 276 2148 uxoris
294 2107 476 2159 Vettius,
497 2108 626 2148 frater
646 2108 706 2148 tui
724 2107 965 2162 quaestoris,
988 2107 1025 2142 67
1039 2117 1219 2149 testatur
1236 2098 1557 2165 impudentissi-

168 2254 208 2286 65
218 2254 336 2285 litteris
343 2264 452 2285 eorum
462 2255 491 2295 .7]
505 2255 556 2285 Sic
567 2254 744 2284 necessario
752 2263 822 2284 cor-
865 2254 989 2284 cietati.
1033 2254 1113 2285 Mox
1135 2255 1281 2285 Graevius
1294 2266 1333 2287 ex
1348 2264 1413 2285 uno
1428 2255 1491 2286 Ms.
1506 2255 1558 2288 Fr.

121 2297 192 2328 rexi
207 2296 376 2336 vulgatum
400 2299 516 2328 litterte
538 2297 673 2327 eorum?
695 2296 822 2337 Nempe
866 2296 954 2326 dedit
967 2306 1011 2326 an
1025 2298 1198 2335 graviora,
1212 2308 1270 2338 pro
1284 2303 1343 2327 aut
1353 2308 1407 2336 gr.

124 2345 203 2370 sunt
229 2338 294 2369 duo
320 2347 440 2377 genera
464 2340 618 2370 testium:
654 2338 818 2379 publicani
903 2338 941 2372 67
966 2339 1122 2379 testatur]
1153 2340 1225 2370 Hoc
1251 2341 1384 2370 verbum
1409 2340 1557 2371 additum

121 2382 193 2423 ipsi,
215 2386 249 2412 et
271 2380 375 2410 literae
395 2392 519 2412 eorum.
537 2381 632 2420 idque
654 2380 779 2411 clarum
802 2391 819 2410 e
861 2384 910 2411 est
926 2390 943 2411 e
958 2380 1022 2412 Ms.
1035 2381 1214 2418 Nannii‚et
1225 2383 1269 2412 sic
1281 2382 1411 2422 expleta
1426 2381 1555 2420 lacuna,

123 2423 345 2464 sequentibus,
393 2423 544 2454 Editor-es
574 2429 698 2453 veteres
723 2428 820 2463 puta·
861 2428 900 2453 ut
914 2432 980 2453 non
995 2433 1077 2464 opus
1099 2424 1143 2454 sit
1163 2423 1279 2460 stellis,
1295 2424 1423 2455 lacuuae
1441 2425 1556 2455 indici-

120 2466 202 2498 bant
224 2466 293 2496 haee
308 2475 376 2496 esse
396 2468 576 2506 conjuncta
590 2475 689 2504 usque
711 2465 751 2495 ad
769 2476 820 2495 re·
862 2465 922 2495 bus
949 2472 1027 2496 ante
1052 2467 1168 2503 recita,
1188 2476 1259 2506 quae
1279 2472 1356 2496 sunt
1379 2467 1412 2497 in
1436 2467 1555 2498 Grute-

121 2514 214 2540 motoe
227 2513 316 2544 sunt,
330 2508 438 2548 itaque
461 2510 564 2540 citeris
585 2508 760 2538 mutabant
783 2509 817 2538 iu
860 2507 1013 2539 rianaed.
1058 2508 1119 2538 Sed
1140 2518 1200 2548 ego
1224 2509 1336 2538 malim
1359 2513 1499 2539 testatur
1521 2510 1555 2541 in

121 2553 233 2581 Fueroe.
859 2550 938 2586 fine,
962 2556 1040 2580 ante
1062 2534 1178 2580 recilao
1188 2551 1278 2591 poni,
1294 2556 1328 2581 et
1350 2556 1423 2592 post
1438 2561 1555 2591 paren-

163 2594 204 2624 66
227 2594 462 2631 magistrorum
477 2592 594 2631 literis]
629 2591 751 2622 Literis
765 2591 818 2621 de-
859 2592 978 2622 thesin.
1024 2592 1063 2622 In
1085 2592 1148 2622 Ms.
1168 2591 1282 2623 Lamb.
1307 2592 1347 2624 ad
1371 2593 1553 2633 marginem

122 2635 197 2672 levi,
223 2636 308 2675 quod
331 2645 398 2666 non
420 2640 470 2665 est
490 2635 524 2665 in
541 2634 612 2665 edd.
632 2644 680 2673 pr.
702 2644 761 2664 nec
784 2635 818 2664 in
861 2635 1020 2674 scripturn
1033 2640 1116 2664 erat:
1133 2635 1356 2666 indicaturum
1369 2646 1402 2666 se
1413 2641 1553 2675 ‹topate-

121 2677 200 2709 Mss.
216 2684 334 2719 praetcr
347 2688 451 2708 uuum
465 2677 602 2713 Nannfi,
626 2676 712 2706 unde
728 2687 814 2706 reee-
845 2675 1027 2716 facturum
1052 2678 1213 2714 minatur,
1236 2677 1321 2717 quod
1344 2687 1421 2708 sane
1435 2687 1553 2708 sonum

120 2725 216 2759 ptum
241 2725 299 2751 est.
329 2721 565 2758 magistrat-mn
600 2719 740 2748 refertur
774 2719 815 2750 ad
858 2719 1024 2749 Ciceronis
1036 2718 1145 2751 habet.
1189 2718 1243 2751 Ita
1255 2719 1553 2762 interpungendum

119 2763 315 2793 auctoritate
323 2776 333 2795 ,·
368 2763 539 2793 litcrarum
568 2765 641 2801 post
675 2762 814 2798 mentio,
857 2766 941 2792 esset
958 2765 1032 2802 post
1049 2765 1202 2793 testatur.

117 2815 229 2844 eaeque
245 2814 435 2836 communes
450 2803 704 2844 suntmagistris
717 2809 751 2834 et
763 2813 814 2833 so-
