<?xml version="1.0" encoding="UTF-8"?>
<!DOCTYPE html PUBLIC "-//W3C//DTD XHTML 1.0 Transitional//EN"
    "http://www.w3.org/TR/xhtml1/DTD/xhtml1-transitional.dtd">
<html xmlns="http://www.w3.org/1999/xhtml" xml:lang="en" lang="en">
 <head>
  <title>
</title>
<meta http-equiv="Content-Type" content="text/html;charset=utf-8" />
  <meta name='ocr-system' content='tesseract 3.04.00' />
  <meta name='ocr-capabilities' content='ocr_page ocr_carea ocr_par ocr_line ocrx_word'/>
</head>
<body>
  <div class='ocr_page' id='page_1' title='image "./p1operaomnia02ciceuoft_0548.png"; bbox 0 0 1907 3231; ppageno 0'>
   <div class='ocr_carea' id='block_1_1' title="bbox 338 151 1180 190">
    <p class='ocr_par' dir='ltr' id='par_1_1' title="bbox 338 151 1180 190">
     <span class='ocr_line' id='line_1_1' title="bbox 338 151 1180 190; baseline 0.001 -4"><span class='ocrx_word' id='word_1_1' title='bbox 338 151 419 186; x_wconf 74' lang='lat'>,524</span> <span class='ocrx_word' id='word_1_2' title='bbox 935 152 1180 190; x_wconf 88' lang='lat' dir='ltr'>ORATIO</span> 
     </span>
    </p>
   </div>
   <div class='ocr_carea' id='block_1_2' title="bbox 224 252 1804 2249">
    <p class='ocr_par' dir='ltr' id='par_1_2' title="bbox 295 252 1770 424">
     <span class='ocr_line' id='line_1_2' title="bbox 295 252 1769 315; baseline 0.001 -21"><span class='ocrx_word' id='word_1_3' title='bbox 295 254 533 315; x_wconf 84' lang='lat' dir='ltr'>9potnisse</span> <span class='ocrx_word' id='word_1_4' title='bbox 567 255 868 296; x_wconf 78' lang='lat' dir='ltr'>arbitraretur?</span> <span class='ocrx_word' id='word_1_5' title='bbox 898 255 1042 310; x_wconf 86' lang='lat' dir='ltr'>Atque</span> <span class='ocrx_word' id='word_1_6' title='bbox 1072 255 1167 294; x_wconf 75' lang='lat' dir='ltr'>haec</span> <span class='ocrx_word' id='word_1_7' title='bbox 1202 268 1332 309; x_wconf 80' lang='lat' dir='ltr'>parva</span> <span class='ocrx_word' id='word_1_8' title='bbox 1362 260 1484 295; x_wconf 87' lang='lat' dir='ltr'>sunt:</span> <span class='ocrx_word' id='word_1_9' title='bbox 1517 252 1769 309; x_wconf 73' lang='lat' dir='ltr'>cognoscite</span> 
     </span>
     <span class='ocr_line' id='line_1_3' title="bbox 343 311 1770 366; baseline 0.001 -16"><span class='ocrx_word' id='word_1_10' title='bbox 343 311 526 366; x_wconf 80' lang='lat' dir='ltr'>reliqua:</span> <span class='ocrx_word' id='word_1_11' title='bbox 560 321 609 352; x_wconf 85' lang='lat' dir='ltr'>ut</span> <span class='ocrx_word' id='word_1_12' title='bbox 637 327 722 353; x_wconf 91' lang='lat' dir='ltr'>non</span> <span class='ocrx_word' id='word_1_13' title='bbox 745 312 972 366; x_wconf 84' lang='lat' dir='ltr'>aliquando</span> <span class='ocrx_word' id='word_1_14' title='bbox 994 311 1325 351; x_wconf 77' lang='lat' dir='ltr'>condemnatum</span> <span class='ocrx_word' id='word_1_15' title='bbox 1348 325 1438 352; x_wconf 87' lang='lat' dir='ltr'>esse</span> <span class='ocrx_word' id='word_1_16' title='bbox 1461 311 1770 366; x_wconf 63' lang='lat' dir='ltr'>Oppianicum,</span> 
     </span>
     <span class='ocr_line' id='line_1_4' title="bbox 335 366 1361 424; baseline 0 -16"><span class='ocrx_word' id='word_1_17' title='bbox 335 368 413 408; x_wconf 80' lang='lat' dir='ltr'>sed</span> <span class='ocrx_word' id='word_1_18' title='bbox 436 368 681 424; x_wconf 79' lang='lat' dir='ltr'>aliquandiu</span> <span class='ocrx_word' id='word_1_19' title='bbox 704 370 959 410; x_wconf 84' lang='lat' dir='ltr'>incolumem</span> <span class='ocrx_word' id='word_1_20' title='bbox 983 366 1113 407; x_wconf 84' lang='lat' dir='ltr'>fuisse</span> <span class='ocrx_word' id='word_1_21' title='bbox 1133 367 1361 408; x_wconf 83' lang='lat' dir='ltr'>miremini.</span> 
     </span>
    </p>

    <p class='ocr_par' dir='ltr' id='par_1_3' title="bbox 277 423 1770 708">
     <span class='ocr_line' id='line_1_5' title="bbox 277 423 1770 477; baseline -0.003 -8"><span class='ocrx_word' id='word_1_22' title='bbox 277 434 339 469; x_wconf 79' lang='lat'>26.</span> <span class='ocrx_word' id='word_1_23' title='bbox 400 424 592 467; x_wconf 89' lang='lat' dir='ltr'>Primum</span> <span class='ocrx_word' id='word_1_24' title='bbox 622 427 763 466; x_wconf 77' lang='lat' dir='ltr'>videte</span> <span class='ocrx_word' id='word_1_25' title='bbox 799 424 985 464; x_wconf 87' lang='lat' dir='ltr'>hominis</span> <span class='ocrx_word' id='word_1_26' title='bbox 1022 424 1259 464; x_wconf 83' lang='lat' dir='ltr'>audaciam.</span> <span class='ocrx_word' id='word_1_27' title='bbox 1320 424 1503 477; x_wconf 81' lang='lat' dir='ltr'>Sassiam</span> <span class='ocrx_word' id='word_1_28' title='bbox 1543 423 1585 464; x_wconf 92' lang='lat' dir='ltr'>in</span> <span class='ocrx_word' id='word_1_29' title='bbox 1621 423 1770 465; x_wconf 84' lang='lat' dir='ltr'>matri-</span> 
     </span>
     <span class='ocr_line' id='line_1_6' title="bbox 337 480 1767 536; baseline 0 -15"><span class='ocrx_word' id='word_1_30' title='bbox 337 482 533 523; x_wconf 87' lang='lat' dir='ltr'>monium</span> <span class='ocrx_word' id='word_1_31' title='bbox 563 483 730 532; x_wconf 85' lang='lat' dir='ltr'>duccre,</span> <span class='ocrx_word' id='word_1_32' title='bbox 751 481 871 522; x_wconf 90' lang='lat' dir='ltr'>Aviti</span> <span class='ocrx_word' id='word_1_33' title='bbox 903 488 1098 530; x_wconf 86' lang='lat' dir='ltr'>matrem,</span> <span class='ocrx_word' id='word_1_34' title='bbox 1129 480 1258 531; x_wconf 88' lang='lat' dir='ltr'>illam,</span> <span class='ocrx_word' id='word_1_35' title='bbox 1279 482 1401 536; x_wconf 87' lang='lat' dir='ltr'>cujus</span> <span class='ocrx_word' id='word_1_36' title='bbox 1432 482 1568 522; x_wconf 88' lang='lat' dir='ltr'>virum</span> <span class='ocrx_word' id='word_1_37' title='bbox 1599 480 1653 522; x_wconf 87' lang='lat' dir='ltr'>A.</span> <span class='ocrx_word' id='word_1_38' title='bbox 1676 481 1767 521; x_wconf 61' lang='lat' dir='ltr'>Au·&gt;</span> 
     </span>
     <span class='ocr_line' id='line_1_7' title="bbox 338 537 1766 593; baseline -0.002 -12"><span class='ocrx_word' id='word_1_39' title='bbox 338 539 449 581; x_wconf 83' lang='lat' dir='ltr'>rium</span> <span class='ocrx_word' id='word_1_40' title='bbox 483 540 713 588; x_wconf 82' lang='lat' dir='ltr'>occiderat,</span> <span class='ocrx_word' id='word_1_41' title='bbox 743 537 1007 592; x_wconf 86' lang='lat' dir='ltr'>concupivit.</span> <span class='ocrx_word' id='word_1_42' title='bbox 1067 537 1223 578; x_wconf 85' lang='lat' dir='ltr'>Utrum</span> <span class='ocrx_word' id='word_1_43' title='bbox 1256 538 1546 593; x_wconf 86' lang='lat' dir='ltr'>impudentior</span> <span class='ocrx_word' id='word_1_44' title='bbox 1576 537 1661 589; x_wconf 89' lang='lat' dir='ltr'>hic,</span> <span class='ocrx_word' id='word_1_45' title='bbox 1691 537 1766 592; x_wconf 81' lang='lat' dir='ltr'>qui</span> 
     </span>
     <span class='ocr_line' id='line_1_8' title="bbox 337 593 1769 651; baseline -0.002 -14"><span class='ocrx_word' id='word_1_46' title='bbox 337 597 540 651; x_wconf 77' lang='lat' dir='ltr'>postulet,</span> <span class='ocrx_word' id='word_1_47' title='bbox 571 611 624 635; x_wconf 84' lang='lat' dir='ltr'>an</span> <span class='ocrx_word' id='word_1_48' title='bbox 654 594 864 635; x_wconf 86' lang='lat' dir='ltr'>crudelior</span> <span class='ocrx_word' id='word_1_49' title='bbox 886 593 971 644; x_wconf 83' lang='lat' dir='ltr'>illa,</span> <span class='ocrx_word' id='word_1_50' title='bbox 1004 594 1038 634; x_wconf 88' lang='lat' dir='ltr'>si</span> <span class='ocrx_word' id='word_1_51' title='bbox 1070 595 1219 645; x_wconf 89' lang='lat' dir='ltr'>nubat,</span> <span class='ocrx_word' id='word_1_52' title='bbox 1241 594 1414 635; x_wconf 83' lang='lat' dir='ltr'>difficile</span> <span class='ocrx_word' id='word_1_53' title='bbox 1441 595 1562 636; x_wconf 76' lang='lat' dir='ltr'>&#39;dictu</span> <span class='ocrx_word' id='word_1_54' title='bbox 1582 603 1660 635; x_wconf 84' lang='lat' dir='ltr'>est.</span> <span class='ocrx_word' id='word_1_55' title='bbox 1693 594 1769 640; x_wconf 84' lang='lat' dir='ltr'>sed</span> 
     </span>
     <span class='ocr_line' id='line_1_9' title="bbox 338 651 1767 708; baseline -0.001 -15"><span class='ocrx_word' id='word_1_56' title='bbox 338 663 481 694; x_wconf 86' lang='lat' dir='ltr'>tamen</span> <span class='ocrx_word' id='word_1_57' title='bbox 512 653 732 707; x_wconf 84' lang='lat' dir='ltr'>utriusque</span> <span class='ocrx_word' id='word_1_58' title='bbox 763 651 1072 692; x_wconf 78' lang='lat' dir='ltr'>humanitatem</span> <span class='ocrx_word' id='word_1_59' title='bbox 1104 651 1474 706; x_wconf 81' lang='lat' dir='ltr'>constantiamque</span> <span class='ocrx_word' id='word_1_60' title='bbox 1501 651 1767 708; x_wconf 85' lang='lat' dir='ltr'>cognoscite.</span> 
     </span>
    </p>

    <p class='ocr_par' dir='ltr' id='par_1_4' title="bbox 275 708 1766 879">
     <span class='ocr_line' id='line_1_10' title="bbox 275 708 1766 765; baseline 0.001 -18"><span class='ocrx_word' id='word_1_61' title='bbox 275 709 326 747; x_wconf 80' lang='lat'>27</span> <span class='ocrx_word' id='word_1_62' title='bbox 341 709 458 760; x_wconf 81' lang='lat' dir='ltr'>Petit</span> <span class='ocrx_word' id='word_1_63' title='bbox 489 708 769 764; x_wconf 84' lang='lat' dir='ltr'>Oppianicus,</span> <span class='ocrx_word' id='word_1_64' title='bbox 800 716 848 748; x_wconf 91' lang='lat' dir='ltr'>ut</span> <span class='ocrx_word' id='word_1_65' title='bbox 878 708 958 748; x_wconf 89' lang='lat' dir='ltr'>sibi</span> <span class='ocrx_word' id='word_1_66' title='bbox 993 708 1136 749; x_wconf 81' lang='lat' dir='ltr'>Sassia</span> <span class='ocrx_word' id='word_1_67' title='bbox 1174 709 1322 759; x_wconf 90' lang='lat' dir='ltr'>nubat,</span> <span class='ocrx_word' id='word_1_68' title='bbox 1356 717 1399 748; x_wconf 93' lang='lat' dir='ltr'>et</span> <span class='ocrx_word' id='word_1_69' title='bbox 1431 708 1475 749; x_wconf 90' lang='lat' dir='ltr'>id</span> <span class='ocrx_word' id='word_1_70' title='bbox 1504 721 1766 765; x_wconf 83' lang='lat' dir='ltr'>magnopere</span> 
     </span>
     <span class='ocr_line' id='line_1_11' title="bbox 337 765 1766 822; baseline -0.001 -14"><span class='ocrx_word' id='word_1_71' title='bbox 337 766 574 810; x_wconf 82' lang='lat' dir='ltr'>contendit.</span> <span class='ocrx_word' id='word_1_72' title='bbox 606 765 676 806; x_wconf 87' lang='lat' dir='ltr'>illa</span> <span class='ocrx_word' id='word_1_73' title='bbox 706 775 848 806; x_wconf 86' lang='lat' dir='ltr'>autem</span> <span class='ocrx_word' id='word_1_74' title='bbox 869 779 957 806; x_wconf 88' lang='lat' dir='ltr'>non</span> <span class='ocrx_word' id='word_1_75' title='bbox 989 765 1224 807; x_wconf 84' lang='lat' dir='ltr'>admiratur</span> <span class='ocrx_word' id='word_1_76' title='bbox 1250 765 1487 815; x_wconf 84' lang='lat' dir='ltr'>audaciam,</span> <span class='ocrx_word' id='word_1_77' title='bbox 1508 765 1766 822; x_wconf 67' lang='lat' dir='ltr'>nonimpu-</span> 
     </span>
     <span class='ocr_line' id='line_1_12' title="bbox 337 821 1766 879; baseline -0.001 -16"><span class='ocrx_word' id='word_1_78' title='bbox 337 823 525 863; x_wconf 81' lang='lat' dir='ltr'>dentiam</span> <span class='ocrx_word' id='word_1_79' title='bbox 547 833 809 879; x_wconf 78' lang='lat' dir='ltr'>aspernatur,</span> <span class='ocrx_word' id='word_1_80' title='bbox 830 837 916 863; x_wconf 88' lang='lat' dir='ltr'>non</span> <span class='ocrx_word' id='word_1_81' title='bbox 939 822 1122 878; x_wconf 87' lang='lat' dir='ltr'>denique</span> <span class='ocrx_word' id='word_1_82' title='bbox 1147 823 1305 864; x_wconf 64' lang='lat' dir='ltr'>millam</span> <span class='ocrx_word' id='word_1_83' title='bbox 1321 821 1552 878; x_wconf 86' lang='lat' dir='ltr'>Oppianici</span> <span class='ocrx_word' id='word_1_84' title='bbox 1574 822 1766 873; x_wconf 86' lang='lat' dir='ltr'>domum,</span> 
     </span>
    </p>

    <p class='ocr_par' dir='ltr' id='par_1_5' title="bbox 224 879 1804 2249">
     <span class='ocr_line' id='line_1_13' title="bbox 224 879 1766 935; baseline 0.001 -17"><span class='ocrx_word' id='word_1_85' title='bbox 224 897 257 929; x_wconf 85' lang='lat' dir='ltr'>p.</span> <span class='ocrx_word' id='word_1_86' title='bbox 273 880 415 920; x_wconf 57' lang='lat' dir='ltr'>mvn-i</span> <span class='ocrx_word' id='word_1_87' title='bbox 439 880 502 920; x_wconf 91' lang='lat' dir='ltr'>sui</span> <span class='ocrx_word' id='word_1_88' title='bbox 525 880 732 935; x_wconf 78' lang='lat' dir='ltr'>sanguine</span> <span class='ocrx_word' id='word_1_89' title='bbox 753 879 1074 931; x_wconf 85' lang='lat' dir='ltr'>redundantem,</span> <span class='ocrx_word' id='word_1_90' title='bbox 1098 879 1371 921; x_wconf 81' lang='lat' dir='ltr'>reformidat:</span> <span class='ocrx_word' id='word_1_91' title='bbox 1405 879 1476 920; x_wconf 87' lang='lat' dir='ltr'>sed</span> <span class='ocrx_word' id='word_1_92' title='bbox 1497 879 1612 934; x_wconf 88' lang='lat' dir='ltr'>quod</span> <span class='ocrx_word' id='word_1_93' title='bbox 1632 879 1766 920; x_wconf 88' lang='lat' dir='ltr'>habe-</span> 
     </span>
     <span class='ocr_line' id='line_1_14' title="bbox 291 935 1766 992; baseline 0 -16"><span class='ocrx_word' id='word_1_94' title='bbox 291 940 322 960; x_wconf 73' lang='lat'>³·</span> <span class='ocrx_word' id='word_1_95' title='bbox 334 946 400 978; x_wconf 88' lang='lat' dir='ltr'>ret</span> <span class='ocrx_word' id='word_1_96' title='bbox 420 946 504 977; x_wconf 87' lang='lat' dir='ltr'>tres</span> <span class='ocrx_word' id='word_1_97' title='bbox 523 936 592 977; x_wconf 88' lang='lat' dir='ltr'>ille</span> <span class='ocrx_word' id='word_1_98' title='bbox 614 937 739 987; x_wconf 86' lang='lat' dir='ltr'>filios,</span> <span class='ocrx_word' id='word_1_99' title='bbox 757 937 918 978; x_wconf 90' lang='lat' dir='ltr'>idcirco</span> <span class='ocrx_word' id='word_1_100' title='bbox 935 951 978 977; x_wconf 91' lang='lat' dir='ltr'>se</span> <span class='ocrx_word' id='word_1_101' title='bbox 998 938 1053 977; x_wconf 90' lang='lat' dir='ltr'>ab</span> <span class='ocrx_word' id='word_1_102' title='bbox 1075 937 1141 977; x_wconf 88' lang='lat' dir='ltr'>his</span> <span class='ocrx_word' id='word_1_103' title='bbox 1159 937 1321 992; x_wconf 90' lang='lat' dir='ltr'>nuptiis</span> <span class='ocrx_word' id='word_1_104' title='bbox 1342 935 1572 977; x_wconf 88' lang='lat' dir='ltr'>abhorrere</span> <span class='ocrx_word' id='word_1_105' title='bbox 1587 939 1766 992; x_wconf 82' lang='lat' dir='ltr'>respon-</span> 
     </span>
     <span class='ocr_line' id='line_1_15' title="bbox 332 993 1764 1050; baseline 0 -16"><span class='ocrx_word' id='word_1_106' title='bbox 332 994 412 1034; x_wconf 84' lang='lat' dir='ltr'>dit.</span> <span class='ocrx_word' id='word_1_107' title='bbox 455 994 737 1050; x_wconf 85' lang='lat' dir='ltr'>Oppianicus,</span> <span class='ocrx_word' id='word_1_108' title='bbox 759 994 831 1048; x_wconf 89' lang='lat' dir='ltr'>qui</span> <span class='ocrx_word' id='word_1_109' title='bbox 856 993 1081 1048; x_wconf 87' lang='lat' dir='ltr'>pecuniam</span> <span class='ocrx_word' id='word_1_110' title='bbox 1105 994 1257 1035; x_wconf 84' lang='lat' dir='ltr'>Sassiae</span> <span class='ocrx_word' id='word_1_111' title='bbox 1279 993 1612 1049; x_wconf 83' lang='lat' dir='ltr'>concupivisset,</span> <span class='ocrx_word' id='word_1_112' title='bbox 1633 993 1764 1034; x_wconf 84' lang='lat' dir='ltr'>domo</span> 
     </span>
     <span class='ocr_line' id='line_1_16' title="bbox 331 1051 1762 1106; baseline 0.001 -16"><span class='ocrx_word' id='word_1_113' title='bbox 331 1051 414 1091; x_wconf 87' lang='lat' dir='ltr'>sibi</span> <span class='ocrx_word' id='word_1_114' title='bbox 436 1051 714 1105; x_wconf 77' lang='lat' dir='ltr'>quaerendum</span> <span class='ocrx_word' id='word_1_115' title='bbox 738 1051 971 1091; x_wconf 86' lang='lat' dir='ltr'>remedium</span> <span class='ocrx_word' id='word_1_116' title='bbox 992 1051 1331 1092; x_wconf 77' lang='lat' dir='ltr'>existimavitad</span> <span class='ocrx_word' id='word_1_117' title='bbox 1352 1065 1446 1091; x_wconf 78' lang='lat' dir='ltr'>eain</span> <span class='ocrx_word' id='word_1_118' title='bbox 1464 1065 1643 1101; x_wconf 86' lang='lat' dir='ltr'>moram,</span> <span class='ocrx_word' id='word_1_119' title='bbox 1665 1065 1762 1106; x_wconf 84' lang='lat' dir='ltr'>quae</span> 
     </span>
     <span class='ocr_line' id='line_1_17' title="bbox 330 1106 1804 1164; baseline 0 -16"><span class='ocrx_word' id='word_1_120' title='bbox 330 1108 493 1164; x_wconf 85' lang='lat' dir='ltr'>nuptiis</span> <span class='ocrx_word' id='word_1_121' title='bbox 515 1107 785 1148; x_wconf 79' lang='lat' dir='ltr'>afferebatur.</span> <span class='ocrx_word' id='word_1_122' title='bbox 848 1107 976 1158; x_wconf 79' lang='lat' dir='ltr'>Nam,</span> <span class='ocrx_word' id='word_1_123' title='bbox 998 1122 1096 1148; x_wconf 90' lang='lat' dir='ltr'>cum</span> <span class='ocrx_word' id='word_1_124' title='bbox 1118 1107 1295 1148; x_wconf 83' lang='lat' dir='ltr'>haberet</span> <span class='ocrx_word' id='word_1_125' title='bbox 1312 1122 1367 1149; x_wconf 86' lang='lat' dir='ltr'>ex</span> <span class='ocrx_word' id='word_1_126' title='bbox 1391 1108 1534 1149; x_wconf 87' lang='lat' dir='ltr'>Novia</span> <span class='ocrx_word' id='word_1_127' title='bbox 1553 1106 1763 1148; x_wconf 85' lang='lat' dir='ltr'>infantem</span> <span class='ocrx_word' id='word_1_128' title='bbox 1797 1154 1804 1163; x_wconf 43' lang='grc' dir='ltr'>ι</span> 
     </span>
     <span class='ocr_line' id='line_1_18' title="bbox 331 1163 1762 1221; baseline 0 -16"><span class='ocrx_word' id='word_1_129' title='bbox 331 1164 492 1205; x_wconf 84' lang='lat' dir='ltr'>filium:</span> <span class='ocrx_word' id='word_1_130' title='bbox 523 1165 628 1206; x_wconf 86' lang='lat' dir='ltr'>alter</span> <span class='ocrx_word' id='word_1_131' title='bbox 649 1174 791 1206; x_wconf 85' lang='lat' dir='ltr'>autem</span> <span class='ocrx_word' id='word_1_132' title='bbox 813 1165 906 1220; x_wconf 84' lang='lat' dir='ltr'>ejus</span> <span class='ocrx_word' id='word_1_133' title='bbox 929 1164 1054 1215; x_wconf 88' lang='lat' dir='ltr'>filius,</span> <span class='ocrx_word' id='word_1_134' title='bbox 1080 1164 1216 1221; x_wconf 86' lang='lat' dir='ltr'>Papia</span> <span class='ocrx_word' id='word_1_135' title='bbox 1235 1175 1374 1216; x_wconf 63' lang='lat' dir='ltr'>natm,</span> <span class='ocrx_word' id='word_1_136' title='bbox 1396 1164 1560 1209; x_wconf 85' lang='lat' dir='ltr'>Theani</span> <span class='ocrx_word' id='word_1_137' title='bbox 1582 1163 1762 1221; x_wconf 84' lang='lat' dir='ltr'>Appuli,</span> 
     </span>
     <span class='ocr_line' id='line_1_19' title="bbox 330 1222 1762 1278; baseline 0.001 -17"><span class='ocrx_word' id='word_1_138' title='bbox 330 1222 446 1277; x_wconf 86' lang='lat' dir='ltr'>quod</span> <span class='ocrx_word' id='word_1_139' title='bbox 468 1222 589 1262; x_wconf 84' lang='lat' dir='ltr'>abest</span> <span class='ocrx_word' id='word_1_140' title='bbox 609 1237 634 1263; x_wconf 90' lang='lat' dir='ltr'>a</span> <span class='ocrx_word' id='word_1_141' title='bbox 658 1222 814 1263; x_wconf 86' lang='lat' dir='ltr'>Larino</span> <span class='ocrx_word' id='word_1_142' title='bbox 839 1224 874 1255; x_wconf 80' lang='lat'>¹7</span> <span class='ocrx_word' id='word_1_143' title='bbox 889 1236 1020 1263; x_wconf 84' lang='lat' dir='ltr'>xv111</span> <span class='ocrx_word' id='word_1_144' title='bbox 1045 1222 1178 1263; x_wconf 90' lang='lat' dir='ltr'>millia</span> <span class='ocrx_word' id='word_1_145' title='bbox 1208 1237 1423 1278; x_wconf 87' lang='lat' dir='ltr'>passuum,</span> <span class='ocrx_word' id='word_1_146' title='bbox 1446 1222 1559 1278; x_wconf 90' lang='lat' dir='ltr'>apud</span> <span class='ocrx_word' id='word_1_147' title='bbox 1581 1223 1762 1262; x_wconf 82' lang='lat' dir='ltr'>matrem</span> 
     </span>
     <span class='ocr_line' id='line_1_20' title="bbox 328 1278 1760 1334; baseline 0.001 -15"><span class='ocrx_word' id='word_1_148' title='bbox 328 1279 604 1320; x_wconf 79' lang='lat' dir='ltr'>educaretur:</span> <span class='ocrx_word' id='word_1_149' title='bbox 643 1279 818 1321; x_wconf 85' lang='lat' dir='ltr'>arcessit</span> <span class='ocrx_word' id='word_1_150' title='bbox 859 1279 1003 1320; x_wconf 90' lang='lat' dir='ltr'>subito</span> <span class='ocrx_word' id='word_1_151' title='bbox 1045 1279 1134 1320; x_wconf 89' lang='lat' dir='ltr'>sine</span> <span class='ocrx_word' id='word_1_152' title='bbox 1176 1294 1304 1321; x_wconf 85' lang='lat' dir='ltr'>causa</span> <span class='ocrx_word' id='word_1_153' title='bbox 1343 1293 1522 1334; x_wconf 86' lang='lat' dir='ltr'>puerum</span> <span class='ocrx_word' id='word_1_154' title='bbox 1557 1278 1760 1320; x_wconf 77' lang='lat' dir='ltr'>Theano:</span> 
     </span>
     <span class='ocr_line' id='line_1_21' title="bbox 328 1335 1761 1392; baseline 0 -16"><span class='ocrx_word' id='word_1_155' title='bbox 328 1336 446 1391; x_wconf 87' lang='lat' dir='ltr'>quod</span> <span class='ocrx_word' id='word_1_156' title='bbox 467 1335 621 1386; x_wconf 85' lang='lat' dir='ltr'>facere,</span> <span class='ocrx_word' id='word_1_157' title='bbox 642 1337 723 1377; x_wconf 93' lang='lat' dir='ltr'>nisi</span> <span class='ocrx_word' id='word_1_158' title='bbox 745 1335 855 1377; x_wconf 89' lang='lat' dir='ltr'>ludis</span> <span class='ocrx_word' id='word_1_159' title='bbox 877 1336 1076 1392; x_wconf 91' lang='lat' dir='ltr'>publicis,</span> <span class='ocrx_word' id='word_1_160' title='bbox 1098 1344 1172 1376; x_wconf 87' lang='lat' dir='ltr'>aut</span> <span class='ocrx_word' id='word_1_161' title='bbox 1202 1336 1323 1376; x_wconf 90' lang='lat' dir='ltr'>festis</span> <span class='ocrx_word' id='word_1_162' title='bbox 1343 1337 1507 1388; x_wconf 90' lang='lat' dir='ltr'>diebus,</span> <span class='ocrx_word' id='word_1_163' title='bbox 1528 1344 1654 1376; x_wconf 86' lang='lat' dir='ltr'>antea</span> <span class='ocrx_word' id='word_1_164' title='bbox 1673 1350 1761 1376; x_wconf 87' lang='lat' dir='ltr'>non</span> 
     </span>
     <span class='ocr_line' id='line_1_22' title="bbox 329 1391 1762 1449; baseline 0 -16"><span class='ocrx_word' id='word_1_165' title='bbox 329 1392 509 1438; x_wconf 79' lang='lat' dir='ltr'>solebat.</span> <span class='ocrx_word' id='word_1_166' title='bbox 570 1392 715 1434; x_wconf 83' lang='lat' dir='ltr'>Mater</span> <span class='ocrx_word' id='word_1_167' title='bbox 746 1393 853 1434; x_wconf 91' lang='lat' dir='ltr'>nihil</span> <span class='ocrx_word' id='word_1_168' title='bbox 887 1393 988 1434; x_wconf 87' lang='lat' dir='ltr'>mali</span> <span class='ocrx_word' id='word_1_169' title='bbox 1024 1393 1179 1434; x_wconf 87' lang='lat' dir='ltr'>misera</span> <span class='ocrx_word' id='word_1_170' title='bbox 1210 1393 1445 1449; x_wconf 86' lang='lat' dir='ltr'>suspicans,</span> <span class='ocrx_word' id='word_1_171' title='bbox 1474 1393 1624 1435; x_wconf 84' lang='lat' dir='ltr'>mittit.</span> <span class='ocrx_word' id='word_1_172' title='bbox 1663 1391 1762 1433; x_wconf 72' lang='lat' dir='ltr'>&#39;Ille</span> 
     </span>
     <span class='ocr_line' id='line_1_23' title="bbox 330 1449 1762 1506; baseline -0.001 -15"><span class='ocrx_word' id='word_1_173' title='bbox 330 1464 375 1491; x_wconf 88' lang='lat' dir='ltr'>se</span> <span class='ocrx_word' id='word_1_174' title='bbox 404 1449 636 1491; x_wconf 82' lang='lat' dir='ltr'>Tarentum</span> <span class='ocrx_word' id='word_1_175' title='bbox 669 1450 882 1506; x_wconf 88' lang='lat' dir='ltr'>proficisci</span> <span class='ocrx_word' id='word_1_176' title='bbox 911 1465 1009 1491; x_wconf 90' lang='lat' dir='ltr'>cum</span> <span class='ocrx_word' id='word_1_177' title='bbox 1039 1450 1290 1501; x_wconf 86' lang='lat' dir='ltr'>simulasset,</span> <span class='ocrx_word' id='word_1_178' title='bbox 1323 1464 1374 1490; x_wconf 90' lang='lat' dir='ltr'>eo</span> <span class='ocrx_word' id='word_1_179' title='bbox 1410 1451 1504 1506; x_wconf 90' lang='lat' dir='ltr'>ipso</span> <span class='ocrx_word' id='word_1_180' title='bbox 1541 1450 1610 1491; x_wconf 90' lang='lat' dir='ltr'>die</span> <span class='ocrx_word' id='word_1_181' title='bbox 1641 1462 1762 1506; x_wconf 86' lang='lat' dir='ltr'>puer,</span> 
     </span>
     <span class='ocr_line' id='line_1_24' title="bbox 331 1501 1761 1562; baseline -0.001 -15"><span class='ocrx_word' id='word_1_182' title='bbox 331 1521 430 1548; x_wconf 91' lang='lat' dir='ltr'>cum</span> <span class='ocrx_word' id='word_1_183' title='bbox 460 1507 566 1548; x_wconf 86' lang='lat' dir='ltr'>hora</span> <span class='ocrx_word' id='word_1_184' title='bbox 589 1507 815 1548; x_wconf 88' lang='lat' dir='ltr'>undecima</span> <span class='ocrx_word' id='word_1_185' title='bbox 844 1506 887 1547; x_wconf 91' lang='lat' dir='ltr'>in</span> <span class='ocrx_word' id='word_1_186' title='bbox 918 1507 1093 1562; x_wconf 89' lang='lat' dir='ltr'>publico</span> <span class='ocrx_word' id='word_1_187' title='bbox 1116 1501 1258 1549; x_wconf 89' lang='lat' dir='ltr'>valens</span> <span class='ocrx_word' id='word_1_188' title='bbox 1282 1508 1393 1548; x_wconf 89' lang='lat' dir='ltr'>visus</span> <span class='ocrx_word' id='word_1_189' title='bbox 1416 1516 1540 1557; x_wconf 89' lang='lat' dir='ltr'>esset,</span> <span class='ocrx_word' id='word_1_190' title='bbox 1562 1509 1761 1548; x_wconf 81' lang='lat' dir='ltr'>anteno-</span> 
     </span>
     <span class='ocr_line' id='line_1_25' title="bbox 330 1564 1759 1619; baseline 0 -15"><span class='ocrx_word' id='word_1_191' title='bbox 330 1573 444 1608; x_wconf 84' lang='lat' dir='ltr'>ctem</span> <span class='ocrx_word' id='word_1_192' title='bbox 475 1573 684 1614; x_wconf 88' lang='lat' dir='ltr'>mortuus,</span> <span class='ocrx_word' id='word_1_193' title='bbox 718 1573 761 1604; x_wconf 90' lang='lat' dir='ltr'>et</span> <span class='ocrx_word' id='word_1_194' title='bbox 792 1565 1011 1619; x_wconf 86' lang='lat' dir='ltr'>postridie,</span> <span class='ocrx_word' id='word_1_195' title='bbox 1045 1574 1274 1619; x_wconf 85' lang='lat' dir='ltr'>antequam</span> <span class='ocrx_word' id='word_1_196' title='bbox 1304 1564 1477 1614; x_wconf 88' lang='lat' dir='ltr'>luceret,</span> <span class='ocrx_word' id='word_1_197' title='bbox 1507 1564 1759 1604; x_wconf 87' lang='lat' dir='ltr'>combustus</span> 
     </span>
     <span class='ocr_line' id='line_1_26' title="bbox 267 1620 1759 1676; baseline 0 -14"><span class='ocrx_word' id='word_1_198' title='bbox 267 1628 409 1662; x_wconf 74' lang='lat' dir='ltr'>28est.</span> <span class='ocrx_word' id='word_1_199' title='bbox 468 1620 612 1676; x_wconf 86' lang='lat' dir='ltr'>Atque</span> <span class='ocrx_word' id='word_1_200' title='bbox 645 1622 757 1662; x_wconf 87' lang='lat' dir='ltr'>hunc</span> <span class='ocrx_word' id='word_1_201' title='bbox 779 1629 945 1662; x_wconf 90' lang='lat' dir='ltr'>tantum</span> <span class='ocrx_word' id='word_1_202' title='bbox 967 1636 1198 1661; x_wconf 85' lang='lat' dir='ltr'>moerorem</span> <span class='ocrx_word' id='word_1_203' title='bbox 1229 1621 1353 1661; x_wconf 88' lang='lat' dir='ltr'>matri</span> <span class='ocrx_word' id='word_1_204' title='bbox 1385 1622 1501 1676; x_wconf 86' lang='lat' dir='ltr'>prius</span> <span class='ocrx_word' id='word_1_205' title='bbox 1534 1620 1759 1662; x_wconf 86' lang='lat' dir='ltr'>hominum</span> 
     </span>
     <span class='ocr_line' id='line_1_27' title="bbox 329 1678 1760 1733; baseline 0 -15"><span class='ocrx_word' id='word_1_206' title='bbox 329 1692 490 1729; x_wconf 88' lang='lat' dir='ltr'>rumor,</span> <span class='ocrx_word' id='word_1_207' title='bbox 525 1693 652 1733; x_wconf 87' lang='lat' dir='ltr'>quam</span> <span class='ocrx_word' id='word_1_208' title='bbox 683 1678 907 1733; x_wconf 89' lang='lat' dir='ltr'>quisquam</span> <span class='ocrx_word' id='word_1_209' title='bbox 938 1692 990 1718; x_wconf 82' lang='lat' dir='ltr'>ex</span> <span class='ocrx_word' id='word_1_210' title='bbox 1025 1678 1255 1733; x_wconf 85' lang='lat' dir='ltr'>Oppianici</span> <span class='ocrx_word' id='word_1_211' title='bbox 1289 1678 1451 1718; x_wconf 84' lang='lat' dir='ltr'>familia</span> <span class='ocrx_word' id='word_1_212' title='bbox 1482 1678 1760 1718; x_wconf 86' lang='lat' dir='ltr'>renuntiavit.</span> 
     </span>
     <span class='ocr_line' id='line_1_28' title="bbox 328 1734 1758 1790; baseline 0.001 -15"><span class='ocrx_word' id='word_1_213' title='bbox 328 1734 408 1776; x_wconf 86' lang='lat' dir='ltr'>Illa</span> <span class='ocrx_word' id='word_1_214' title='bbox 429 1750 525 1775; x_wconf 91' lang='lat' dir='ltr'>cum</span> <span class='ocrx_word' id='word_1_215' title='bbox 558 1750 644 1775; x_wconf 82' lang='lat' dir='ltr'>uno</span> <span class='ocrx_word' id='word_1_216' title='bbox 668 1743 859 1790; x_wconf 88' lang='lat' dir='ltr'>tempore</span> <span class='ocrx_word' id='word_1_217' title='bbox 892 1735 1092 1785; x_wconf 84' lang='lat' dir='ltr'>audisset,</span> <span class='ocrx_word' id='word_1_218' title='bbox 1115 1735 1195 1775; x_wconf 85' lang='lat' dir='ltr'>sibi</span> <span class='ocrx_word' id='word_1_219' title='bbox 1226 1749 1313 1776; x_wconf 90' lang='lat' dir='ltr'>non</span> <span class='ocrx_word' id='word_1_220' title='bbox 1343 1734 1480 1775; x_wconf 84' lang='lat' dir='ltr'>solum</span> <span class='ocrx_word' id='word_1_221' title='bbox 1504 1734 1654 1784; x_wconf 88' lang='lat' dir='ltr'>filium,</span> <span class='ocrx_word' id='word_1_222' title='bbox 1684 1734 1758 1776; x_wconf 88' lang='lat' dir='ltr'>sed</span> 
     </span>
     <span class='ocr_line' id='line_1_29' title="bbox 325 1790 1760 1847; baseline 0 -15"><span class='ocrx_word' id='word_1_223' title='bbox 325 1793 456 1833; x_wconf 88' lang='lat' dir='ltr'>etiam</span> <span class='ocrx_word' id='word_1_224' title='bbox 494 1792 794 1846; x_wconf 69' lang='lat' dir='ltr'>exsequiarum</span> <span class='ocrx_word' id='word_1_225' title='bbox 843 1807 998 1833; x_wconf 86' lang='lat' dir='ltr'>munus</span> <span class='ocrx_word' id='word_1_226' title='bbox 1033 1800 1242 1847; x_wconf 88' lang='lat' dir='ltr'>ereptum,</span> <span class='ocrx_word' id='word_1_227' title='bbox 1291 1791 1492 1832; x_wconf 88' lang='lat' dir='ltr'>Larinum</span> <span class='ocrx_word' id='word_1_228' title='bbox 1529 1790 1760 1832; x_wconf 84' lang='lat' dir='ltr'>confestim</span> 
     </span>
     <span class='ocr_line' id='line_1_30' title="bbox 325 1847 1762 1904; baseline -0.001 -14"><span class='ocrx_word' id='word_1_229' title='bbox 325 1849 570 1890; x_wconf 85' lang='lat' dir='ltr'>exanimata</span> <span class='ocrx_word' id='word_1_230' title='bbox 602 1850 731 1899; x_wconf 85' lang='lat' dir='ltr'>venit,</span> <span class='ocrx_word' id='word_1_231' title='bbox 753 1859 796 1890; x_wconf 90' lang='lat' dir='ltr'>et</span> <span class='ocrx_word' id='word_1_232' title='bbox 826 1849 887 1890; x_wconf 90' lang='lat' dir='ltr'>ibi</span> <span class='ocrx_word' id='word_1_233' title='bbox 918 1850 970 1890; x_wconf 90' lang='lat' dir='ltr'>de</span> <span class='ocrx_word' id='word_1_234' title='bbox 999 1849 1168 1903; x_wconf 77' lang='lat' dir='ltr'>integro</span> <span class='ocrx_word' id='word_1_235' title='bbox 1193 1849 1320 1889; x_wconf 85' lang='lat' dir='ltr'>funus</span> <span class='ocrx_word' id='word_1_236' title='bbox 1344 1848 1438 1904; x_wconf 84' lang='lat' dir='ltr'>jam</span> <span class='ocrx_word' id='word_1_237' title='bbox 1472 1848 1638 1904; x_wconf 85' lang='lat' dir='ltr'>sepulto</span> <span class='ocrx_word' id='word_1_238' title='bbox 1665 1847 1762 1889; x_wconf 77' lang='lat' dir='ltr'>filio</span> 
     </span>
     <span class='ocr_line' id='line_1_31' title="bbox 323 1905 1758 1955; baseline 0 -9"><span class='ocrx_word' id='word_1_239' title='bbox 323 1906 442 1946; x_wconf 70' lang='lat' dir='ltr'>fecit.</span> <span class='ocrx_word' id='word_1_240' title='bbox 505 1906 610 1946; x_wconf 83' lang='lat' dir='ltr'>Dies</span> <span class='ocrx_word' id='word_1_241' title='bbox 639 1906 830 1947; x_wconf 86' lang='lat' dir='ltr'>nondum</span> <span class='ocrx_word' id='word_1_242' title='bbox 863 1907 1010 1948; x_wconf 88' lang='lat' dir='ltr'>decem</span> <span class='ocrx_word' id='word_1_243' title='bbox 1046 1906 1384 1955; x_wconf 87' lang='lat' dir='ltr'>intercesserant,</span> <span class='ocrx_word' id='word_1_244' title='bbox 1417 1919 1515 1946; x_wconf 89' lang='lat' dir='ltr'>cum</span> <span class='ocrx_word' id='word_1_245' title='bbox 1550 1905 1620 1946; x_wconf 91' lang='lat' dir='ltr'>ille</span> <span class='ocrx_word' id='word_1_246' title='bbox 1651 1905 1758 1947; x_wconf 86' lang='lat' dir='ltr'>alter</span> 
     </span>
     <span class='ocr_line' id='line_1_32' title="bbox 324 1962 1758 2019; baseline 0.001 -16"><span class='ocrx_word' id='word_1_247' title='bbox 324 1963 437 2003; x_wconf 85' lang='lat' dir='ltr'>filius</span> <span class='ocrx_word' id='word_1_248' title='bbox 468 1963 607 2004; x_wconf 79' lang='lat' dir='ltr'>infans</span> <span class='ocrx_word' id='word_1_249' title='bbox 633 1966 668 1993; x_wconf 82' lang='lat'>18</span> <span class='ocrx_word' id='word_1_250' title='bbox 682 1972 870 2004; x_wconf 77' lang='lat' dir='ltr'>necatur.</span> <span class='ocrx_word' id='word_1_251' title='bbox 933 1963 1084 2017; x_wconf 83' lang='lat' dir='ltr'>Itaque</span> <span class='ocrx_word' id='word_1_252' title='bbox 1118 1963 1242 2004; x_wconf 89' lang='lat' dir='ltr'>nubit</span> <span class='ocrx_word' id='word_1_253' title='bbox 1273 1962 1518 2019; x_wconf 88' lang='lat' dir='ltr'>Oppianico</span> <span class='ocrx_word' id='word_1_254' title='bbox 1548 1962 1758 2004; x_wconf 90' lang='lat' dir='ltr'>continuo</span> 
     </span>
     <span class='ocr_line' id='line_1_33' title="bbox 324 2019 1757 2075; baseline 0.001 -15"><span class='ocrx_word' id='word_1_255' title='bbox 324 2019 479 2070; x_wconf 87' lang='lat' dir='ltr'>Sassia,</span> <span class='ocrx_word' id='word_1_256' title='bbox 508 2019 672 2061; x_wconf 80' lang='lat' dir='ltr'>laetanti</span> <span class='ocrx_word' id='word_1_257' title='bbox 695 2020 790 2075; x_wconf 82' lang='lat' dir='ltr'>jam</span> <span class='ocrx_word' id='word_1_258' title='bbox 817 2021 976 2070; x_wconf 89' lang='lat' dir='ltr'>animo,</span> <span class='ocrx_word' id='word_1_259' title='bbox 1007 2030 1050 2061; x_wconf 92' lang='lat' dir='ltr'>et</span> <span class='ocrx_word' id='word_1_260' title='bbox 1081 2034 1155 2075; x_wconf 90' lang='lat' dir='ltr'>spe</span> <span class='ocrx_word' id='word_1_261' title='bbox 1184 2020 1350 2075; x_wconf 87' lang='lat' dir='ltr'>optima</span> <span class='ocrx_word' id='word_1_262' title='bbox 1378 2019 1647 2061; x_wconf 84' lang='lat' dir='ltr'>confirmato.</span> <span class='ocrx_word' id='word_1_263' title='bbox 1677 2033 1757 2061; x_wconf 91' lang='lat' dir='ltr'>nec</span> 
     </span>
     <span class='ocr_line' id='line_1_34' title="bbox 321 2076 1758 2133; baseline 0 -16"><span class='ocrx_word' id='word_1_264' title='bbox 321 2077 493 2126; x_wconf 86' lang='lat' dir='ltr'>mirum,</span> <span class='ocrx_word' id='word_1_265' title='bbox 516 2091 612 2132; x_wconf 82' lang='lat' dir='ltr'>quae</span> <span class='ocrx_word' id='word_1_266' title='bbox 645 2091 689 2117; x_wconf 85' lang='lat' dir='ltr'>se</span> <span class='ocrx_word' id='word_1_267' title='bbox 718 2092 806 2118; x_wconf 86' lang='lat' dir='ltr'>non</span> <span class='ocrx_word' id='word_1_268' title='bbox 836 2077 1099 2133; x_wconf 87' lang='lat' dir='ltr'>nuptialibus</span> <span class='ocrx_word' id='word_1_269' title='bbox 1130 2077 1267 2127; x_wconf 85' lang='lat' dir='ltr'>donis,</span> <span class='ocrx_word' id='word_1_270' title='bbox 1290 2077 1363 2118; x_wconf 87' lang='lat' dir='ltr'>sed</span> <span class='ocrx_word' id='word_1_271' title='bbox 1385 2076 1569 2117; x_wconf 89' lang='lat' dir='ltr'>filiorum</span> <span class='ocrx_word' id='word_1_272' title='bbox 1597 2076 1758 2117; x_wconf 73' lang='lat' dir='ltr'>funeri-</span> 
     </span>
     <span class='ocr_line' id='line_1_35' title="bbox 322 2133 1756 2190; baseline -0.001 -16"><span class='ocrx_word' id='word_1_273' title='bbox 322 2134 402 2181; x_wconf 85' lang='lat' dir='ltr'>bus</span> <span class='ocrx_word' id='word_1_274' title='bbox 423 2134 643 2176; x_wconf 84' lang='lat' dir='ltr'>delinitam</span> <span class='ocrx_word' id='word_1_275' title='bbox 671 2134 843 2175; x_wconf 71' lang='lat' dir='ltr'>videret.</span> <span class='ocrx_word' id='word_1_276' title='bbox 871 2135 989 2183; x_wconf 85' lang='lat' dir='ltr'>19ita,</span> <span class='ocrx_word' id='word_1_277' title='bbox 1013 2133 1127 2188; x_wconf 83' lang='lat' dir='ltr'>quod</span> <span class='ocrx_word' id='word_1_278' title='bbox 1148 2135 1277 2174; x_wconf 90' lang='lat' dir='ltr'>ceteri</span> <span class='ocrx_word' id='word_1_279' title='bbox 1309 2145 1484 2190; x_wconf 91' lang='lat' dir='ltr'>propter</span> <span class='ocrx_word' id='word_1_280' title='bbox 1504 2134 1658 2174; x_wconf 85' lang='lat' dir='ltr'>liberos</span> <span class='ocrx_word' id='word_1_281' title='bbox 1681 2148 1756 2189; x_wconf 87' lang='lat' dir='ltr'>pe-</span> 
     </span>
     <span class='ocr_line' id='line_1_36' title="bbox 320 2190 1757 2249; baseline 0 -17"><span class='ocrx_word' id='word_1_282' title='bbox 320 2191 461 2234; x_wconf 86' lang='lat' dir='ltr'>cuniae</span> <span class='ocrx_word' id='word_1_283' title='bbox 484 2190 726 2248; x_wconf 83' lang='lat' dir='ltr'>cupidiores</span> <span class='ocrx_word' id='word_1_284' title='bbox 751 2192 888 2233; x_wconf 87' lang='lat' dir='ltr'>solent</span> <span class='ocrx_word' id='word_1_285' title='bbox 909 2205 1014 2241; x_wconf 87' lang='lat' dir='ltr'>esse,</span> <span class='ocrx_word' id='word_1_286' title='bbox 1038 2190 1106 2232; x_wconf 89' lang='lat' dir='ltr'>ille</span> <span class='ocrx_word' id='word_1_287' title='bbox 1136 2200 1311 2249; x_wconf 89' lang='lat' dir='ltr'>propter</span> <span class='ocrx_word' id='word_1_288' title='bbox 1341 2191 1567 2246; x_wconf 81' lang='lat' dir='ltr'>pecuniam</span> <span class='ocrx_word' id='word_1_289' title='bbox 1595 2190 1757 2232; x_wconf 70' lang='lat' dir='ltr'>liberos</span> 
     </span>
    </p>
   </div>
   <div class='ocr_carea' id='block_1_3' title="bbox 315 2337 1017 2925">
    <p class='ocr_par' dir='ltr' id='par_1_6' title="bbox 321 2337 1016 2545">
     <span class='ocr_line' id='line_1_37' title="bbox 333 2337 1014 2378; baseline 0.003 -11"><span class='ocrx_word' id='word_1_290' title='bbox 333 2345 335 2348; x_wconf 84' lang='lat'>·</span> <span class='ocrx_word' id='word_1_291' title='bbox 366 2337 404 2367; x_wconf 80' lang='lat'>16</span> <span class='ocrx_word' id='word_1_292' title='bbox 424 2337 516 2367; x_wconf 78' lang='lat' dir='ltr'>illam</span> <span class='ocrx_word' id='word_1_293' title='bbox 541 2337 671 2368; x_wconf 75' lang='lat' dir='ltr'>domum</span> <span class='ocrx_word' id='word_1_294' title='bbox 690 2338 744 2378; x_wconf 85' lang='grc'>0.]</span> <span class='ocrx_word' id='word_1_295' title='bbox 769 2337 859 2368; x_wconf 82' lang='lat' dir='ltr'>Libri</span> <span class='ocrx_word' id='word_1_296' title='bbox 883 2338 1014 2377; x_wconf 82' lang='lat' dir='ltr'>quidam</span> 
     </span>
     <span class='ocr_line' id='line_1_38' title="bbox 321 2379 1016 2418; baseline 0.003 -10"><span class='ocrx_word' id='word_1_297' title='bbox 321 2379 356 2409; x_wconf 82' lang='lat' dir='ltr'>in</span> <span class='ocrx_word' id='word_1_298' title='bbox 371 2380 499 2410; x_wconf 79' lang='lat' dir='ltr'>domum</span> <span class='ocrx_word' id='word_1_299' title='bbox 515 2380 690 2417; x_wconf 79' lang='lat' dir='ltr'>fluctuant,</span> <span class='ocrx_word' id='word_1_300' title='bbox 702 2391 839 2418; x_wconf 83' lang='lat' dir='ltr'>eamque</span> <span class='ocrx_word' id='word_1_301' title='bbox 854 2381 904 2410; x_wconf 80' lang='lat' dir='ltr'>vel</span> <span class='ocrx_word' id='word_1_302' title='bbox 918 2382 1016 2410; x_wconf 78' lang='lat' dir='ltr'>ornit-</span> 
     </span>
     <span class='ocr_line' id='line_1_39' title="bbox 321 2422 1016 2463; baseline 0.004 -13"><span class='ocrx_word' id='word_1_303' title='bbox 321 2426 412 2463; x_wconf 77' lang='lat' dir='ltr'>tunt,</span> <span class='ocrx_word' id='word_1_304' title='bbox 427 2422 477 2452; x_wconf 79' lang='lat' dir='ltr'>vel</span> <span class='ocrx_word' id='word_1_305' title='bbox 493 2432 551 2461; x_wconf 83' lang='lat' dir='ltr'>pro</span> <span class='ocrx_word' id='word_1_306' title='bbox 567 2434 605 2452; x_wconf 83' lang='lat' dir='ltr'>ea</span> <span class='ocrx_word' id='word_1_307' title='bbox 618 2422 741 2452; x_wconf 83' lang='lat' dir='ltr'>habent</span> <span class='ocrx_word' id='word_1_308' title='bbox 756 2423 918 2452; x_wconf 61' lang='lat' dir='ltr'>daz-tram.</span> <span class='ocrx_word' id='word_1_309' title='bbox 948 2423 1016 2453; x_wconf 84' lang='lat' dir='ltr'>Do-</span> 
     </span>
     <span class='ocr_line' id='line_1_40' title="bbox 323 2464 1016 2503; baseline 0.004 -11"><span class='ocrx_word' id='word_1_310' title='bbox 323 2473 416 2493; x_wconf 81' lang='lat' dir='ltr'>mum</span> <span class='ocrx_word' id='word_1_311' title='bbox 442 2474 553 2494; x_wconf 78' lang='lat' dir='ltr'>verum</span> <span class='ocrx_word' id='word_1_312' title='bbox 581 2470 643 2500; x_wconf 84' lang='lat' dir='ltr'>est,</span> <span class='ocrx_word' id='word_1_313' title='bbox 672 2464 757 2503; x_wconf 86' lang='lat' dir='ltr'>quod</span> <span class='ocrx_word' id='word_1_314' title='bbox 782 2465 947 2495; x_wconf 85' lang='lat' dir='ltr'>Victorius</span> <span class='ocrx_word' id='word_1_315' title='bbox 981 2466 1016 2495; x_wconf 84' lang='lat' dir='ltr'>in</span> 
     </span>
     <span class='ocr_line' id='line_1_41' title="bbox 322 2505 741 2545; baseline 0.002 -11"><span class='ocrx_word' id='word_1_316' title='bbox 322 2507 498 2536; x_wconf 71' lang='lat' dir='ltr'>veterrimo</span> <span class='ocrx_word' id='word_1_317' title='bbox 514 2505 596 2535; x_wconf 85' lang='lat' dir='ltr'>libro</span> <span class='ocrx_word' id='word_1_318' title='bbox 611 2506 741 2545; x_wconf 82' lang='lat' dir='ltr'>reperit.</span> 
     </span>
    </p>

    <p class='ocr_par' dir='ltr' id='par_1_7' title="bbox 321 2547 1017 2755">
     <span class='ocr_line' id='line_1_42' title="bbox 370 2547 1016 2588; baseline 0.002 -11"><span class='ocrx_word' id='word_1_319' title='bbox 370 2550 402 2580; x_wconf 75' lang='lat'>17</span> <span class='ocrx_word' id='word_1_320' title='bbox 418 2556 503 2579; x_wconf 71' lang='lat' dir='ltr'>xvm</span> <span class='ocrx_word' id='word_1_321' title='bbox 517 2548 618 2587; x_wconf 56' lang='grc' dir='ltr'>ηιμ]</span> <span class='ocrx_word' id='word_1_322' title='bbox 637 2547 774 2578; x_wconf 87' lang='lat' dir='ltr'>Numeri</span> <span class='ocrx_word' id='word_1_323' title='bbox 787 2552 900 2578; x_wconf 82' lang='lat' dir='ltr'>notam</span> <span class='ocrx_word' id='word_1_324' title='bbox 911 2549 1016 2588; x_wconf 82' lang='lat' dir='ltr'>posui,</span> 
     </span>
     <span class='ocr_line' id='line_1_43' title="bbox 323 2591 1017 2629; baseline 0.001 -11"><span class='ocrx_word' id='word_1_325' title='bbox 323 2598 421 2627; x_wconf 81' lang='lat' dir='ltr'>quem</span> <span class='ocrx_word' id='word_1_326' title='bbox 447 2591 532 2620; x_wconf 84' lang='lat' dir='ltr'>male</span> <span class='ocrx_word' id='word_1_327' title='bbox 553 2599 736 2629; x_wconf 79' lang='lat' dir='ltr'>expressere</span> <span class='ocrx_word' id='word_1_328' title='bbox 761 2591 868 2621; x_wconf 79' lang='lat' dir='ltr'>decem</span> <span class='ocrx_word' id='word_1_329' title='bbox 886 2596 917 2620; x_wconf 73' lang='lat' dir='ltr'>et</span> <span class='ocrx_word' id='word_1_330' title='bbox 938 2595 1017 2627; x_wconf 76' lang='lat' dir='ltr'>octo,</span> 
     </span>
     <span class='ocr_line' id='line_1_44' title="bbox 322 2630 1017 2669; baseline 0.004 -10"><span class='ocrx_word' id='word_1_331' title='bbox 322 2630 410 2669; x_wconf 76' lang='lat' dir='ltr'>quod</span> <span class='ocrx_word' id='word_1_332' title='bbox 425 2641 491 2661; x_wconf 91' lang='lat' dir='ltr'>non</span> <span class='ocrx_word' id='word_1_333' title='bbox 506 2637 555 2662; x_wconf 83' lang='lat' dir='ltr'>est</span> <span class='ocrx_word' id='word_1_334' title='bbox 571 2632 723 2661; x_wconf 86' lang='lat' dir='ltr'>latinum.</span> <span class='ocrx_word' id='word_1_335' title='bbox 736 2632 1017 2662; x_wconf 80' lang='lat' dir='ltr'>-Pronunciandus</span> 
     </span>
     <span class='ocr_line' id='line_1_45' title="bbox 322 2674 1017 2714; baseline 0.004 -12"><span class='ocrx_word' id='word_1_336' title='bbox 322 2681 478 2703; x_wconf 79' lang='lat' dir='ltr'>numerus</span> <span class='ocrx_word' id='word_1_337' title='bbox 493 2679 542 2704; x_wconf 83' lang='lat' dir='ltr'>est</span> <span class='ocrx_word' id='word_1_338' title='bbox 556 2674 786 2712; x_wconf 66' lang='lat' dir='ltr'>duodeviginti.</span> <span class='ocrx_word' id='word_1_339' title='bbox 832 2674 870 2705; x_wconf 87' lang='lat' dir='ltr'>lu</span> <span class='ocrx_word' id='word_1_340' title='bbox 885 2674 946 2704; x_wconf 86' lang='lat' dir='ltr'>hoc</span> <span class='ocrx_word' id='word_1_341' title='bbox 963 2685 1017 2714; x_wconf 83' lang='lat' dir='ltr'>ge-</span> 
     </span>
     <span class='ocr_line' id='line_1_46' title="bbox 321 2720 755 2755; baseline -0.002 -9"><span class='ocrx_word' id='word_1_342' title='bbox 321 2723 398 2746; x_wconf 82' lang='lat' dir='ltr'>nere</span> <span class='ocrx_word' id='word_1_343' title='bbox 412 2724 497 2755; x_wconf 82' lang='lat' dir='ltr'>saepe</span> <span class='ocrx_word' id='word_1_344' title='bbox 511 2722 679 2755; x_wconf 83' lang='lat' dir='ltr'>peccatum</span> <span class='ocrx_word' id='word_1_345' title='bbox 694 2720 755 2746; x_wconf 82' lang='lat' dir='ltr'>est.</span> 
     </span>
    </p>

    <p class='ocr_par' dir='ltr' id='par_1_8' title="bbox 315 2757 1013 2925">
     <span class='ocr_line' id='line_1_47' title="bbox 365 2757 1013 2796; baseline 0.002 -10"><span class='ocrx_word' id='word_1_346' title='bbox 365 2759 401 2787; x_wconf 77' lang='lat'>18</span> <span class='ocrx_word' id='word_1_347' title='bbox 423 2757 610 2796; x_wconf 76' lang='lat' dir='ltr'>necaretur]</span> <span class='ocrx_word' id='word_1_348' title='bbox 627 2758 774 2788; x_wconf 86' lang='lat' dir='ltr'>Graevius</span> <span class='ocrx_word' id='word_1_349' title='bbox 788 2757 890 2787; x_wconf 84' lang='lat' dir='ltr'>tacite</span> <span class='ocrx_word' id='word_1_350' title='bbox 911 2757 1013 2787; x_wconf 82' lang='lat' dir='ltr'>edidit</span> 
     </span>
     <span class='ocr_line' id='line_1_48' title="bbox 315 2799 1012 2838; baseline 0.001 -10"><span class='ocrx_word' id='word_1_351' title='bbox 315 2803 468 2837; x_wconf 62' lang='grc' dir='ltr'>ηειηίιιν,</span> <span class='ocrx_word' id='word_1_352' title='bbox 489 2799 575 2837; x_wconf 83' lang='lat' dir='ltr'>quod</span> <span class='ocrx_word' id='word_1_353' title='bbox 596 2799 666 2829; x_wconf 83' lang='lat' dir='ltr'>edd.</span> <span class='ocrx_word' id='word_1_354' title='bbox 681 2804 763 2830; x_wconf 87' lang='lat' dir='ltr'>vett.</span> <span class='ocrx_word' id='word_1_355' title='bbox 785 2800 931 2838; x_wconf 85' lang='lat' dir='ltr'>quaedam</span> <span class='ocrx_word' id='word_1_356' title='bbox 956 2800 1012 2829; x_wconf 82' lang='lat' dir='ltr'>ha-</span> 
     </span>
     <span class='ocr_line' id='line_1_49' title="bbox 315 2840 1011 2880; baseline 0.001 -11"><span class='ocrx_word' id='word_1_357' title='bbox 315 2840 418 2877; x_wconf 74' lang='lat' dir='ltr'>bent3</span> <span class='ocrx_word' id='word_1_358' title='bbox 441 2841 535 2880; x_wconf 82' lang='lat' dir='ltr'>idque</span> <span class='ocrx_word' id='word_1_359' title='bbox 563 2846 598 2870; x_wconf 88' lang='lat' dir='ltr'>et</span> <span class='ocrx_word' id='word_1_360' title='bbox 626 2851 683 2871; x_wconf 87' lang='lat' dir='ltr'>nos</span> <span class='ocrx_word' id='word_1_361' title='bbox 713 2841 870 2872; x_wconf 87' lang='lat' dir='ltr'>dedimus.</span> <span class='ocrx_word' id='word_1_362' title='bbox 913 2841 1011 2871; x_wconf 87' lang='lat' dir='ltr'>Com-</span> 
     </span>
     <span class='ocr_line' id='line_1_50' title="bbox 315 2882 1010 2925; baseline 0.001 -12"><span class='ocrx_word' id='word_1_363' title='bbox 315 2882 473 2923; x_wconf 79' lang='lat' dir='ltr'>pendium</span> <span class='ocrx_word' id='word_1_364' title='bbox 496 2883 655 2924; x_wconf 76' lang='lat' dir='ltr'>scriptum</span> <span class='ocrx_word' id='word_1_365' title='bbox 680 2893 738 2925; x_wconf 84' lang='lat' dir='ltr'>pro</span> <span class='ocrx_word' id='word_1_366' title='bbox 765 2884 944 2914; x_wconf 77' lang='lat' dir='ltr'>necabatur</span> <span class='ocrx_word' id='word_1_367' title='bbox 965 2883 1010 2914; x_wconf 74' lang='lat' dir='ltr'>vi-</span> 
     </span>
    </p>
   </div>
   <div class='ocr_carea' id='block_1_4' title="bbox 1053 2337 1755 2917">
    <p class='ocr_par' dir='ltr' id='par_1_9' title="bbox 1058 2337 1753 2504">
     <span class='ocr_line' id='line_1_51' title="bbox 1058 2337 1753 2378; baseline 0.001 -11"><span class='ocrx_word' id='word_1_368' title='bbox 1058 2337 1125 2368; x_wconf 84' lang='lat' dir='ltr'>deri</span> <span class='ocrx_word' id='word_1_369' title='bbox 1141 2341 1259 2378; x_wconf 82' lang='lat' dir='ltr'>potest.</span> <span class='ocrx_word' id='word_1_370' title='bbox 1282 2337 1345 2368; x_wconf 80' lang='lat' dir='ltr'>Sed</span> <span class='ocrx_word' id='word_1_371' title='bbox 1359 2341 1495 2368; x_wconf 77' lang='lat' dir='ltr'>necat-ar</span> <span class='ocrx_word' id='word_1_372' title='bbox 1509 2340 1644 2371; x_wconf 84' lang='lat' dir='ltr'>rectum.</span> <span class='ocrx_word' id='word_1_373' title='bbox 1673 2337 1753 2368; x_wconf 81' lang='lat' dir='ltr'>Mox</span> 
     </span>
     <span class='ocr_line' id='line_1_52' title="bbox 1058 2379 1753 2420; baseline 0.001 -12"><span class='ocrx_word' id='word_1_374' title='bbox 1058 2390 1117 2409; x_wconf 80' lang='lat' dir='ltr'>con</span> <span class='ocrx_word' id='word_1_375' title='bbox 1133 2381 1256 2411; x_wconf 78' lang='lat' dir='ltr'>irmata</span> <span class='ocrx_word' id='word_1_376' title='bbox 1269 2380 1341 2410; x_wconf 80' lang='lat' dir='ltr'>edd.</span> <span class='ocrx_word' id='word_1_377' title='bbox 1353 2380 1460 2420; x_wconf 74' lang='lat' dir='ltr'>vulgg.</span> <span class='ocrx_word' id='word_1_378' title='bbox 1473 2383 1551 2409; x_wconf 86' lang='lat' dir='ltr'>ante</span> <span class='ocrx_word' id='word_1_379' title='bbox 1562 2379 1753 2409; x_wconf 70' lang='lat' dir='ltr'>Gruterum.</span> 
     </span>
     <span class='ocr_line' id='line_1_53' title="bbox 1058 2421 1751 2462; baseline 0.003 -12"><span class='ocrx_word' id='word_1_380' title='bbox 1058 2424 1249 2462; x_wconf 76' lang='lat' dir='ltr'>confirmato</span> <span class='ocrx_word' id='word_1_381' title='bbox 1271 2431 1396 2457; x_wconf 85' lang='lat' dir='ltr'>verum,</span> <span class='ocrx_word' id='word_1_382' title='bbox 1421 2422 1515 2460; x_wconf 79' lang='lat' dir='ltr'>idque</span> <span class='ocrx_word' id='word_1_383' title='bbox 1536 2421 1657 2451; x_wconf 86' lang='lat' dir='ltr'>habent</span> <span class='ocrx_word' id='word_1_384' title='bbox 1680 2421 1751 2452; x_wconf 88' lang='lat' dir='ltr'>edd.</span> 
     </span>
     <span class='ocr_line' id='line_1_54' title="bbox 1058 2463 1615 2504; baseline -0.005 -9"><span class='ocrx_word' id='word_1_385' title='bbox 1058 2474 1106 2504; x_wconf 89' lang='lat' dir='ltr'>pr.</span> <span class='ocrx_word' id='word_1_386' title='bbox 1126 2467 1214 2495; x_wconf 76' lang='lat'>1480.</span> <span class='ocrx_word' id='word_1_387' title='bbox 1230 2467 1320 2499; x_wconf 74' lang='lat'>1489.</span> <span class='ocrx_word' id='word_1_388' title='bbox 1335 2470 1370 2494; x_wconf 84' lang='lat' dir='ltr'>et</span> <span class='ocrx_word' id='word_1_389' title='bbox 1382 2463 1459 2494; x_wconf 87' lang='lat' dir='ltr'>Mss.</span> <span class='ocrx_word' id='word_1_390' title='bbox 1473 2463 1615 2502; x_wconf 84' lang='lat' dir='ltr'>quidam.</span> 
     </span>
    </p>

    <p class='ocr_par' dir='ltr' id='par_1_10' title="bbox 1053 2504 1755 2917">
     <span class='ocr_line' id='line_1_55' title="bbox 1106 2504 1752 2546; baseline 0 -10"><span class='ocrx_word' id='word_1_391' title='bbox 1106 2509 1142 2540; x_wconf 87' lang='lat'>19</span> <span class='ocrx_word' id='word_1_392' title='bbox 1173 2507 1235 2543; x_wconf 76' lang='lat' dir='ltr'>ita,</span> <span class='ocrx_word' id='word_1_393' title='bbox 1263 2507 1346 2546; x_wconf 82' lang='lat' dir='ltr'>quod</span> <span class='ocrx_word' id='word_1_394' title='bbox 1370 2504 1479 2544; x_wconf 82' lang='lat' dir='ltr'>ceteri]</span> <span class='ocrx_word' id='word_1_395' title='bbox 1518 2504 1616 2545; x_wconf 64' lang='lat' dir='ltr'>‚Quod</span> <span class='ocrx_word' id='word_1_396' title='bbox 1638 2514 1752 2536; x_wconf 86' lang='lat' dir='ltr'>verum</span> 
     </span>
     <span class='ocr_line' id='line_1_56' title="bbox 1058 2547 1755 2588; baseline -0.003 -10"><span class='ocrx_word' id='word_1_397' title='bbox 1058 2557 1126 2578; x_wconf 84' lang='lat' dir='ltr'>esse</span> <span class='ocrx_word' id='word_1_398' title='bbox 1148 2558 1216 2578; x_wconf 90' lang='lat' dir='ltr'>non</span> <span class='ocrx_word' id='word_1_399' title='bbox 1237 2552 1356 2588; x_wconf 85' lang='lat' dir='ltr'>potest.</span> <span class='ocrx_word' id='word_1_400' title='bbox 1379 2557 1454 2577; x_wconf 79' lang='lat' dir='ltr'>nam</span> <span class='ocrx_word' id='word_1_401' title='bbox 1469 2547 1670 2577; x_wconf 84' lang='lat' dir='ltr'>constructio</span> <span class='ocrx_word' id='word_1_402' title='bbox 1686 2556 1755 2577; x_wconf 84' lang='lat' dir='ltr'>non</span> 
     </span>
     <span class='ocr_line' id='line_1_57' title="bbox 1059 2588 1755 2630; baseline 0 -11"><span class='ocrx_word' id='word_1_403' title='bbox 1059 2595 1199 2620; x_wconf 83' lang='lat' dir='ltr'>constat.</span> <span class='ocrx_word' id='word_1_404' title='bbox 1245 2590 1378 2630; x_wconf 85' lang='lat' dir='ltr'>Conjeci</span> <span class='ocrx_word' id='word_1_405' title='bbox 1391 2598 1506 2629; x_wconf 68' lang='lat' dir='ltr'>quma,-</span> <span class='ocrx_word' id='word_1_406' title='bbox 1530 2588 1624 2628; x_wconf 86' lang='lat' dir='ltr'>idque</span> <span class='ocrx_word' id='word_1_407' title='bbox 1639 2588 1702 2619; x_wconf 84' lang='lat' dir='ltr'>vidi</span> <span class='ocrx_word' id='word_1_408' title='bbox 1717 2593 1755 2619; x_wconf 85' lang='lat' dir='ltr'>et</span> 
     </span>
     <span class='ocr_line' id='line_1_58' title="bbox 1059 2630 1753 2662; baseline 0.001 -1"><span class='ocrx_word' id='word_1_409' title='bbox 1059 2632 1249 2662; x_wconf 86' lang='lat' dir='ltr'>Guilielmio</span> <span class='ocrx_word' id='word_1_410' title='bbox 1264 2633 1297 2662; x_wconf 94' lang='lat' dir='ltr'>in</span> <span class='ocrx_word' id='word_1_411' title='bbox 1313 2639 1456 2662; x_wconf 81' lang='lat' dir='ltr'>mentem</span> <span class='ocrx_word' id='word_1_412' title='bbox 1470 2631 1593 2661; x_wconf 82' lang='lat' dir='ltr'>venisse</span> <span class='ocrx_word' id='word_1_413' title='bbox 1606 2642 1612 2660; x_wconf 92' lang='lat'><strong>:</strong></span> <span class='ocrx_word' id='word_1_414' title='bbox 1636 2630 1690 2660; x_wconf 88' lang='lat' dir='ltr'>sed</span> <span class='ocrx_word' id='word_1_415' title='bbox 1704 2632 1753 2662; x_wconf 88' lang='lat' dir='ltr'>ita</span> 
     </span>
     <span class='ocr_line' id='line_1_59' title="bbox 1059 2672 1750 2713; baseline 0.003 -10"><span class='ocrx_word' id='word_1_416' title='bbox 1059 2678 1093 2703; x_wconf 91' lang='lat' dir='ltr'>et</span> <span class='ocrx_word' id='word_1_417' title='bbox 1107 2674 1334 2713; x_wconf 86' lang='lat' dir='ltr'>corrigendum</span> <span class='ocrx_word' id='word_1_418' title='bbox 1349 2676 1481 2704; x_wconf 75' lang='lat' dir='ltr'>soleant.</span> <span class='ocrx_word' id='word_1_419' title='bbox 1524 2672 1604 2703; x_wconf 86' lang='lat' dir='ltr'>Mss.</span> <span class='ocrx_word' id='word_1_420' title='bbox 1619 2672 1750 2711; x_wconf 84' lang='lat' dir='ltr'>quidam</span> 
     </span>
     <span class='ocr_line' id='line_1_60' title="bbox 1059 2714 1750 2754; baseline -0.003 -9"><span class='ocrx_word' id='word_1_421' title='bbox 1059 2720 1094 2745; x_wconf 91' lang='lat' dir='ltr'>et</span> <span class='ocrx_word' id='word_1_422' title='bbox 1107 2716 1157 2746; x_wconf 89' lang='lat' dir='ltr'>ed.</span> <span class='ocrx_word' id='word_1_423' title='bbox 1178 2719 1266 2750; x_wconf 66' lang='lat'>1471.</span> <span class='ocrx_word' id='word_1_424' title='bbox 1281 2716 1408 2746; x_wconf 86' lang='lat' dir='ltr'>habent·</span> <span class='ocrx_word' id='word_1_425' title='bbox 1418 2717 1537 2754; x_wconf 73' lang='lat' dir='ltr'>itaque:</span> <span class='ocrx_word' id='word_1_426' title='bbox 1579 2714 1660 2744; x_wconf 85' lang='lat' dir='ltr'>Mox</span> <span class='ocrx_word' id='word_1_427' title='bbox 1674 2722 1750 2753; x_wconf 59' lang='lat' dir='ltr'>curn</span> 
     </span>
     <span class='ocr_line' id='line_1_61' title="bbox 1055 2754 1751 2799; baseline -0.003 -13"><span class='ocrx_word' id='word_1_428' title='bbox 1055 2757 1183 2788; x_wconf 85' lang='lat' dir='ltr'>Graevio</span> <span class='ocrx_word' id='word_1_429' title='bbox 1196 2757 1382 2798; x_wconf 74' lang='lat' dir='ltr'>jucundius</span> <span class='ocrx_word' id='word_1_430' title='bbox 1403 2756 1533 2797; x_wconf 77' lang='lat' dir='ltr'>praetuli</span> <span class='ocrx_word' id='word_1_431' title='bbox 1547 2754 1751 2799; x_wconf 69' lang='lat' dir='ltr'>vulgatoju·</span> 
     </span>
     <span class='ocr_line' id='line_1_62' title="bbox 1054 2798 1750 2838; baseline -0.001 -10"><span class='ocrx_word' id='word_1_432' title='bbox 1054 2800 1208 2830; x_wconf 76' lang='lat' dir='ltr'>cundum.</span> <span class='ocrx_word' id='word_1_433' title='bbox 1225 2810 1300 2830; x_wconf 87' lang='lat' dir='ltr'>nam</span> <span class='ocrx_word' id='word_1_434' title='bbox 1315 2804 1350 2829; x_wconf 85' lang='lat' dir='ltr'>et</span> <span class='ocrx_word' id='word_1_435' title='bbox 1372 2799 1571 2829; x_wconf 82' lang='lat' dir='ltr'>antitheseos</span> <span class='ocrx_word' id='word_1_436' title='bbox 1593 2798 1677 2829; x_wconf 85' lang='lat' dir='ltr'>ratio</span> <span class='ocrx_word' id='word_1_437' title='bbox 1691 2807 1750 2838; x_wconf 57' lang='lat' dir='ltr'>po,</span> 
     </span>
     <span class='ocr_line' id='line_1_63' title="bbox 1053 2840 1748 2917; baseline 0.001 -47"><span class='ocrx_word' id='word_1_438' title='bbox 1053 2841 1156 2917; x_wconf 70' lang='lat' dir='ltr'>sAtpdlat</span> <span class='ocrx_word' id='word_1_439' title='bbox 1169 2853 1175 2870; x_wconf 75' lang='grc' dir='ltr'>ε</span> <span class='ocrx_word' id='word_1_440' title='bbox 1200 2847 1234 2872; x_wconf 90' lang='lat' dir='ltr'>et</span> <span class='ocrx_word' id='word_1_441' title='bbox 1252 2841 1297 2872; x_wconf 85' lang='lat' dir='ltr'>sic</span> <span class='ocrx_word' id='word_1_442' title='bbox 1311 2846 1361 2873; x_wconf 90' lang='lat' dir='ltr'>est</span> <span class='ocrx_word' id='word_1_443' title='bbox 1375 2841 1410 2872; x_wconf 87' lang='lat' dir='ltr'>in</span> <span class='ocrx_word' id='word_1_444' title='bbox 1424 2841 1494 2872; x_wconf 86' lang='lat' dir='ltr'>edd.</span> <span class='ocrx_word' id='word_1_445' title='bbox 1510 2851 1560 2882; x_wconf 68' lang='lat' dir='ltr'>pr,</span> <span class='ocrx_word' id='word_1_446' title='bbox 1576 2840 1655 2874; x_wconf 74' lang='lat' dir='ltr'>meis</span> <span class='ocrx_word' id='word_1_447' title='bbox 1669 2845 1748 2872; x_wconf 79' lang='lat' dir='ltr'>ante</span> 
     </span>
    </p>

    <p class='ocr_par' dir='ltr' id='par_1_11' title="bbox 1120 2893 1187 2915">
     <span class='ocr_line' id='line_1_64' title="bbox 1120 2893 1187 2915; baseline 0.015 -1"><span class='ocrx_word' id='word_1_448' title='bbox 1120 2893 1187 2915; x_wconf 90' lang='lat' dir='ltr'>um.</span> 
     </span>
    </p>
   </div>
  </div>
 </body>
</html>
