1907 3231
372 155 450 190 210
948 149 1015 190 IN
1042 149 1316 189 VERREM

292 251 358 297 41
378 263 516 296 satore
537 255 808 297 condemnat.
870 254 1160 296 Nuntiabatur
1183 254 1240 295 illi
1264 253 1411 318 primis
1434 253 1514 295 illis
1538 254 1801 310 temporibus

294 311 436 363 looid,
468 313 580 367 quod
616 322 734 368 pater
762 326 932 367 quoque
964 312 1016 352 ud
1048 326 1144 352 eum
1174 312 1365 367 pluribus
1395 311 1533 352 verbis
1563 311 1803 368 scripserat,

379 369 586 425 agitatam
621 384 706 410 rem
740 384 830 410 esse
860 369 901 408 in
934 378 1106 409 senatu:
1139 369 1265 408 etiam
1288 369 1329 408 in
1352 369 1560 410 concione
1583 368 1801 410 tribunum

244 451 275 482 p,
295 444 363 477 1⁶29.
378 425 513 481 plebis
536 427 588 467 de
617 441 744 467 causa
766 425 930 466 ›Sthenii
958 424 1023 465 M.
1050 423 1297 465 Palicanum
1319 439 1409 466 esse
1429 435 1652 481 questum:
1715 434 1803 467 ost-

334 495 493 524 a·remo
535 499 602 524 me
641 485 780 539 ipsum
814 481 927 536 apud
965 481 1195 536 collegium
1227 481 1309 523 hoc
1343 482 1612 523 tribunorum
1651 482 1802 579 pebis,

373 555 472 581 cum
505 555 652 581 eorum
685 538 877 580 omnium
905 538 1047 578 edicto
1076 552 1162 578 non
1196 537 1340 579 liceret
1368 553 1624 594 quemquam
1667 539 1801 580 {omae

372 611 478 647 csse,
516 597 588 652 qui
622 597 681 637 rei
715 594 910 650 capitalis
941 594 1249 635 condemnatus
1287 606 1412 646 esset,
1452 596 1590 652 egisse
1631 610 1801 637 causam

374 654 565 703 Sthenii;
607 667 704 695 cum
744 666 832 692 rem
863 652 923 692 ita
955 651 1263 706 exposuissem,
1295 653 1656 707 quemadmodum
1691 667 1802 694 nunc

373 710 485 765 apud
511 725 599 759 vos,
621 709 947 763 docuissemque
978 707 1088 748 hanc
1110 707 1428 750 damnationem
1450 709 1548 751 duci
1571 724 1655 750 non
1676 724 1802 765 opor-

376 776 484 813 tere;
517 767 712 808 tribunos
748 764 884 821 plebis
918 765 1000 806 hoc
1033 765 1245 816 statuisse,
1268 765 1395 821 idque
1420 765 1473 807 de
1494 767 1686 807 omnium
1709 780 1803 807 sen-

374 824 510 864 tentia
540 823 865 880 pronuntiatum
895 835 1000 872 esse,
1034 834 1137 862 NON
1171 835 1343 863 vinnm
1372 835 1630 864 summum
1657 836 1802 865 IMPE-

379 894 484 921 mm
533 894 731 930 nmero,
776 892 873 931 Quo
921 891 1078 919 MlNUs
1126 891 1173 920 El
1220 891 1431 920 LlcERET
1476 893 1626 921 noMAE
1669 893 1802 922 Essa.

291 942 359 976 101
377 936 488 978 Cum
514 938 607 979 haec
629 937 681 978 ad
705 938 832 977 istum
855 935 1120 985 afferrentur,
1146 936 1340 976 ¹9timuit
1360 936 1603 991 aliquando,
1625 945 1668 977 et
1685 951 1803 978 com-

374 1005 516 1035 motus
539 1005 617 1036 est.
643 994 770 1034 vertit
792 992 935 1033 stilum
958 992 1053 1033 ‘20in
1078 992 1233 1034 tabulis
1248 994 1353 1034 suis:
1386 1008 1472 1049 quo
1494 993 1609 1034 facto
1630 1007 1802 1035 causam

372 1066 545 1093 omnem
567 1051 720 1092 evertit
742 1064 876 1090 suam.
900 1048 1006 1089 nihil
1033 1049 1147 1089 enim
1178 1049 1257 1091 sibi
1278 1050 1427 1105 reliqui
1450 1049 1567 1100 fecit,
1595 1050 1710 1106 quod
1730 1051 1803 1092 de-

370 1107 488 1149 fendi
512 1109 653 1163 aliqua
682 1107 846 1148 ratione
877 1114 1034 1161 posset.
1098 1106 1209 1146 Nam
1231 1107 1264 1147 si
1289 1108 1349 1148 ita
1378 1107 1639 1158 defenderet,
1671 1108 1802 1164 recipi

371 1179 528 1206 nomen
551 1165 740 1206 absentis
762 1164 884 1214 licct3
917 1162 999 1203 hoc
1022 1162 1111 1203 fieri
1137 1163 1178 1204 iu
1199 1164 1420 1219 provincia
1439 1163 1554 1205 nulla
1570 1163 1639 1205 lex
1663 1174 1800 1207 vetat:

371 1222 484 1263 mala
505 1233 548 1264 et
571 1222 768 1278 improba
797 1219 1060 1270 defensione,
1084 1233 1228 1261 verum
1263 1220 1405 1276 aliqua
1435 1230 1576 1262 tamen
1598 1221 1661 1262 uti
1684 1222 1803 1263 vide-

370 1288 501 1320 retur.
565 1279 790 1320 Postremo
832 1276 903 1317 illo
936 1276 1280 1332 desperatissimo
1310 1277 1509 1334 perfugio
1550 1278 1614 1318 uti
1645 1288 1802 1334 posset,

372 1350 416 1376 se
439 1336 752 1392 imprudentem
785 1333 950 1384 fecisse,
972 1333 1240 1375 existimasse
1261 1335 1303 1375 id
1328 1334 1467 1375 licere.
1489 1337 1525 1367 21
1542 1349 1801 1391 quamquam

372 1393 661 1448 perditissima
681 1391 874 1433 defensio
895 1399 974 1441 est,
993 1399 1135 1431 tamen
1157 1390 1317 1447 aliquid
1335 1391 1420 1433 dici
1445 1391 1672 1434 videretur.
1702 1391 1803 1434 Tol-

372 1449 426 1491 lit
442 1465 495 1490 ex
520 1450 676 1491 tabulis
699 1449 756 1500 id,
779 1447 893 1503 quod
916 1457 1020 1497 erat,
1051 1458 1095 1488 et
1116 1447 1234 1499 facit,
1256 1463 1400 1490 coram
1421 1448 1609 1490 delatum
1631 1463 1736 1491 esse.

292 1517 360 1565 42
434 1506 522 1548 Hic
545 1507 699 1557 videte,
721 1505 762 1546 in
785 1513 892 1560 quot
910 1518 953 1545 se
974 1504 1147 1559 laqueos
1169 1505 1367 1555 induerit,
1388 1520 1568 1561 quorum
1602 1521 1656 1548 ex
1684 1506 1802 1548 nullo

290 1590 362 1623 102
376 1577 420 1605 se
458 1578 661 1619 umquam
695 1561 932 1618 expediret.
996 1560 1187 1602 Primum
1221 1563 1312 1617 ipse
1344 1562 1387 1602 in
1427 1562 1574 1604 Sicilia
1610 1577 1725 1619 saepe
1758 1572 1802 1605 et

371 1620 512 1676 palam
544 1621 596 1662 de.
631 1620 724 1661 loco
759 1618 975 1674 superiore
1004 1618 1187 1670 dixerat,
1208 1628 1251 1660 et
1279 1619 1321 1660 in
1345 1633 1538 1661 sermone
1558 1619 1704 1661 multis
1728 1620 1801 1662 de-

372 1687 650 1727 monstrarat,
690 1677 816 1717 licere
859 1688 1014 1715 nomeu
1042 1675 1229 1734 recipere
1266 1676 1478 1718 absentis:
1521 1690 1565 1717 se
1601 1677 1803 1734 exemplo

368 1733 521 1776 fecisse
555 1735 612 1785 id,
639 1733 754 1789 quod
798 1732 985 1772 fecisset.
1044 1734 1083 1764 22
1101 1731 1212 1773 Haec
1249 1747 1346 1774 eum
1387 1733 1619 1785 dictitasse,
1660 1734 1803 1790 priore

370 1791 542 1833 actione
571 1801 614 1832 et
647 1793 749 1831 Sex.
775 1788 1008 1844 Pompeius
1043 1787 1226 1830 Chlorus
1259 1790 1386 1840 dixit,
1408 1791 1461 1832 de
1488 1791 1612 1846 cujus
1641 1791 1802 1833 virtute

367 1858 494 1889 antea
526 1846 876 1896 commemoravi,
907 1855 950 1886 et
985 1845 1066 1886 Cn.
1100 1845 1331 1903 Pompeius
1360 1845 1627 1899 Theodorus,
1666 1847 1799 1890 homo

366 1914 410 1945 ct
434 1905 515 1949 Cn.
549 1904 764 1961 Pompeii,
795 1902 1018 1944 clarissimi
1050 1902 1144 1954 viri,
1171 1903 1340 1957 judicio
1363 1903 1557 1960 plurimis
1578 1905 1801 1947 maximis-

366 1976 449 2016 que
472 1963 515 2004 in
539 1963 663 2003 rebus
686 1960 1028 2017 probatissimus,
1051 1970 1094 2000 et
1115 1961 1308 2001 omnium
1330 1961 1652 2003 existimatione
1675 1977 1801 2004 orna-

367 2019 572 2071 tissimus,
594 2030 637 2059 et
663 2017 838 2059 Posides
872 2015 1021 2056 Matro
1053 2016 1314 2068 Solentinus‚
1336 2017 1467 2060 homo
1489 2032 1655 2060 summa
1676 2019 1799 2061 nobi-

366 2075 502 2129 litate,
535 2075 872 2124 existimatione,
895 2073 1075 2115 virtute:
1114 2084 1157 2115 et
1178 2074 1259 2116 hac
1287 2075 1456 2116 actione
1485 2089 1614 2131 quam
1646 2076 1800 2118 voletis

365 2133 490 2174 multi
513 2134 673 2183 dicent,
691 2143 733 2172 et
755 2131 827 2186 qui
857 2145 911 2171 ex
935 2130 1018 2170 isto
1042 2131 1134 2186 ipso
1157 2132 1384 2182 audierint,
1407 2133 1485 2174 viri
1510 2133 1700 2188 primarii
1720 2148 1799 2175 no-

367 2191 441 2231 stri
464 2190 640 2240 ordinis,
663 2200 706 2230 et
727 2188 813 2238 alii,
835 2187 908 2242 qui
932 2187 1217 2240 interfuerint,
1239 2204 1335 2230 cum
1353 2190 1542 2230 absentis
1563 2204 1718 2231 nomen
1735 2205 1799 2232 re-

320 2247 592 2303 b.ciperetu1·.
611 2246 764 2288 deinde
783 2245 952 2295 Romae,
971 2259 1069 2285 cum
1089 2259 1153 2286 res
1167 2258 1278 2286 esset
1293 2255 1388 2287 acta
1407 2247 1450 2287 in
1473 2254 1636 2298 senatu,
1650 2261 1798 2289 omnes

410 2372 446 2404 19
461 2371 573 2401 timuit
594 2368 786 2409 ah'qucmdo]
810 2367 891 2398 Mss.
913 2367 990 2404 duo,
1007 2368 1061 2406 qui
1102 2378 1173 2398 sam
1186 2379 1293 2400 suam.

364 2412 398 2441 in
415 2413 464 2443 his
479 2412 681 2443 orationibus
697 2411 988 2448 nimisjactantur,
1006 2409 1062 2440 ha-
1145 2412 1182 2441 21
1199 2421 1397 2451 quamquam
1407 2422 1443 2451 p.
1458 2411 1488 2442 d.
1504 2411 1564 2451 est]
1590 2411 1672 2444 Edd.
1684 2414 1798 2454 phad-

364 2453 444 2484 bent
461 2456 645 2493 pertimuit,
659 2453 782 2493 placuit
797 2451 912 2482 Lamb.
928 2457 962 2481 et
977 2452 1061 2481 Gru-
1104 2451 1188 2483 dunt
1202 2455 1280 2490 lzaee,
1295 2453 1381 2492 quod
1394 2460 1428 2483 et
1443 2454 1590 2484 Graevius
1611 2454 1735 2487 addidit
1745 2461 1797 2488 ta-

365 2501 450 2532 tcro,
464 2497 646 2536 recepitque
663 2496 819 2525 Graevius.
834 2501 867 2523 at
883 2494 914 2524 id
929 2494 1061 2524 verbum

367 2538 591 2568 vehemeutjus
619 2544 680 2574 est,
704 2547 799 2575 quain
824 2546 882 2576 pro
899 2545 931 2565 re
954 2541 987 2566 ct
1005 2546 1064 2575 pro

366 2579 452 2616 loco,
480 2581 514 2609 in
527 2591 558 2609 m
586 2580 684 2609 Verre
712 2580 798 2619 ipso:
836 2578 949 2608 Cicero
978 2577 1060 2607 nihil

367 2621 457 2651 aliud
482 2623 589 2662 potuit
614 2621 666 2651 hic
692 2620 810 2656 dicere,
824 2630 921 2658 quam
945 2620 1061 2649 timere

368 2664 512 2703 eoepisse‚
528 2663 612 2702 quod
622 2669 655 2694 et
670 2663 802 2693 verbum
819 2662 996 2702 aliquando
1013 2662 1062 2691 in-

366 2705 464 2735 dicat.

407 2749 448 2778 520
462 2749 495 2777 in
510 2747 630 2776 tabulis
645 2746 725 2786 meis]
753 2745 829 2775 Sais
843 2745 1025 2784 elegantius
1041 2756 1059 2775 e

364 2787 540 2820 latinitatis
551 2789 677 2818 ratione
687 2788 824 2818 abesset:
842 2787 896 2817 scd
911 2786 1059 2817 additum

363 2835 413 2861 est
426 2831 465 2861 de
486 2830 646 2861 industria
660 2830 701 2860 ob
716 2830 988 2865 concinnitatem,
1012 2839 1060 2859 re-

364 2873 525 2911 spondent
548 2873 638 2903 enim
656 2872 714 2903 sibi
738 2872 858 2902 tabulis
875 2871 1061 2901 suis—cau-

1107 2494 1183 2525 cite.
1199 2494 1281 2525 mihi
1297 2495 1432 2536 languet
1443 2496 1496 2526 hic
1511 2506 1707 2536 pronomen:
1735 2499 1798 2531 ita-

1106 2546 1167 2575 que
1180 2546 1253 2567 cum
1267 2537 1409 2568 Grutero
1420 2545 1455 2568 et
1469 2537 1541 2568 aliis
1553 2538 1658 2569 omisi.

1146 2580 1186 2609 222
1213 2581 1278 2609 Iaoec
1303 2589 1377 2609 eum
1403 2579 1580 2620 dictitasse]
1605 2580 1797 2619 Dic-citasse,

1104 2621 1150 2650 ait
1164 2620 1338 2657 Gruterus,
1353 2627 1401 2651 est
1414 2632 1434 2652 a
1446 2621 1525 2652 Mss.
1548 2622 1642 2653 Pabr.
1665 2623 1749 2654 Met.
1761 2630 1797 2655 et

1105 2662 1185 2692 Pau.
1200 2663 1227 2692 V
1231 2662 1334 2701 ulgati
1356 2664 1444 2693 enim
1459 2664 1604 2695 dictasse.
1646 2665 1691 2696 At
1703 2666 1796 2696 dicti-

1105 2709 1189 2734 tasse
1199 2708 1248 2734 est
1262 2705 1361 2735 etiam
1377 2706 1410 2735 in
1424 2705 1495 2735 edd.
1510 2715 1557 2745 pr.
1571 2712 1605 2737 ct
1616 2707 1732 2738 ceteris
1746 2717 1796 2738 se-

1101 2745 1166 2776 culi
1187 2745 1387 2776 sextidecimi
1413 2748 1576 2778 omnibus.
1620 2749 1718 2785 Casu,
1739 2759 1796 2780 ne·

1101 2789 1168 2818 scio
1191 2799 1211 2818 a
1225 2798 1288 2828 quo
1310 2789 1466 2828 primum,
1484 2789 1655 2822 inductum
1671 2797 1722 2823 est
1746 2792 1796 2823 di—

1103 2834 1222 2861 ctasse:
1235 2839 1274 2861 ea
1287 2830 1375 2862 facta
1389 2836 1436 2862 est
1452 2831 1596 2872 vulgata.
