1907 3231
629 139 746 178 PRO
777 138 820 176 P.
846 138 1116 179 QUINTIO.
1567 146 1593 180 9

155 246 400 303 judicatum
438 243 543 286 solvi
578 243 816 284 satisdaret.
849 251 980 298 negat
1010 241 1250 298 Alphenus,
1284 257 1455 298 aequum
1487 259 1592 296 esse,

164 312 481 360 procuratorem
503 301 720 350 satisdare,
743 300 858 354 quod
887 313 982 340 reus
1013 300 1217 341 satisdare
1238 314 1326 340 non
1347 301 1535 353 deberet,
1558 304 1593 342 si

163 363 255 417 ipse
276 362 454 402 adesset.
501 357 784 414 Appellantur
806 357 967 397 tribuni
985 373 993 397 :
1026 373 1051 397 a
1071 358 1227 412 quibus
1249 372 1348 398 cum
1370 367 1481 398 esset
1502 373 1593 399 cer-

163 427 255 459 tum
277 417 484 459 auxilium
506 416 704 471 petitum,
730 414 791 455 ita
811 423 954 454 tamen
982 413 1229 465 disceditur,
1252 425 1300 455 ut
1322 414 1462 455 idibus
1487 416 1591 470 Sep-

164 475 400 516 tembribus
433 473 483 514 P.
516 473 745 519 Quintium
787 472 877 511 sisti
922 474 1023 512 Sex.
1050 470 1273 528 Alplienus
1307 473 1591 527 promitteret.

161 531 293 572 Venit
325 531 512 572 Romam
546 529 776 576 Quintius:
817 528 1108 569 vadimonium
1145 529 1271 570 sistit.
1332 528 1433 579 Iste,
1462 529 1637 580 homoss

161 588 405 641 acerrimus,
428 589 639 629 bonorum
669 600 900 642 possessor,
922 586 1138 641 expulsor,
1161 597 1343 641 ereptor,
1367 601 1526 634 annum
1548 596 1590 627 et
1604 605 1659 642 30

162 659 237 686 sex
259 659 424 686 menses
446 645 552 685 nihil
576 644 708 700 petit:
732 644 939 699 quiescit:
963 643 1283 685 conditionibus
1303 644 1431 695 hunc,
1450 644 1590 700 quoad

161 710 319 759 potest,
350 702 625 759 33producit:
658 717 683 742 a
710 700 792 742 Cn.
825 700 1050 741 Dolabella
1083 701 1266 756 denique
1299 711 1482 757 praetore
1517 716 1594 757 po-

163 760 306 812 stulat,
338 768 387 800 ut
425 760 504 800 sibi
541 759 747 806 Quintius
779 758 1024 812 judicatum
1059 759 1164 798 solvi
1199 759 1389 810 satisdet,
1420 773 1473 799 ex
1508 760 1594 799 for-

160 816 290 868 mula,
315 831 448 869 QUOD
479 831 540 857 AB
577 830 637 857 Eo
674 829 846 865 PETAT,
871 828 1107 866 QUONiAM
1143 828 1274 865 Esus,
1309 830 1372 856 Ex
1409 830 1592 857 EDICTO

164 887 434 926 PRAEToms,
460 888 594 915 BONA
622 887 732 914 DIES
759 886 882 913 xxx,
905 886 1144 913 PosssssA
1171 886 1300 914 SINT.
1320 888 1405 913 non
1429 888 1596 915 recusa-

164 932 238 972 bat
261 932 482 982 Quintius,
505 932 609 986 quin
632 931 692 970 ita
712 933 753 961 34
768 930 970 971 satisdare
994 930 1183 985 juberet,
1207 931 1241 970 si
1267 932 1378 971 bona
1404 945 1597 986 possessa

163 999 304 1030 essent
344 1004 398 1030 ex
441 989 598 1029 edicto.
662 987 891 1028 Decernit:
924 1002 1053 1042 quam
1095 1003 1283 1043 aequum,
1325 988 1433 1029 nihil
1471 989 1595 1030 dico:

163 1061 296 1087 unum
328 1046 412 1088 hoc
445 1046 558 1096 dico,
592 1060 778 1086 novum:
811 1055 855 1085 et
895 1045 975 1086 hoc
1015 1046 1157 1101 ipsum
1191 1045 1373 1086 tacuisse
1412 1046 1597 1097 mallem,

165 1105 369 1158 quoniam
408 1112 638 1158 utrumque
676 1103 816 1158 quivis
855 1102 1092 1158 intelligere
1130 1103 1354 1158 potuisset.
1381 1103 1510 1159 jubet
1547 1103 1598 1144 P.

165 1161 396 1213 Quintium
417 1164 457 1191 35
472 1161 747 1216 sponsionem
770 1174 868 1200 cum
896 1160 997 1200 Sex.
1022 1160 1179 1200 Naevio
1202 1160 1342 1201 facere
1372 1169 1445 1201 aut
1477 1161 1600 1202 satis-

162 1218 276 1259 dare.
339 1218 384 1259 Si
410 1232 545 1260 BONA
572 1231 662 1259 SUA
690 1231 751 1258 Ex
789 1230 972 1257 EDICTO
1000 1231 1041 1257 P.
1068 1231 1313 1259 Bonan-:Ni
1344 1231 1601 1259 PRAE‘roms

165 1287 277 1317 DIES
304 1289 404 1316 xxx
429 1276 469 1306 36
485 1289 723 1316 POSSESSA
752 1287 955 1314 EssENT.
1013 1273 1304 1325 Recusabant,
1327 1276 1400 1330 qui
1424 1276 1601 1317 aderant

165 1342 253 1373 tum
280 1333 478 1379 Quintio.
501 1332 868 1382 demonstrabant,
891 1331 942 1371 de
965 1345 1008 1371 re
1032 1331 1250 1386 judicium
1272 1332 1363 1372 fieri
1386 1342 1600 1388 oportere,

163 1399 212 1431 ut
233 1399 307 1430 aut
327 1398 506 1444 uterque
536 1390 648 1430 inter
672 1403 730 1440 se,
753 1398 827 1429 aut
858 1397 1006 1429 neuter
1037 1389 1286 1431 satisdaret:
1318 1404 1404 1430 non
1427 1404 1601 1431 necesse

165 1461 256 1488 esse
288 1447 447 1487 famam
478 1446 648 1487 alterius
681 1447 724 1487 in
751 1446 968 1501 judicium
991 1447 1149 1487 venire.
1211 1446 1437 1488 Clamabat
1472 1455 1663 1503 porrossl

163 1505 255 1561 ipse
278 1504 499 1555 Quintius,
523 1519 612 1544 sese
642 1504 802 1545 idcirco
825 1503 938 1543 nolle
967 1504 1186 1555 satisdare,
1209 1518 1262 1545 ne
1285 1504 1499 1545 videretur
1527 1505 1601 1561 ju-

163 1562 342 1613 dicasse,
366 1563 479 1602 bona
501 1576 576 1602 sua
593 1577 648 1602 ex
670 1562 813 1602 edicto
836 1575 1030 1616 possessa
1051 1576 1156 1603 esse.
1180 1562 1453 1618 sponsionem
1474 1578 1602 1619 porro

164 1620 199 1660 si
233 1619 475 1660 istiusmodi
510 1619 685 1670 faceret,
717 1633 761 1659 se
794 1618 857 1671 (id
887 1619 1004 1673 quod
1033 1634 1148 1661 nunc
1181 1619 1343 1669 evenit)
1379 1620 1432 1660 de
1460 1621 1604 1676 capite

165 1691 241 1717 suo
265 1677 406 1733 priore
428 1676 523 1717 loco
545 1691 717 1717 causam
739 1690 830 1716 esse
855 1675 1086 1718 dicturum.
1132 1676 1358 1718 Dolabella
1380 1678 1603 1732 (quemad-
1614 1684 1646 1715 b·

163 1734 340 1775 modum
364 1734 501 1775 solent
523 1734 718 1774 homines
741 1733 929 1775 nobiles:
955 1748 1026 1775 seu
1050 1744 1179 1786 recte,
1200 1749 1272 1775 seu
1295 1749 1518 1791 perperam
1541 1735 1604 1776 fa-

165 1806 262 1833 cere
300 1802 542 1847 coeperunt,
577 1792 637 1832 ita
665 1792 708 1832 in
744 1799 928 1846 utroque
956 1793 1188 1843 excellunt,
1218 1801 1267 1832 ut
1296 1806 1424 1832 nemo
1457 1802 1606 1834 nostro

165 1849 262 1891 loco
284 1858 409 1889 natus
439 1852 479 1882 37
490 1849 656 1904 assequi
683 1849 838 1905 possit)
861 1848 1063 1904 injuriam
1085 1849 1227 1890 facere
1248 1848 1481 1891 fortissime
1512 1865 1608 1906 per-

167 1915 357 1948 severat:
390 1914 464 1946 aut
487 1907 704 1958 satisdare,
727 1914 802 1947 aut
832 1907 1106 1962 sponsionem
1130 1907 1259 1962 jubet
1281 1906 1446 1958 facere3
1478 1916 1521 1948 et
1542 1907 1607 1948 in-

169 1975 285 2005 terea
324 1972 569 2004 recusantes
610 1973 779 2005 nostros
822 1964 1054 2005 advocatos
1097 1965 1302 2006 acerrime
1345 1965 1637 2016 submoveri„

169 2021 467 2065 Conturbatus
506 2036 606 2062 sane
647 2021 831 2063 discedit
869 2022 1100 2068 Quintius:
1148 2036 1289 2077 neque
1325 2022 1497 2073 mirum,
1536 2023 1673 2078 cui9'

166 2079 263 2120 haec
284 2079 407 2134 optio
430 2087 518 2119 tam
548 2079 718 2130 misera,
739 2087 914 2134 tamque
945 2079 1092 2135 iniqua
1121 2079 1306 2130 daretur,
1329 2089 1378 2120 ut
1411 2089 1485 2121 aut
1514 2080 1606 2136 ipse
1618 2096 1672 2132 32

169 2151 212 2177 se
232 2137 388 2192 capitis
411 2136 648 2188 damnaret,
672 2136 706 2176 si
738 2137 1055 2190 satisdedisset3
1086 2147 1159 2178 aut
1183 2152 1357 2178 causam
1378 2137 1547 2194 capitis,
1571 2138 1606 2179 si

210 2263 250 2293 33
267 2261 434 2301 Ρνράαεὶι]
453 2260 514 2291 Ed.
528 2261 582 2292 W.
592 2262 754 2301 perducit.
769 2262 867 2293 male.

209 2307 251 2336 34
271 2305 433 2335 satisdare
449 2302 598 2344 juberet]
635 2304 780 2335 Graevius
802 2305 869 2335 edi-

168 2345 217 2377 dit
222 2345 400 2387 juberetur
421 2356 438 2377 e
457 2346 521 2376 Ms.
544 2346 659 2377 Franc.
678 2351 718 2376 ut
740 2346 871 2378 volebat

167 2388 268 2419 etiarn
281 2388 472 2419 Lambinus.
486 2398 563 2419 sane
574 2389 662 2419 bona
674 2393 724 2419 est
738 2389 809 2420 haec
823 2389 870 2420 le-

168 2431 254 2462 etio:
278 2430 334 2461 sed
347 2435 381 2461 et
393 2430 530 2470 vulgata
543 2431 630 2462 bona
651 2435 714 2468 est,
738 2432 869 2462 intelle-

169 2479 223 2504 cto
249 2478 408 2513 praetore:
442 2473 481 2504 de
515 2475 607 2513 cujus
631 2474 762 2504 decreto
786 2484 871 2514 prae-

170 2516 266 2546 cedit.
303 2515 411 2555 Igitur
424 2515 506 2546 nihil
521 2517 660 2554 mutavi,
675 2516 736 2546 etsi
736 2516 870 2556 jube-re-

170 2561 227 2588 tur
240 2557 366 2589 facilius
381 2562 442 2588 est.

211 2603 252 2632 35
281 2599 631 2640 sponsionem—faeere
673 2606 734 2631 auc
775 2601 870 2631 satis-

170 2643 264 2683 dare]
283 2643 335 2673 Sic
348 2642 383 2673 P.
397 2643 570 2673 Manutius
582 2642 869 2681 edidisse'dicitur3

171 2685 258 2724 quod
272 2685 311 2715 tle
325 2684 375 2715 ed.
390 2685 473 2716 Ven.
485 2685 561 2716 Aldi
575 2695 649 2725 nep.
665 2687 756 2717 1480.
774 2685 871 2716 intel-

170 2727 353 2766 ligendum,
372 2727 407 2756 in
430 2737 495 2767 qua
512 2738 530 2757 e
552 2728 640 2757 notis
663 2728 702 2758 P.
721 2728 813 2759 Man.
836 2729 871 2758 in

170 2774 302 2800 textum
331 2769 493 2800 insertum
520 2775 582 2800 est.
638 2770 727 2801 Nam
755 2770 805 2801 ed.
836 2771 872 2801 P.

172 2811 264 2842 Man.
291 2814 381 2842 1540.
403 2821 470 2842 non
495 2811 596 2842 habet
619 2817 680 2843 aut
699 2814 872 2844 satisdare.

173 2854 235 2884 Sed
257 2864 294 2884 ea
316 2854 415 2884 verba
437 2854 510 2884 addi
532 2854 663 2884 volebat
687 2855 874 2886 Hotoman-

173 2905 248 2934 nus,
261 2900 296 2927 et
315 2896 350 2926 in
365 2895 429 2926 Ms.
446 2897 568 2937 reperit
583 2896 775 2928 Lambinus.
820 2898 873 2928 Se-

912 2262 1047 2302 quentia
1060 2263 1108 2294 ita
1121 2263 1280 2300 clamant,
1299 2273 1338 2293 ea
1351 2262 1449 2293 verba
1461 2263 1515 2294 hic
1530 2263 1612 2294 desi-

911 2305 1029 2342 derari,
1046 2310 1085 2336 ut
1103 2316 1143 2336 ea
1155 2315 1231 2336 cum
1251 2304 1334 2336 Aldo
1354 2311 1474 2345 nepote
1495 2305 1612 2337 addere

912 2356 980 2377 non
991 2347 1179 2378 dubitarim.

954 2390 995 2420 36
1003 2400 1147 2431 possessa
1159 2390 1274 2430 essent]
1290 2390 1372 2421 Edd.
1386 2401 1432 2430 pr.
1447 2391 1487 2421 R.
1501 2391 1555 2421 w.
1571 2391 1611 2421 B.

915 2434 1005 2462 1480.
1024 2432 1063 2462 A.
1082 2442 1226 2472 possessa
1245 2443 1307 2463 non
1325 2438 1436 2463 esseut.
1482 2434 1611 2464 Primus

910 2485 976 2506 non
990 2474 1108 2505 delevit
1123 2476 1158 2505 P.
1178 2475 1356 2512 Victorius,
1374 2485 1470 2515 quem
1483 2476 1519 2506 P.
1541 2476 1612 2506 Ma-

913 2517 1026 2547 nutius
1049 2517 1166 2556 aliique
1181 2518 1283 2547 secuti
1298 2523 1386 2548 sunt.
1430 2518 1612 2548 Lambinus

913 2565 1026 2590 autem
1049 2560 1233 2599 corrigebat
1254 2561 1469 2599 ni—possessa
1488 2570 1551 2590 nrm
1567 2570 1614 2590 es-

911 2606 993 2639 sent,
1010 2605 1048 2631 ut
1061 2607 1095 2631 et
1109 2602 1287 2632 Gruterus:
1304 2613 1377 2641 quae
1390 2603 1474 2633 ratio
1486 2603 1614 2641 optima

912 2650 946 2674 et
973 2643 1200 2674 consuetudini
1222 2644 1423 2684 judiciorum
1445 2645 1615 2675 simillima

912 2686 1051 2716 videtur.
1076 2686 1137 2716 Sed
1154 2686 1261 2717 deleto
1276 2697 1340 2717 non
1354 2687 1466 2717 eadem
1482 2692 1613 2717 senten·

914 2729 962 2758 tia
975 2728 1096 2759 existit.
1138 2728 1247 2768 Atque
1263 2731 1363 2759 etiam
1387 2730 1422 2759 in
1445 2729 1516 2759 aliis
1535 2729 1615 2759 locis

915 2770 1016 2801 talem
1038 2770 1278 2801 aberrationem
1300 2782 1320 2801 a
1341 2771 1529 2802 solennibus
1551 2771 1617 2801 for-

915 2813 1014 2843 mulis
1030 2814 1217 2852 reperimus.
1233 2823 1263 2844 v.
1277 2813 1317 2844 ad
1331 2825 1359 2844 c.
1375 2816 1426 2847 97.

959 2858 999 2888 37
1022 2856 1147 2895 assequi
1164 2856 1278 2897 possit]
1304 2856 1357 2886 Sic
1371 2855 1455 2886 edidi
1470 2865 1529 2896 pro
1543 2864 1616 2896 pos-

917 2902 976 2935 set,
990 2898 1024 2928 in
1037 2908 1102 2937 quo
1118 2898 1241 2939 puerile
1256 2902 1427 2939 peceatum
1440 2904 1500 2931 est.
