1907 3231
626 124 745 164 PRO
770 125 827 164 M.
855 124 1134 165 FONTEIO,
1525 127 1600 168 451

152 232 255 275 dum
286 230 500 298 profectae
525 238 639 271 sunt.
699 230 770 273 Ab
792 231 942 272 iisdem
966 230 1168 287 gentibus
1198 232 1371 283 sanctis,
1399 239 1442 273 et
1470 231 1513 273 in
1540 242 1602 274 te-

153 291 358 331 stimonio
381 287 607 344 religiosis,
630 289 853 330 obsessum
878 287 1151 352 Capitolium
1162 298 1247 338 est,
1278 299 1407 344 atque
1429 290 1499 331 ille
1520 291 1601 332 Ju-

150 348 278 404 piter,
309 346 484 401 29cujus
520 346 696 387 nomine
732 346 916 402 majores
947 346 1082 386 nostri
1113 345 1302 387 vinctam
1330 347 1600 388 testimonio-

152 420 248 446 rum
284 403 413 444 fidem
448 417 539 443 esse
573 403 813 446 voluer.unt
877 403 1103 444 Postremo
1136 403 1203 444 his
1235 403 1467 459 quidquam
1504 406 1658 446 san-21

151 473 271 504 ctum
298 476 349 502 ac
383 459 632 516 religiosum
663 462 796 502 videri
830 471 988 517 potest,
1011 461 1099 517 qui,
1122 460 1291 502 etiamsi
1322 462 1495 517 quando
1524 456 1643 503 ali-b·

151 534 239 575 quo
267 527 389 559 metu
424 518 598 559 adducti
629 518 731 560 deos
759 519 991 575 placandos
1028 533 1118 560 esse
1151 519 1427 570 arbitrantur,
1451 519 1601 560 huma-

151 577 219 617 nis
249 576 403 617 hostiis
432 589 580 616 eorum
615 591 707 617 aras
729 591 779 617 ac
794 577 982 641 templa·
987 576 1231 619 funestant?
1263 579 1304 607 30
1317 586 1365 617 ut
1384 591 1437 617 ne
1459 577 1603 633 religi-

151 649 281 676 onem
313 633 489 689 quidem
515 633 655 674 colere
689 634 870 691 possint,
904 634 986 674 nisi
1018 648 1113 675 eam
1143 634 1260 690 prius
1291 634 1447 676 scelere
1472 635 1604 676 viola-

151 692 253 733 rint.
315 691 426 738 Quis
450 691 565 731 enim
589 691 775 747 ignorat
798 706 871 732 eos
901 706 1033 747 usque
1055 692 1108 732 ad
1139 692 1251 733 hanc
1282 693 1396 733 diem
1420 692 1603 733 retinere

151 749 270 791 illam
300 749 530 790 immanem
564 763 614 790 ac
639 750 862 790 barbaram
885 749 1245 790 consuetudinem
1275 749 1534 791 hominum
1525 765 1605 791 im-

150 807 480 849 molandorum?
512 806 824 856 Quamobrem,
857 806 973 861 quali
998 806 1096 857 fide,
1119 807 1234 862 quali
1270 808 1430 863 pietate
1453 808 1605 849 existi-

151 865 280 906 matis
302 879 394 905 esse
416 879 504 914 eos,
525 864 599 919 qui
622 863 754 904 etiam
773 864 875 904 deos
896 863 1158 904 immortales
1178 865 1440 906 arbitrentur
1462 866 1603 907 homi-

150 938 255 964 num
279 921 436 963 scelere
457 930 501 963 et
522 921 731 977 sanguine
754 919 958 962 facillime
981 936 1105 977 posse
1131 921 1315 978 placari?
1346 926 1383 953 31
1399 922 1511 964 Cum
1535 924 1602 964 his

151 996 228 1022 vos
253 980 434 1022 testibus
458 987 643 1019 vestram
674 978 927 1035 religionem
958 979 1261 1035 conjungetis?
1292 980 1346 1021 ab
1380 980 1447 1021 his
1477 982 1602 1036 quid-

151 1053 281 1094 quam
305 1046 451 1079 sancte
473 1044 548 1076 aut
569 1035 790 1077 moderate
812 1036 977 1077 dictum
1001 1037 1240 1092 putabitis?
1271 1039 1312 1069 32
1327 1037 1428 1079 Hoc
1448 1049 1598 1080 vestrae
1611 1046 1663 1082 ‘22

151 1105 317 1137 mentes
354 1104 442 1134 tam
481 1105 628 1144 castae,
660 1104 747 1134 tam
788 1094 968 1150 integrae
1007 1094 1088 1135 sibi
1125 1095 1375 1150 suscipient,
1407 1104 1469 1147 ut,
1502 1112 1602 1138 cum

153 1167 302 1194 omnes
325 1154 364 1183 33
378 1151 510 1208 legati
535 1151 684 1202 nostri,
708 1152 780 1207 qui
805 1129 906 1192 illot>
896 1152 1081 1194 triennio
1105 1152 1147 1193 in
1173 1152 1358 1193 Galliam
1380 1165 1604 1206 v,enerunt

153 1225 302 1252 omnes
325 1210 491 1265 equites
516 1184 719 1259 Romani,
743 1210 815 1264 qui
840 1209 883 1249 in
907 1209 977 1250 illa
999 1210 1224 1266 proxincia
1246 1210 1435 1262 f,ue1unt
1455 1227 1605 1253 omnes

152 1267 448 1325 negotiatores
477 1265 570 1321 ejus
604 1267 856 1322 pmvinerae,
881 1266 1065 1331 denique
1095 1282 1259 1318 omnes,
1285 1268 1325 1308 in
1359 1269 1502 1310 Gallia
1531 1270 1605 1326 qui

153 1336 269 1378 sunt,
292 1325 398 1366 socii
422 1324 574 1388 populi
597 1323 784 1365 Romani
818 1334 948 1389 atque
971 1325 1113 1376 amici,
1139 1324 1206 1366 Ἦ.
1232 1325 1494 1368 Fonteium
1486 1343 1607 1369 inco-

154 1384 317 1425 lumem
350 1397 442 1424 esse
477 1381 670 1437 cupiant,
703 1381 840 1436 jurati
880 1382 989 1437 priv
977 1382 1083 1422 atim
1119 1395 1162 1423 et
1196 1383 1369 1439 publice
1405 1384 1605 1428 laudent:

152 1444 195 1473 34
208 1456 283 1483 vos
306 1450 450 1482 tamen
475 1439 612 1480 Gallis
631 1439 803 1480 credere
826 1439 1010 1481 malitis?
1042 1440 1145 1495 quid
1178 1455 1223 1482 ut
1258 1442 1393 1482 secuti
1423 1457 1514 1484 esse
1545 1444 1608 1484 vi-

152 1498 370 1541 deamini?
402 1497 726 1539 voluntatemne
744 1496 1000 1538 hominum?
1032 1497 1205 1553 gravior
1228 1498 1361 1554 igitur
1384 1501 1506 1541 vobis
1526 1501 1609 1541 erit

153 1556 345 1598 hostium
384 1555 597 1619 νηοΙιιηῑει5,
633 1569 761 1610 quain
799 1554 989 1596 civium?
1021 1569 1074 1595 an
1107 1533 1367 1612 digniti'rtem
1403 1558 1604 1600 testium?

153 1614 335 1671 potestis
358 1612 492 1670 igitur
511 1612 686 1668 ignotos
709 1612 838 1664 notis,
861 1612 1034 1668 iniquos
1067 1614 1218 1678 aeflUiS,
1241 1613 1504 1671 alienigenas
1527 1616 1604 1657 do-

152 1672 359 1723 mesticis,
375 1646 576 1735 Ocupid-os
604 1670 852 1734 moderatis,
874 1671 1161 1712 mercenarios
1195 1672 1411 1727 gratuitis,
1447 1673 1603 1730 impios

154 1730 382 1786 religiosis,
415 1727 736 1769 inimieissimos
769 1727 908 1769 huic
899 1730 1081 1784 imperio
1112 1744 1163 1770 ac
1191 1729 1373 1781 nomini,
1398 1731 1521 1772 bouis
1554 1747 1604 1773 ac

153 1787 353 1829 fidelibus
371 1794 415 1827 et
437 1786 564 1827 sociis
587 1794 630 1825 et
652 1785 819 1826 civibus
843 1785 1079 1828 antefnene?

210 1845 283 1886 An
313 1859 412 1885 velo
447 1843 671 1893 dubitatis,
695 1843 882 1898 judices,
915 1844 1020 1899 quin
1051 1843 1200 1884 insitas
1229 1844 1479 1886 inimicitias
1506 1846 1600 1888 istae
1621 1846 1683 1893 11

152 1912 304 1959 gentes
339 1916 488 1942 omnes
518 1910 561 1942 et
591 1900 780 1942 habeant
816 1912 859 1942 et
892 1909 1045 1958 gerant
1075 1916 1175 1943 cum
1217 1902 1368 1958 populi
1414 1903 1625 1945 Romani
1615 1918 1665 1951 »3

152 1961 357 2002 nomine?
418 1960 491 2001 Sic
513 1958 773 2000 existimatis
803 1973 876 1999 eos
899 1960 970 2001 hic
1007 1969 1179 2015 sagatos
1202 1961 1487 2016 bracatosque
1512 1976 1604 2003 ver-

155 2019 253 2068 sari,
276 2018 422 2059 animo
444 2017 630 2058 demisso
653 2026 782 2072 atque
806 2016 973 2070 humili,
994 2027 1041 2058 ut
1065 2017 1230 2058 solent
1222 2017 1266 2068 ii,
1284 2019 1357 2073 qui
1378 2018 1549 2060 affecti
1541 2035 1607 2061 in-

146 2076 277 2134 juriis
299 2076 353 2117 ad
375 2073 717 2132 opemjudicum
740 2074 955 2131 supplices
986 2075 1296 2131 inferioresque
1318 2076 1607 2134 confugiunt?

195 2242 236 2275 29
258 2239 354 2281 cujus
382 2238 731 2278 nomine—vinctam]
771 2238 855 2269 Edd.
901 2237 1056 2270 lodurior
1068 2240 1502 2280 siveexquisitiorlatinitas.
1526 2242 1605 2272 Sen-

153 2289 235 2314 vett.
257 2288 407 2314 sanctam
420 2296 429 2312 :
451 2288 486 2313 et
507 2286 557 2312 est
579 2292 619 2312 ea
641 2281 739 2312 lectio
763 2282 857 2312 valde
901 2291 954 2312 sus
969 2288 1034 2312 est:
1062 2283 1122 2313 His
1138 2284 1278 2313 testibus
1304 2283 1464 2314 credendo
1479 2286 1604 2324 putatis

154 2326 251 2357 bona.
273 2327 292 2358 i.
313 2338 342 2357 e.
365 2325 597 2360 inviolabilem,
612 2333 681 2354 esse
702 2323 857 2355 volebant
901 2335 956 2354 vos
970 2326 1121 2364 religioni
1134 2331 1250 2356 vestrae
1265 2327 1435 2356 consulere
1450 2329 1565 2366 posse?

152 2379 212 2409 per
226 2378 348 2400 nomen
362 2368 454 2399 Jovis
469 2367 703 2407 interpositum
721 2367 857 2406 injure·
943 2369 984 2398 32
1007 2368 1183 2399 Hoc—sibi
1197 2368 1385 2408 suscipient]
1414 2369 1483 2399 Sibi
1507 2370 1533 2399 si
1548 2380 1604 2410 ge-

147 2411 303 2452 jurando.
348 2412 377 2442 E
398 2411 484 2441 libro
510 2410 574 2440 Ms.
588 2409 695 2440 Vatie.
719 2419 783 2448 quo
798 2409 857 2440 Fa·
902 2410 1045 2440 nuinum
1071 2416 1134 2447 est,
1152 2421 1209 2450 per
1231 2411 1461 2450 pleonasmum
1477 2411 1605 2443 dictum

153 2464 251 2488 ernus
265 2463 342 2485 usus
357 2458 420 2490 est,
434 2453 607 2483 inductum
623 2457 673 2482 est
688 2453 858 2482 vinctam:
901 2452 1119 2493 intelligetur.
1164 2454 1204 2483 ln
1226 2454 1399 2492 suseinieuc
1428 2454 1488 2484 int
1513 2465 1541 2494 q=
1539 2457 1607 2487 ’asi

152 2496 249 2533 bene,
276 2507 354 2528 nam
383 2501 417 2527 et
441 2495 519 2526 fides
543 2495 713 2534 eleganter
738 2494 859 2525 dicitur
902 2504 1003 2525 onus:
1030 2506 1106 2526 mox
1130 2498 1226 2527 c.12.
1251 2498 1420 2526 mantulam
1446 2499 1607 2538 suscipere

154 2540 283 2576 vinciri,
301 2539 472 2574 devinciri,
487 2537 626 2577 obligari
647 2538 704 2567 &a
741 2537 858 2567 Acces-
902 2537 993 2568 dicit.

153 2582 197 2612 sit
212 2581 349 2612 tandem
368 2582 529 2618 Graevius,
544 2580 601 2620 qui
622 2579 724 2609 vellet
738 2580 856 2618 corrigi
943 2582 983 2610 33
1007 2581 1111 2617 legati
1126 2581 1230 2611 nostri
1245 2580 1318 2619 δια]
1337 2581 1399 2612 vid.
1414 2581 1454 2612 ad
1469 2593 1497 2612 c.
1513 2585 1543 2613 3.

154 2625 303 2661 nmnine,
331 2625 402 2654 sine
430 2633 544 2654 caussa
571 2622 699 2652 idonea.
737 2632 797 2653 nec
825 2622 858 2652 id
943 2625 984 2654 34
1007 2627 1098 2653 vost.
1118 2624 1224 2654 Gallis
1239 2624 1368 2653 eredere
1383 2625 1441 2664 m.]
1468 2626 1521 2655 Sic
1534 2624 1607 2656 edd.

155 2666 254 2696 verbo
266 2666 411 2696 vinctam
426 2666 508 2696 bene
523 2664 689 2695 convenit.
901 2670 953 2694 ve.
957 2670 983 2695 t.
1027 2665 1070 2694 At
1092 2676 1109 2696 e
1131 2666 1215 2696 libro
1241 2666 1354 2696 Faerni
1380 2667 1560 2698 Lambinus
1573 2673 1611 2700 et

199 2711 240 2739 30
262 2713 301 2738 ut
322 2719 362 2738 ne
381 2710 573 2741 relioionerc
595 2706 738 2747 quidem]
765 2706 860 2736 Pella
903 2707 1064 2737 Gruterus
1081 2718 1152 2738 rer-i
1155 2718 1230 2748 pere
1246 2719 1274 2739 z.
1291 2713 1316 2739 t
1331 2718 1406 2739 eum
1435 2710 1568 2741 Gallis
1545 2721 1607 2752 λη

156 2752 337 2782 sententia!
361 2741 501 2781 Similis
509 2755 559 2781 est
584 2759 644 2789 pro
673 2750 769 2780 Rose.
784 2749 858 2779 Am.
903 2759 1038 2780 mrem.
1057 2750 1150 2781 nulla
1175 2752 1262 2789 bona
1285 2752 1464 2790 sententia,
1480 2760 1519 2783 ut
1534 2763 1609 2784 vere

156 2795 209 2824 224
223 2803 272 2834 pr.
299 2794 382 2833 quod
395 2804 435 2824 ne
442 2794 494 2833 piz
517 2789 648 2834 quidem
661 2792 730 2823 sine
743 2793 861 2823 scelere
898 2792 1061 2832 judicavit
1076 2792 1431 2825 Hot01mnnus.13ene
1446 2805 1524 2835 ergo
1533 2797 1604 2836 jam

156 2845 223 2866 erse
233 2837 411 2875 potuerint.
905 2834 1055 2866 Graevius
1070 2840 1213 2866 veterem
1230 2835 1306 2867 lect.
1321 2838 1478 2868 restituit

200 2882 237 2910 31
261 2878 343 2910 Cum
354 2876 664 2920 his-eomungetis]
687 2877 748 2907 Est
768 2874 862 2917 paul-

864 2934 997 2985 αξξ
