1907 3231
600 110 720 150 PRO
746 110 795 150 A.
829 107 1156 148 CLUENTIO.
1528 111 1607 156 5327

160 231 261 261 eam
285 225 542 275 praesentem
562 215 833 272 Oppianicus
861 229 951 257 non
979 215 1173 257 debitam
1194 213 1362 257 mulieri
1387 212 1538 256 solvit:
1570 213 1607 257 si

163 275 261 318 haec
284 276 442 318 solutio
464 275 724 330 legatorum,
742 283 786 315 et
806 288 895 315 non
914 287 1078 315 merces
1095 271 1332 313 abortionis
1354 271 1612 327 appellanda

162 343 245 375 est.
305 334 406 380 Quo
436 332 508 373 illa
534 331 674 387 pretio
707 340 904 387 accepto,
935 329 1170 384 multisque
1191 337 1399 385 practerea
1420 329 1609 370 muneri-

167 391 263 443 bus,
286 392 323 425 27
338 405 435 446 quae
467 398 560 430 turn
596 403 651 430 ex
685 389 843 430 tabulis
876 387 1452 445 Oppianicirecitabantur,
1487 400 1608 442 spem

160 447 296 499 iilam,
312 462 444 503 quam
463 447 510 487 in
541 446 636 487 alvo
659 447 1008 488 commendatam
1029 461 1056 486 a
1086 445 1179 487 viro
1200 443 1467 494 continebat,
1493 444 1608 484 victa

162 506 347 547 avaritia
385 504 534 545 sceleri
568 504 804 561 Oppianici
837 503 1047 546 vendidit.
1119 502 1244 545 Nihil
1274 514 1400 557 posse
1425 500 1520 555 jam
1553 500 1604 541 ad
1617 513 1669 548 35

165 563 278 604 hanc
308 562 632 618 improbitatem
662 562 762 603 addi
792 562 978 603 videtur.
1008 559 1220 602 attendite
1250 558 1434 600 exitum.
1493 558 1607 603 Quae

165 619 320 662 mulier
347 621 639 661 obtestatione
673 619 753 661 viri
792 619 942 661 decem
980 618 1061 660 illis
1097 618 1317 660 mensibus
1348 631 1402 659 ne
1431 615 1609 657 domum

163 677 343 732 quidem
375 677 520 728 ullam,
554 677 636 718 nisi
671 692 817 719 socrus
851 692 955 728 suae,
977 690 1103 717 nosse
1138 675 1303 726 debuit,
1332 673 1427 716 haec
1454 673 1609 729 quinto

165 749 314 780 mense
333 744 433 791 post
454 735 534 776 viri
555 743 741 776 mortem
763 734 846 790 ipsi
870 733 1118 790 Oppianico
1140 733 1302 788 nupsit.
1324 747 1421 788 quae
1444 731 1610 787 nuptias

165 806 255 834 non
273 792 490 834 diuturnae
520 791 710 833 fuerunt.
743 800 866 833 erant
895 792 1012 832 enim
1046 805 1135 832 non
1166 789 1433 831 matrimonii
1466 788 1611 846 digni·

167 859 272 901 tate,
296 851 369 891 sed
391 850 561 891 sceleris
584 849 791 890 societate
811 848 1077 904 conjunctae.

175 942 178 948 .
225 908 372 955 Quid?
402 908 476 949 illa
495 907 635 949 caedes
655 905 797 947 Asinii
821 905 1049 956 Larinatis,
1064 903 1348 946 adolescentis
1370 904 1608 961 pecuniosi,
1627 907 1692 955 13

165 967 208 999 28
221 980 352 1021 quam
373 965 488 1007 clara
510 974 616 1015 tum,
631 964 793 1005 recenti
815 966 883 1005 re?
914 977 1045 1018 quam
1066 963 1261 1004 omnium
1282 976 1479 1004 sermone
1499 962 1609 1003 cele—
1619 979 1671 1013 36

169 1022 322 1065 brata?
383 1022 485 1064 Fuit
515 1021 684 1064 Avilius
715 1021 890 1077 quidem
925 1021 1101 1062 Larinas
1133 1020 1304 1076 perdita
1335 1019 1545 1075 nequitia,
1566 1029 1614 1061 et

168 1095 338 1122 summa
354 1088 562 1137 egestate,
585 1087 675 1120 arte
696 1079 884 1134 quadam
904 1078 1112 1135 praeditus
1133 1078 1186 1119 ad
1218 1077 1419 1119 libidines
1447 1077 1615 1119 adoles-

169 1137 444 1180 centulorum
476 1137 729 1179 excitandas
761 1135 1159 1178 29acc0mmodata:
1190 1136 1281 1190 qui,
1310 1144 1360 1176 ut
1381 1149 1425 1176 se
1445 1134 1617 1177 blandi-

169 1195 241 1237 tiis
263 1205 307 1237 et
327 1195 693 1237 assentationibus
724 1195 769 1236 in
796 1193 939 1236 Asinii
961 1193 1319 1235 consuetudinem
1339 1193 1512 1250 penitus
1535 1192 1616 1234 im·-

168 1254 334 1305 mersit,
358 1252 629 1309 Oppianicus
662 1252 873 1293 continuo
906 1265 1076 1308 sperare
1108 1250 1262 1307 coepit,
1282 1250 1368 1293 hoc
1389 1265 1434 1292 se
1454 1250 1617 1301 Avilio,

171 1318 392 1367 tamquam
416 1311 560 1366 aliqua
579 1309 781 1351 machina
802 1310 992 1361 admota,
1015 1323 1168 1365 capere
1197 1308 1340 1353 Asinii
1368 1308 1619 1351 adolescen-

171 1368 293 1420 tiam,
314 1377 358 1410 et
379 1367 575 1409 fortunas
596 1368 690 1423 ejus
724 1367 883 1423 patrias
912 1381 1166 1423 expugnare
1188 1381 1328 1422 posse.
1389 1366 1521 1408 Ratio
1540 1381 1617 1408 ex·-

171 1426 368 1483 cogitata
402 1426 548 1467 Larini
571 1436 661 1467 est:
693 1439 758 1465 res
793 1424 998 1466 translata
1032 1424 1237 1465 Romam.
1276 1424 1375 1466 iniri
1415 1424 1531 1465 enim
1572 1424 1615 1466 id
1628 1436 1728 1475 1225.

168 1483 401 1526 consilium
433 1482 602 1525 facilius
623 1483 669 1523 in
699 1481 947 1532 solitudine,
968 1481 1119 1538 perfici
1140 1495 1231 1522 rem
1261 1482 1476 1537 ejusmodi
1496 1487 1658 1523 com-²²·-

169 1541 342 1583 modius
362 1541 409 1582 in
431 1541 557 1582 turba
577 1554 704 1597 posse
732 1539 930 1589 arbitrati
961 1547 1076 1580 sunt.
1135 1537 1311 1580 Asinius
1342 1554 1442 1581 cuin
1473 1538 1620 1580 Avilio

172 1598 361 1641 Romam
381 1608 448 1639 est
477 1598 713 1655 profectus,
775 1597 872 1640 Hos
894 1597 1090 1654 vestigiis
1114 1596 1388 1653 Oppianicus
1409 1611 1620 1639 consecu-

174 1665 244 1701 tus
264 1665 346 1699 est.
401 1655 504 1699 Jam
536 1665 585 1699 ut
616 1655 772 1697 Romae
803 1655 1009 1707 vixerint,
1029 1654 1189 1711 quibus
1210 1655 1438 1704 conviviis,
1460 1654 1619 1710 quibus

173 1714 369 1772 flagitiis,
391 1714 564 1771 quantis
584 1723 629 1755 et
646 1728 777 1769 quam
798 1712 985 1770 profusis
1007 1713 1236 1764 sumtibus,
1258 1728 1345 1754 non
1367 1712 1498 1754 modo
1515 1727 1620 1754 con-

173 1773 281 1824 scio,
303 1773 376 1814 sed
392 1773 526 1814 etiam
548 1773 734 1814 conviva
754 1781 798 1812 et
827 1771 1026 1827 adjutore
1050 1770 1324 1827 Oppianico:
1355 1770 1536 1826 longum
1553 1780 1622 1812 est

173 1829 284 1873 mihi
305 1829 462 1881 dicere,
483 1829 725 1887 praesertim
758 1828 811 1870 ad
842 1829 927 1871 alia
956 1830 1221 1885 properanti.
1282 1827 1464 1870 Exitum
1486 1828 1616 1884 hujus

173 1887 435 1930 assimulatae
452 1887 756 1929 familiaritatis
771 1888 1039 1943 cognoscite.
1098 1885 1215 1928 Cum
1236 1896 1348 1928 esset
1368 1885 1614 1928 adolescens
1626 1891 1680 1933 37

173 1946 291 2002 apud
309 1945 604 1987 mulierculam
634 1945 866 2001 quandam,
890 1954 1019 2001 atque
1049 1943 1113 1985 ibi
1135 1953 1422 2001 pernoctaret,
1440 1947 1480 1974 30
1493 1954 1538 1985 et
1556 1944 1617 1985 ibi

172 2003 290 2046 diem
325 2013 543 2060 posterum
583 2012 948 2045 commoraretur:
991 2001 1176 2055 Avilius,
1209 2012 1258 2044 ut
1282 2012 1375 2044 erat
1407 2001 1622 2043 constitu-

173 2069 284 2113 tum,
306 2061 481 2102 simulat
498 2076 542 2102 se
564 2070 791 2118 aegrotare,
812 2069 856 2101 et
871 2069 1177 2102 testamentum
1197 2059 1340 2102 facere
1363 2059 1483 2108 velle,
1527 2059 1622 2116 Op-

173 2119 371 2176 pianicus
403 2119 703 2175 obsignatores
735 2118 789 2160 ad
816 2132 930 2168 eum,
964 2118 1040 2174 qui
1062 2132 1202 2174 neque
1233 2117 1450 2168 Asinium,
1480 2131 1622 2173 neque

174 2176 369 2219 Avilium
402 2188 591 2228 nossent,
614 2176 807 2226 adducit,
827 2184 873 2216 et
901 2175 1023 2217 illum
1052 2174 1253 2217 Asinium
1283 2175 1496 2232 appellat:
1527 2175 1622 2231 ipse

175 2235 452 2285 test-ameum,
486 2234 625 2276 Asinii
667 2234 844 2275 nomine
884 2234 1133 2291 obsignato,
1174 2234 1374 2275 discedit.
1449 2232 1622 2274 Avilius

177 2292 295 2334 illico
318 2291 596 2343 convalescit,
627 2291 804 2333 Asinius
835 2298 980 2332 autem
1014 2291 1131 2332 brevi
1164 2291 1237 2332 illo
1271 2301 1480 2347 tempore,
1499 2291 1625 2346 quasi

177 2351 220 2392 in
245 2350 438 2392 hortulos
467 2350 564 2402 iret,
585 2351 632 2391 in
661 2349 874 2390 arenarias
895 2349 1105 2403 quasdam
1127 2358 1252 2390 extra
1273 2360 1443 2405 portam
1469 2347 1624 2403 Esqui-

173 2406 307 2460 linam
329 2407 577 2466 perductus,
599 2406 828 2450 occiditur.
888 2407 978 2455 Qui
999 2421 1100 2449 cum
1116 2422 1248 2448 unum
1258 2407 1354 2464 jam
1376 2416 1420 2448 et
1440 2405 1620 2452 alterum
1633 2413 1687 2448 33

219 2577 259 2611 <27
283 2586 354 2616 qua·
383 2574 741 2615 tum—recitabantur]
777 2574 884 2606 Perti·
926 2575 1025 2617 plane
1040 2581 1091 2607 est
1105 2575 1192 2609 infra
1205 2587 1233 2606 c.
1249 2578 1303 2606 31.

179 2624 238 2649 net
266 2618 308 2649 ad
335 2619 512 2659 judicium,
539 2620 574 2650 in
603 2629 667 2659 quo
693 2617 792 2649 causa
817 2618 885 2658 Op·
969 2621 1010 2652 529
1033 2619 1294 2658 accommodata]
1319 2616 1403 2648 Edd.
1425 2627 1477 2659 pr.
1496 2622 1532 2653 et
1547 2618 1628 2651 Mss.

181 2661 302 2701 pianici
323 2668 400 2692 acta
411 2669 482 2692 est:
505 2672 546 2693 ex
562 2662 683 2692 tabulis
695 2661 885 2701 Oppianici,
927 2659 1051 2692 habent
1079 2661 1360 2693 accommodatus:
1396 2660 1483 2700 quod
1518 2663 1630 2703 placet

179 2703 217 2740 in
231 2703 350 2742 quibus
364 2714 402 2735 ea
416 2705 450 2734 in
465 2705 614 2745 expensis
625 2704 730 2735 relata
745 2708 852 2734 erant.
929 2704 1047 2743 magis,
1072 2714 1170 2743 quam
1193 2713 1252 2734 ars
1273 2703 1531 2741 accommodata,
1555 2714 1634 2744 qua

223 2747 264 2776 93
297 2756 398 2786 quam
425 2748 519 2777 clara
549 2752 634 2785 tum,
669 2746 790 2777 recenti
828 2745 881 2785 re]
924 2752 975 2776 est
990 2746 1031 2776 ab
1043 2745 1306 2777 JuntaetAldo.
1337 2745 1399 2776 Sed
1412 2746 1459 2776 ita
1469 2747 1631 2787 proecfitus

183 2787 268 2819 Edd.
285 2799 334 2829 pr.
354 2791 446 2822 1471.
465 2791 556 2820 1480.
578 2789 668 2820 Med.
689 2788 787 2820 Junt.
809 2788 883 2819 Ald.
926 2788 1118 2829 delendum,
1132 2793 1172 2818 ut
1183 2785 1294 2829 placet
1304 2787 1460 2818 Gmtero.
1607 2807 1615 2823 2

183 2832 243 2862 διο.
257 2840 332 2861 eum
346 2831 548 2870 recensficz‘t.
582 2832 648 2863 Ms.
662 2830 717 2862 Fr.
734 2835 806 2861 tum
822 2840 885 2861 rec.
970 2833 1011 2862 30
1035 2830 1066 2862 εἰ
1081 2831 1123 2861 ibi
1147 2831 1233 2862 diem
1251 2830 1305 2873 μ]
1351 2830 1475 2863 Melius
1488 2831 1577 2863 foret
1598 2834 1630 2866 et

171 2872 258 2914 fluit.
305 2873 489 2915 Vulgatusu
511 2880 562 2906 est
583 2885 604 2907 a
626 2874 786 2906 Victorio-
832 2873 886 2904 Sic
930 2873 1048 2905 ibidem
1061 2872 1189 2916 diem'p.
1236 2910 1239 2913 Δ
1281 2912 1285 2916 ⁴
1596 2895 1599 2903 2
