1907 3231
324 138 376 172 30
900 132 1161 170 ORATIO

317 235 531 291 judicium
562 244 682 276 tuum
716 249 848 292 prope
876 244 972 277 acta
997 236 1088 291 jam
1123 243 1251 275 aetate
1286 234 1562 291 decursaque,
1583 232 1742 283 attulit,

321 307 415 333 cam
446 292 570 334 liceat
599 294 637 334 ei
673 306 815 333 secum
848 308 901 334 cx
934 293 1015 333 hoc
1048 293 1141 333 loco
1175 290 1347 334 efferre:
1380 306 1433 332 ne
1467 292 1514 341 is,
1538 292 1589 332 de
1622 289 1742 344 cujus

321 349 465 390 officio
489 364 613 390 nemo
646 363 832 404 unquam
864 349 1092 399 dubitavit,
1117 349 1387 404 sexagesimo
1404 349 1593 403 'denique
1616 361 1743 394 anno,

319 406 540 456 dedecore,
565 405 742 454 macula,
767 406 1093 461 turpissimaque
1117 405 1356 459 ignomiliia
1379 415 1572 446 notetur:
1607 418 1657 444 ne
1675 417 1742 442 01·-

320 463 529 504 namentis
555 463 646 518 ejus
669 463 868 503 omnibus
899 463 998 503 Sex.
1026 462 1200 503 Naevius
1234 476 1310 517 pro
1343 462 1488 517 spoliis
1520 461 1742 501 abutatur:

319 534 371 561 ne
392 534 464 575 per
488 530 528 560 te
549 525 589 555 99
601 520 721 567 ferat,
743 534 828 574 quo
862 520 1015 568 miuus,
1034 533 1129 573 qua:
1153 517 1421 559 existimatio
1446 519 1492 559 P.
1513 518 1742 564 Quintium

321 592 453 631 usque
476 577 527 617 ad
551 585 813 618 senectutem
839 576 1052 631 perduxit,
1071 575 1219 616 eadem
1244 590 1376 631 usque
1399 576 1450 617 ad
1474 588 1625 629 rogum
1649 585 1745 629 pro-

319 644 531 688 sequatur.

604 903 686 956 M.
714 902 994 956 TULLII
1031 898 1458 955 CICERONIS

986 1037 1077 1066 PRO

422 1139 645 1209 SEX.
700 1136 1079 1204 ROSCIO
1137 1133 1631 1200 AMERINO

697 1287 971 1331 ORATIO
1012 1285 1364 1329 SECUNDA.

887 1422 1161 1443 *-

830 1537 1231 1577 ARGUMENTUM.

320 1625 362 1662 L.
384 1625 488 1661 Sulla
510 1625 559 1660 II.
583 1624 625 1666 Q.
646 1623 796 1660 Metello
818 1624 911 1659 Coss.
932 1623 1083 1659 Erutius
1112 1622 1192 1658 Sex.
1215 1620 1384 1657 Roscium
1404 1621 1622 1668 municipem
1641 1619 1749 1656 Ame-

368 1680 498 1719 rinum,
520 1678 689 1724 Equitem
710 1675 754 1712 R.
771 1676 966 1724 parricidii
993 1686 1092 1710 reum
1109 1675 1208 1722 apud
1220 1673 1272 1709 M.
1294 1673 1468 1709 Fannium
1493 1671 1749 1712 Quaesitorem

369 1730 469 1765 inter
496 1729 656 1765 Sicarios
676 1729 698 1764 i.
718 1740 746 1763 e.
775 1739 854 1763 eum
871 1731 1072 1775 praetorem‚
1093 1727 1150 1762 cui
1174 1726 1239 1761 hoc
1265 1726 1390 1761 (latum
1407 1728 1498 1767 erat,
1515 1728 1556 1760 ut
1575 1735 1615 1760 eo
1634 1735 1748 1765 anno,

367 1783 398 1817 si
414 1784 492 1828 quis
513 1787 685 1828 tanquam
705 1781 856 1815 sicarius
875 1778 1087 1828 deferretur,
1106 1779 1149 1814 de
1167 1789 1209 1813 ea
1226 1789 1266 1812 re
1283 1777 1514 1824 quaestionem
1541 1775 1686 1812 haberet
1705 1787 1749 1811 ac

359 1832 557 1879 judicaret,
566 1832 676 1881 fecit,
696 1843 844 1878 eumque
859 1832 911 1866 ita
930 1831 1123 1871 accusavit,
1143 1834 1185 1865 ut
1212 1830 1343 1865 diceret
1361 1840 1509 1864 causam
1529 1829 1562 1864 ei
1579 1827 1748 1877 maleficii

366 1887 583 1933 suscipiendi
591 1884 723 1933 juisse,
749 1885 907 1931 primum
925 1884 1047 1918 odium
1062 1883 1194 1930 patris,
1214 1882 1278 1929 qui
1295 1885 1330 1916 et
1348 1881 1392 1916 ab
1409 1891 1482 1916 sese
1500 1880 1605 1915 illum
1621 1891 1747 1915 aman-

369 1938 490 1978 darat,
515 1942 550 1972 et
569 1938 607 1972 in
621 1937 760 1984 proedia
785 1936 922 1970 rustica
949 1934 1144 1980 relegarat,
1164 1945 1276 1981 neque
1294 1944 1453 1980 unquam
1472 1932 1573 1967 domi
1591 1942 1664 1967 suoe
1682 1931 1748 1966 ha-

368 1989 511 2024 buerat:
540 1993 574 2024 et
595 1988 659 2023 hoc
671 1987 837 2035 amplius,
853 1986 1068 2022 exheredare
1081 1986 1183 2021 illum
1198 1986 1236 2021 in
1251 1986 1372 2020 animo
1384 1983 1568 2020 habuerat.
1584 1981 1639 2019 M.
1660 1983 1745 2018 Tul-

370 2041 437 2076 lius
456 2053 587 2076 annum
608 2045 680 2074 tum
714 2051 822 2086 agens
842 2040 960 2074 <etatis
986 2038 1176 2085 septimum
1195 2041 1237 2073 et·
1247 2037 1466 2077 vicesimum,
1493 2035 1663 2071 Roscium
1681 2034 1751 2070 hac

367 2094 531 2128 oratione
560 2091 732 2140 defendit.
792 2091 833 2126 In
856 2103 928 2138 qua
957 2090 1030 2125 Izoec
1049 2088 1137 2139 fere
1166 2090 1290 2137 capita
1313 2087 1515 2136 complexus
1542 2091 1606 2124 est.
1662 2086 1749 2122 Pri-

368 2157 461 2180 mum
477 2144 667 2180 abhorrere
683 2156 706 2178 a
722 2143 817 2178 tanti
834 2143 976 2177 sceleris
995 2142 1189 2177 atrocitate
1203 2142 1316 2176 vitam
1332 2139 1414 2175 Sex.
1436 2138 1559 2175 Roscii
1573 2138 1748 2174 honestis-

366 2198 454 2232 sime
479 2201 588 2243 atque
620 2196 847 2242 integerrime
885 2197 1124 2229 transactam:
1163 2193 1266 2241 patri
1292 2196 1412 2228 autem
1439 2202 1585 2227 causam
1608 2189 1749 2226 nullam

357 2247 488 2296 fuisse,
509 2260 571 2282 cur
592 2259 670 2282 eum
689 2248 773 2282 odio
802 2246 958 2287 liaberet,
985 2250 1093 2293 atque
1120 2245 1334 2280 exheredare
1361 2243 1477 2279 vellet.
1534 2242 1639 2284 Quod
1663 2252 1748 2278 vero

366 2312 443 2335 eum
464 2302 516 2335 rei
534 2301 675 2335 rustica>
689 2302 946 2346 praeposuerut,
965 2298 1003 2332 id
1021 2309 1093 2333 non
1109 2297 1213 2332 modo
1230 2307 1302 2331 non
1319 2296 1395 2331 odii
1414 2306 1456 2330 ac
1474 2294 1747 2335 malevolentiae,

366 2352 427 2386 sed
445 2354 555 2387 etiam
569 2353 702 2386 amoris
720 2355 754 2385 et
773 2349 1019 2385 benevolentiae
1045 2353 1207 2397 paterna>
1221 2347 1407 2395 singulare
1431 2347 1673 2382 testimonium
1688 2357 1748 2381 ex-

368 2405 492 2439 titisse.
548 2402 761 2438 Incredibile
778 2413 863 2443 esse,
892 2401 956 2436 hoc
971 2402 1104 2436 crimen
1121 2402 1159 2436 in
1178 2411 1380 2448 quenquam
1397 2398 1554 2434 humana
1570 2398 1686 2446 specie
1703 2409 1748 2432 ac

356 2455 485 2502 figura
498 2456 692 2503 proeditum
711 2455 837 2489 cadere
850 2455 1021 2501 potuisse,
1034 2454 1103 2488 nisi
1119 2457 1294 2500 tanquam
1311 2463 1366 2492 ea,
1381 2462 1459 2497 quae
1473 2450 1584 2486 oculis
1600 2458 1749 2484 cernun-

369 2511 441 2548 tur,
474 2519 638 2554 expressa
661 2506 802 2542 sceleris
830 2506 983 2552 vestigia
1011 2508 1194 2540 extarent:
1213 2502 1439 2552 facultatem
1465 2502 1616 2549 denique
1636 2500 1747 2549 perfi-

370 2559 487 2593 ciendi
512 2559 677 2606 maleficii
707 2558 846 2593 nullam
865 2556 996 2592 Roscio
1003 2555 1136 2604 fuisse,
1156 2557 1219 2604 qui
1240 2566 1352 2602 neque
1371 2553 1495 2589 Romae
1513 2551 1747 2601 tumfuisset,

366 2621 476 2657 quum
499 2609 727 2658 caedesfacta
751 2610 943 2651 diceretur,
962 2620 1076 2656 neque
1097 2609 1212 2644 ullum
1237 2607 1386 2643 liberum
1413 2605 1590 2641 hominem
1617 2608 1748 2646 nosset,

355 2737 396 2767 99
408 2732 520 2772 ferat,
546 2742 606 2772 quo
629 2731 750 2771 minus]
780 2732 913 2772 Conjeci
924 2732 1009 2772 fiat,
1052 2740 1148 2771 poena
1162 2730 1332 2761 afficiatur.
1377 2727 1438 2759 Sed
1461 2729 1494 2759 in
1516 2737 1555 2758 eo
1577 2736 1674 2758 sensu
1688 2735 1750 2767 quo

313 2775 401 2814 quod
424 2781 459 2805 et
483 2775 662 2805 Passeratio
685 2775 718 2804 in
739 2778 885 2804 mentem
909 2773 1008 2803 venit.
1051 2774 1160 2803 minus
1175 2772 1261 2812 sequi
1279 2781 1346 2803 non
1360 2775 1482 2813 potest,
1497 2769 1638 2809 addique
1654 2768 1751 2800 debe-

314 2817 376 2847 Sed
399 2816 544 2846 Graevius
573 2817 721 2856 sequitur
743 2816 1007 2851 Hotomannurn,
1053 2815 1107 2846 bat
1120 2816 1290 2857 Quintius.

313 2859 368 2899 quj
405 2859 653 2899 iuterpretatur,
682 2867 722 2889 ne
757 2857 912 2898 Quintius
948 2855 1008 2887 hac
