1907 3231
425 94 501 132 DE
525 92 671 132 LEGE
696 91 819 132 AGR.
844 92 1064 131 CONTRA
1089 92 1336 134 RULLUM.
1522 102 1598 137 605

153 215 322 242 summa
342 208 534 257 potestas
566 199 706 250 datur,
729 213 829 240 cum
851 192 1007 240 velint:
1041 197 1196 240 Romae
1219 214 1326 252 esse,
1348 216 1445 243 cum
1478 199 1599 244 com-

148 259 328 312 modum
350 259 428 300 sit:
459 271 732 313 quacumque
764 256 899 299 velint
929 271 1098 312 summo
1129 272 1229 299 cum
1262 259 1598 316 imperio‚judi-

149 316 305 371 cioque
327 313 522 359 omnium
553 329 695 355 rerum
728 316 873 371 vagari
898 325 947 355 ut
968 311 1110 372 lic'eat,
1132 316 1400 357 conceditur.
1434 317 1598 373 interea

143 374 388 427 ‚dissolvant
412 372 582 428 judicia
603 371 801 428 publica:
835 372 887 414 de
918 372 1109 414 consiliis
1135 373 1371 430 abducant.
1392 389 1499 429 quos
1523 391 1596 417 ve-

146 430 255 474 lint:
287 429 446 488 singuli
469 430 522 471 de
552 427 768 471 maximis
787 431 1157 486 1·ebusjudicent:
1190 431 1397 487 quaestori
1420 434 1596 487 permit-

149 499 269 531 tant:
302 489 519 530 finitorem
551 488 749 529 mittant:
783 498 924 529 ratum
955 488 1025 539 sit,
1048 485 1165 544 quod
1197 490 1344 531 finitor
1377 490 1450 530 uni
1471 490 1547 541 illi,
1571 507 1596 531 a

146 541 234 603 'quo
252 547 406 600 missus
437 546 533 596 erit,
564 546 890 587 renuntiaverit.
921 547 963 577 46
979 546 1168 588 Verbum
1200 547 1464 598 mihideest,
1486 548 1595 594 Qui-
1613 545 1680 593 14

144 605 263 656 rues,
294 619 392 646 cum
417 618 499 660 ego
536 605 646 645 hanc
679 599 953 661 potestatem,
985 601 1148 660 regiam
1172 605 1356 662 appello.
1389 606 1463 646 sed
1496 617 1658 662 pro-35

143 655 262 703 fecto
285 662 424 718 major
455 672 520 702 est
551 662 767 718 qu‘aedam.
829 661 1007 703 Nullum
1039 663 1157 703 enim
1180 677 1361 719 regnum
1394 663 1478 704 fuit
1504 679 1597 717 umss

144 734 291 775 quam,
321 720 444 776 quod.
460 735 564 771 non,
587 720 621 760 si
645 720 787 761 minus
807 718 907 774 jure
929 719 1089 774 aliquo,
1110 730 1154 761 at
1175 722 1426 776 regionibus
1451 731 1596 764 tamen

143 778 290 830 certiS‚
325 774 635 819 contineretur.
668 777 751 818 hoc
779 791 880 817 vero
911 776 1132 818 infinitum
1165 789 1244 828 est,
1267 794 1354 835 quo
1388 789 1430 820 et
1464 795 1599 837 regna

144 836 306 888 omnia,
338 846 382 877 et
413 845 604 877 vestrum
633 834 881 889 imperium,
913 833 1041 889 quod'
1062 834 1269 876 latissime
1302 846 1435 892 patet,
1457 848 1501 878 et
1532 853 1597 890 ea,

142 892 184 928 '47
199 909 296 950 quae
331 894 489 950 partim
519 893 654 933 libera
683 907 707 932 a
731 891 868 942 vobis,
891 891 1049 948 partim
1084 893 1217 934 etiam
1248 893 1450 950 ignorata
1474 897 1596 938 vobis

143 958 260 1004 sunt,
285 952 495 1008 permissu
510 950 624 1006 ,legis
642 949 936 991 continentur.

200 1014 241 1042 48
256 1008 396 1051 Datur
418 1009 552 1064 igitur
574 1007 635 1048 eis
666 1007 870 1063 primum,
902 1017 948 1048 ut
978 1008 1107 1049 liceat
1135 1008 1195 1050 eis
1219 1009 1403 1052 vendere
1432 1011 1594 1064 omnia,

142 1066 196 1111 de
218 1067 376 1123 quibus
400 1065 634 1108 vendendis
666 1066 1039 1107 senatusconsulta
1060 1066 1177 1108 facta
1206 1078 1322 1124 sunt,
1346 1067 1414 1109 M.
1437 1067 1594 1122 Tullio,

146 1124 229 1175 Cn.
248 1124 453 1166 Cornelio
475 1123 740 1165 consulibus.
804 1123 894 1172 Cur
916 1122 1105 1166 hoc'tam
1123 1134 1187 1166 est
1208 1126 1441 1168 obscurum
1464 1138 1593 1183 atque
1604 1140 1656 1175 36

141 1185 337 1236 caecuni?
369 1182 503 1238 quid?
535 1182 617 1223 ista
647 1181 808 1233 omnia,
831 1182 884 1223 de
915 1183 1072 1237 quibus
1105 1193 1278 1224 senatus
1309 1184 1493 1236 censuit,
1517 1200 1594 1227 no-

141 1241 341 1282 minatim
364 1241 409 1281 in
431 1240 526 1296 lege
548 1239 755 1295 perscribi
788 1254 931 1281 nonne
954 1244 1215 1297 potueruut?
1250 1241 1362 1283 Duae
1390 1253 1493 1288 sunt
1515 1243 1595 1285 hu-

134 1299 209 1355 jus
232 1298 512 1340 obscuritatis
534 1312 690 1348 causae,
716 1297 932 1344 Quirites:
959 1314 1042 1339 una
1065 1299 1256 1355 pudoriS‚
1280 1301 1314 1340 si
1337 1301 1433 1356 quis
1458 1302 1596 1358 pudor

143 1371 235 1402 esse
258 1365 403 1414 potest
426 1356 469 1397 in
493 1366 581 1397 tam
611 1356 776 1412 insigni
801 1356 1096 1412 impudentia:
1129 1357 1263 1399 altera
1285 1359 1470 1400 sceleris.
1494 1375 1595 1403 nam
1620 1381 1635 1387 ··

141 1429 283 1471 neque
305 1429 369 1465 ea,
392 1429 489 1470 quae
517 1422 688 1454 senatus
718 1414 975 1455 nominatim
1005 1415 1229 1471 vendenda
1252 1418 1435 1473 censuit,
1463 1419 1595 1460 audet

141 1472 382 1530 appellare:
425 1481 525 1512 sunt
548 1472 664 1512 enim
695 1470 791 1526 loca
814 1472 990 1527 publica
1014 1473 1145 1524 urbis,
1179 1485 1279 1515 sunt
1301 1475 1469 1526 sacella,
1493 1492 1591 1532 quae

138 1539 238 1587 post
256 1530 499 1571 restitutam
519 1528 797 1570 tribuniciam
820 1539 1079 1585 potestatem
1103 1545 1230 1573 nemo
1253 1534 1415 1589 attigit,
1437 1538 1589 1591 ⁴9quae
1605 1538 1637 1570 b.

137 1587 326 1644 majores
361 1587 406 1628 in
440 1587 546 1628 urbe
571 1584 737 1642 ,partim
777 1587 956 1643 periculi
988 1588 1186 1646 perfugia
1222 1604 1313 1632 esse
1350 1592 1593 1635 voluerunt.

138 1645 253 1699 Haec
274 1645 370 1702 lege
387 1645 621 1687 tribunicia
641 1645 874 1686 decemviri
910 1647 1109 1688 vendent.
1169 1646 1364 1690 Accedet
1394 1664 1445 1691 eo
1469 1665 1593 1706 mous

140 1703 336 1746 Gaurus:
369 1703 576 1746 accedent
599 1702 749 1743 salicta
779 1703 833 1744 ad
866 1703 1142 1762 Minturnas:
1176 1706 1439 1763 adjungetur
1460 1709 1593 1751 etiam

139 1759 213 1804 illa
236 1762 305 1803 via
328 1761 556 1802 vendibilis
582 1760 870 1812 Herculanea,
893 1762 1124 1804 multarum
1144 1764 1411 1820 deliciarum,
1434 1776 1478 1807 et
1499 1782 1591 1821 ma-

138 1834 237 1876 gnae
262 1819 483 1876 pecuniae:
517 1815 730 1875 permulta
751 1819 846 1870 alia,
869 1835 965 1875 quae
990 1831 1162 1862 senatus
1178 1833 1352 1879 propter
1365 1825 1588 1880 augustias

139 1878 278 1919 aerarii
322 1876 545 1919 vendenda
582 1877 765 1927 censuit,
803 1878 999 1920 consules
1043 1891 1220 1941 propter
1251 1881 1459 1923 invidiam
1497 1898 1586 1925 non

137 1935 441 1977 vendiderunt.
474 1934 634 1988 Verum
665 1935 760 1976 haec
783 1934 963 1977 fortasse
995 1949 1171 1994 propter
1195 1938 1402 1995 pudorem
1426 1940 1468 1981 in
1491 1940 1586 1997 lege
1596 1956 1650 1995 37

136 1994 389 2035 reticentur.
464 1994 505 2023 ⁵0
519 1986 604 2035 Sed
635 1992 753 2049 *illud
785 1994 925 2051 magis
968 1993 1043 2036 est'
1067 1996 1328 2038 credendum
1368 2009 1412 2039 et
1454 1999 1587 2056 perti-

134 2135 268 2175 quidem
292 2139 355 2173 est,
377 2135 433 2166 sed
455 2135 680 2175 angustiorem
705 2146 837 2167 sensum

135 2178 257 2213 habet:
282 2189 342 2209 nec
367 2179 449 2209 bene
464 2189 483 2209 a
509 2178 673 2209 Lambino
695 2184 838 2220 recepta.

134 2221 228 2252 Infra
249 2229 300 2252 est
323 2222 434 2252 onmia
447 2222 612 2261 permissu
636 2223 717 2260 legis
738 2224 838 2253 conti-

135 2269 269 2295 nentur.
315 2264 387 2304 Ego
404 2263 511 2294 addidi
536 2264 569 2294 in
584 2270 678 2294 textu
695 2267 746 2295 vel
767 2266 839 2296 adi-

135 2307 343 2344 mendorum,
370 2312 408 2338 ut
436 2313 550 2338 tamen
573 2316 686 2342 seusus
709 2308 838 2348 integer

132 2350 190 2387 sit,
205 2350 262 2380 sed
277 2349 443 2380 inclusum
457 2349 657 2390 parenthesi.

176 2393 219 2424 46
246 2394 386 2423 Verbum
400 2402 443 2422 m.
467 2393 499 2423 d.
522 2402 596 2422 cum
619 2403 677 2432 ego
693 2394 724 2423 h.
735 2403 771 2433 p.
787 2404 838 2424 re-

132 2436 229 2474 giam
253 2435 395 2476 appello]
424 2435 497 2465 Hoc
521 2435 653 2475 quidem
681 2437 836 2468 vitiosum

134 2482 196 2509 est.
223 2488 283 2509 nec
311 2479 517 2509 constructio
551 2482 694 2509 constat.
752 2479 838 2511 Puto

135 2520 330 2552 Ciceronem
345 2521 523 2562 scripsisse:
540 2522 673 2551 verbum
683 2532 727 2552 m.
739 2523 838 2560 deest,

135 2567 196 2603 quo
210 2573 269 2603 ego
279 2566 310 2595 h.
319 2574 354 2605 p.
366 2566 538 2603 appellem.
551 2565 680 2603 regiam
691 2567 817 2605 appello
830 2579 840 2596 .-

133 2606 234 2646 sedp.
251 2617 295 2637 m.
311 2617 337 2638 e.
353 2617 384 2648 q.
414 2606 496 2637 Haec
505 2613 556 2638 est
569 2607 677 2639 forma
691 2607 842 2648 legitima

133 2648 168 2678 in
182 2648 243 2680 hac
257 2651 434 2681 sententia.

146 2694 150 2696 '
175 2694 217 2726 47
240 2691 311 2732 quoe
328 2702 365 2733 p.
390 2693 493 2723 libera
507 2703 529 2723 a
550 2692 650 2733 vobis]
678 2694 802 2724 Libera
817 2705 839 2726 α

133 2734 220 2765 vobis
241 2739 330 2772 sunt,
354 2740 418 2774 est,
433 2736 537 2766 libera
560 2741 651 2773 sunt,
675 2743 839 2776 quantum

135 2772 177 2807 aid
193 2786 248 2816 vos
263 2778 397 2808 attinet.
443 2778 548 2810 Credo
562 2784 690 2815 tamen,
708 2780 840 2810 Cicero-

134 2822 211 2850 ner'n
222 2820 398 2861 scripsisse,
413 2822 582 2852 liberataa
596 2822 691 2852 vohis.
741 2823 837 2861 Igno-

133 2867 213 2894 rata
229 2864 372 2904 pertinet
386 2863 427 2896 ad
439 2864 484 2902 id,
498 2864 586 2904 quo'd
600 2874 699 2906 supra
710 2864 838 2897 dixerat

882 2137 939 2168 Or.
956 2138 983 2169 1.
996 2147 1028 2169 c.
1044 2143 1068 2170 1.
1087 2139 1124 2170 Si
1139 2141 1219 2180 quid
1231 2146 1290 2177 est,
1305 2141 1390 2181 quod
1400 2141 1588 2181 indagaris,

883 2182 1059 2220 inveneris,
1078 2188 1109 2213 et
1125 2185 1267 2214 tenebris
1282 2186 1413 2215 erueris
1439 2186 1499 2215 διο.
1543 2222 1546 2226 .

924 2227 964 2255 48
988 2225 1107 2256 Datur
1119 2226 1138 2255 i.
1155 2228 1280 2257 eis—ut
1292 2228 1387 2257 liceat
1403 2227 1586 2268 eis—fitcla

881 2267 971 2306 sunt]
998 2269 1150 2299 Alterum
1167 2270 1211 2299 eis
1231 2270 1381 2306 offendit,
1403 2275 1583 2311 putemque

880 2309 1072 2349 delendum,
1097 2318 1172 2342 tum
1200 2323 1275 2345 vero
1298 2312 1475 2352 legendum
1478 2313 1585 2354 ,βας-ια

880 2353 956 2382 sint.

923 2398 964 2429 49
987 2398 1225 2436 qua—partim
1249 2396 1324 2436 ἃς]
1353 2396 1489 2429 Frustra
1511 2401 1585 2429 ten-

880 2441 990 2468 tatum
1005 2444 1038 2469 et
1054 2445 1240 2470 correctum
1255 2446 1304 2470 est
1318 2451 1337 2470 a
1353 2440 1387 2471 P.
1403 2441 1495 2471 Man.
1506 2452 1588 2481 pas·

880 2481 942 2522 sim
959 2481 995 2512 in
1016 2481 1067 2512 ed.
1091 2482 1163 2512 Ald.
1190 2482 1232 2512 N.
1255 2487 1372 2522 portus
1389 2485 1533 2524 periculi
1556 2489 1588 2516 et

877 2523 1039 2564 perfugia
1055 2535 1074 2554 a
1087 2525 1250 2555 Lainbino
1261 2534 1303 2556 ex
1317 2526 1511 2565 conjectura
1524 2528 1589 2558 Pu-

882 2568 984 2598 teani.
1031 2567 1139 2598 Semel
1167 2568 1303 2607 ponitur
1319 2570 1448 2608 partim
1472 2580 1532 2610 pro
1547 2581 1589 2601 ex

878 2614 989 2649 parte.
1003 2613 1043 2640 ut
1057 2610 1139 2640 vidit
1153 2610 1339 2641 Turnebus.
1357 2622 1387 2642 v.
1405 2612 1551 2646 Clavem.

925 2655 965 2683 50
990 2652 1057 2682 Sed
1070 2653 1156 2683 illud
1166 2654 1276 2692 magis
1289 2658 1334 2684 est
1345 2655 1542 2687 credendum
1555 2660 1588 2687 et

875 2695 1078 2734 pera-quod]
1109 2695 1311 2726 Credendum
1326 2697 1379 2728 hic
1392 2698 1502 2728 locum
1519 2709 1588 2729 non

883 2738 991 2768 habet.
1021 2748 1081 2768 nec
1108 2739 1192 2768 bene
1214 2741 1370 2771 convenit
1390 2741 1492 2772 verbo
1508 2751 1587 2781 per-

883 2781 1005 2811 timesc.
1023 2790 1082 2810 nec
1097 2781 1247 2820 sequenti
1261 2784 1354 2822 quod.
1389 2784 1442 2814 An
1457 2784 1589 2824 scripsit

879 2824 1059 2854 verendum
1067 2824 1088 2852 .7·
1105 2824 1160 2854 Sic
1172 2823 1258 2855 infra
1274 2836 1303 2856 c.
1314 2827 1370 2860 37.
1386 2826 1586 2868 respondent

880 2866 941 2897 sibi
965 2867 1080 2897 timere
1094 2871 1129 2898 et
1140 2868 1256 2898 vereri.
