1907 3231
352 160 428 194 556
943 154 1188 194 ORATIO

352 260 541 316 pserint:
573 259 728 311 videte,
749 259 851 315 quid
883 261 1035 315 agatis,
1059 272 1113 299 ne
1142 258 1186 298 in
1207 271 1554 314 unumquemque
1582 259 1776 302 nostrum

352 317 600 358 censoribus
620 318 676 358 in
709 328 925 373 posterum
948 323 1203 371 potestatem
1226 315 1386 370 regiam
1409 317 1690 371 permittatis:
1721 331 1775 358 ne

355 374 614 430 subscriptio
642 374 834 415 censoria
863 386 948 411 non
981 372 1121 411 minus
1151 372 1404 412 caiamitatis
1436 373 1617 423 civibus,
1647 387 1774 428 quam

353 430 425 470 illa
444 431 715 471 acerbissima
738 428 992 485 proscriptio
1015 429 1152 482 possit·
1169 428 1342 470 afferre:
1366 442 1418 468 ne
1439 430 1678 470 censorium
1702 430 1775 470 sti..

351 486 455 538 lum,
475 488 597 541 cujus
620 499 865 527 mucronem
894 483 1038 525 multis
1060 485 1256 525 remediis
1286 485 1468 539 majores
1499 486 1632 527 nostri
1664 495 1775 528 retu·

351 544 519 594 derunt,
544 557 663 598 aeque
686 542 864 597 posthac
885 549 1013 595 atque
1035 541 1153 581 ilium
1174 541 1448 582 dictatorium
1472 543 1661 598 gladium
1683 556 1776 598 per-

268 600 340 635 124
354 600 638 641 timescamus.
685 599 758 638 sin
779 606 940 647 autem,
961 598 1075 652 quod
1099 598 1385 652 subscriptum
1408 608 1485 649 est,
1508 600 1609 654 quia
1630 614 1775 640 verum

348 667 428 707 est,
451 657 610 697 idcirco
632 669 760 709 grave
783 654 911 694 debet
931 668 1046 695 esse:
1079 654 1162 695 hoc
1183 669 1438 708 quaeramuS‚
1462 669 1605 697 verum
1629 657 1773 707 sit‚'an

347 714 525 755 falsum:
557 720 856 752 removeantur
884 711 1162 752 auctoritates
1183 711 1414 752 censoriae:
1447 712 1619 753 tollatur
1647 713 1691 754 id
1719 727 1773 755 ex

344 785 486 818 causa,
507 768 622 823 quod
646 769 686 808 in
711 783 838 809 causa
859 782 943 808 non
966 776 1053 809 est:
1078 768 1199 818 doce,
1221 783 1348 823 quam
1369 769 1597 823 pecuniam
1616 769 1773 811 Cluen-

345 827 429 866 tius
464 825 641 875 dederit,
674 825 786 866 unde
818 825 996 875 dederit,
1028 824 1388 880 quemadmodum
1421 825 1609 867 dederit:
1635 841 1773 868 ,unum

345 882 530 937 denique
562 882 736 937 aliquod
771 897 796 922 a
831 881 1033 922 Cluentio
1070 881 1276 937 profectae
1313 882 1506 937 pecunia:
1545 883 1774 938 vestigium

346 940 538 980 ostende.
598 939 734 980 Vince
763 939 931 989 deinde,
956 939 1091 980 virum
1125 939 1285 979 bonum
1316 939 1447 979 fuisse
1468 938 1774 994 Oppianicum,

346 996 567 1037 hominem
589 996 829 1051 integrum:
853 995 959 1035 nihil
979 996 1032 1036 de
1054 995 1125 1036 illo
1148 1010 1351 1051 umquam
1374 1009 1493 1036 secus
1515 1010 1606 1036 esse
1626 996 1774 1037 existi—

346 1062 510 1094 matum
527 1070 535 1095 :
559 1053 665 1093 nihil
683 1053 866 1107 denique
885 1051 1228 1106 praejudicatum.
1247 1062 1338 1093 tum
1360 1053 1658 1093 auctoritatem
1677 1067 1775 1094 cen-

347 1125 490 1151 sorum
513 1110 813 1166 6amplexato:
846 1118 938 1149 tum
969 1109 1137 1149 illorum
1161 1109 1376 1163 judicium
1397 1124 1495 1150 curn
1528 1124 1570 1149 re
1593 1109 1773 1164 conjun-

263 1176 334 1210 1⁶25
348 1177 463 1208 ctum
495 1181 586 1207 esse
616 1166 852 1207 defendito.
915 1165 1030 1206 Dum
1062 1180 1161 1206 vero
1191 1180 1288 1206 eum
1322 1166 1451 1206 fuisse
1485 1166 1776 1222 Oppianicum

346 1224 576 1274 constabit,
598 1224 669 1278 qui
694 1223 859 1263 tabulas
882 1223 1074 1278 publicas
1098 1223 1322 1278 municipii
1355 1223 1417 1263 sui
1440 1223 1678 1279 corrupisse
1701 1223 1774 1278 ju-

344 1281 511 1322 dicatus
551 1281 630 1322 sit:
663 1281 736 1335 qui
774 1289 1077 1320 testamentum
1113 1279 1398 1321 interleverit:
1431 1280 1519 1335 qui,
1553 1280 1775 1335 supposita

342 1352 536 1394 persona,
576 1337 728 1378 falsum
770 1346 1073 1377 testamentum
1111 1336 1427 1391 obsignandum
1465 1337 1647 1378 curarit:
1699 1337 1772 1392 qui

341 1410 455 1445 eum,
491 1394 613 1449 cujus
653 1394 826 1435 nomine
867 1393 908 1434 id
941 1393 1218 1449 obsignatum
1260 1402 1337 1444 est,
1377 1393 1662 1435 interfecerit:
1699 1394 1773 1449 qui

343 1451 601 1493 avunculum
625 1451 700 1491 filii
724 1452 786 1491 sui
810 1452 852 1490 in
876 1451 1079 1490 servitute
1101 1465 1151 1491 ac
1173 1450 1353 1491 vinculis
1375 1451 1562 1492 necarit:
1585 1451 1658 1505 qui
1680 1466 1774 1492 mu-

344 1509 509 1565 nicipes
532 1523 629 1549 suos
661 1507 986 1563 proscribendos
1009 1507 1350 1561 occidendosque
1372 1507 1554 1548 curarit:
1586 1508 1658 1562 qui
1681 1508 1773 1563 ejus

305 1573 337 1603 b·
351 1580 542 1615 uxorem,
562 1580 688 1620 quem
710 1565 938 1614 occiderat,
958 1564 1001 1604 in
1023 1564 1343 1604 matrimonium
1361 1563 1552 1607 duxerit:
1577 1565 1676 1618 7qui
1701 1579 1773 1620 pe-

341 1624 512 1663 cuniam
540 1637 617 1678 pro
640 1622 816 1677 potione
845 1621 1033 1662 dederit:
1065 1621 1138 1675 qui
1171 1635 1354 1670 socrum,
1376 1620 1448 1674 qui
1483 1634 1675 1671 uxorem,
1697 1622 1769 1675 qui

341 1694 428 1720 uno
451 1690 642 1735 tempore
674 1679 815 1719 fratris
848 1692 1041 1727 uxorem,
1072 1687 1347 1732 speratosque
1377 1677 1547 1727 liberos,
1576 1676 1771 1718 fratrem·

341 1751 424 1792 que
446 1737 600 1791 ipsum,
622 1736 696 1791 qui
718 1735 901 1789 denique
932 1749 1029 1774 suos
1059 1734 1214 1775 liberos
1246 1733 1531 1774 interfecerit:
1562 1734 1652 1788 qui,
1673 1749 1772 1784 cum

342 1808 553 1834 venenum
576 1792 774 1848 privigno
796 1806 872 1832 suo
894 1800 1117 1846 quaereret,
1140 1790 1368 1831 manifesto
1387 1790 1444 1830 sit
1460 1790 1769 1845 deprehensus:

341 1850 408 1905 cuj
418 1865 464 1890 us
486 1849 690 1890 ministris
711 1848 980 1902 consciisque
1001 1848 1227 1898 damnatis,
1249 1847 1341 1902 ipse
1362 1847 1570 1888 adductus
1592 1847 1634 1888 in
1651 1848 1770 1902 Judi-

340 1907 455 1948 cium
475 1907 699 1962 pecuniam
715 1905 854 1960 judici
868 1905 1032 1945 dederit
1050 1905 1102 1945 ad
1123 1904 1561 1959 seiitentiasjudicum
1581 1918 1751 1945 corrum

340 1965 524 2021 pendas:
555 1964 655 2004 dum
690 1963 798 2012 haec,
829 1962 1017 2016 inquam,
1039 1962 1092 2002 de
1120 1961 1365 2017 Oppianico
1387 1961 1660 2010 constabunt,
1690 1975 1770 2003 nec

339 2021 456 2061 nullo
493 2029 746 2076 argumento
785 2019 1053 2060 Cluentianae
1096 2019 1289 2074 pecuniae
1329 2018 1489 2058 crimen
1533 2018 1767 2059 tenebitur:

339 2078 441 2133 quid
468 2087 546 2128 est,
577 2077 692 2133 quod
724 2086 765 2117 te
794 2076 876 2117 ista
905 2075 1098 2116 censoria
1127 2076 1245 2115 8sive
1275 2074 1470 2116 voluntas
1503 2074 1593 2115 sive
1621 2074 1768 2130 opinio

337 2220 372 2249 in
395 2219 498 2249 altero
514 2218 659 2248 membro
675 2217 822 2248 additur:
846 2217 897 2247 sin
919 2221 1030 2246 aulem

337 2262 421 2301 quod
440 2261 656 2300 ,ςιιόςι-νίρίιιηιΥ
673 2264 730 2295 est,
751 2260 828 2298 quia
849 2269 962 2288 verum
985 2262 1031 2287 est

338 2304 396 2333 &c.
441 2303 567 2333 Deinde
591 2302 671 2332 mihi
692 2302 770 2341 quid
790 2302 900 2339 agatis
921 2310 1030 2340 suspe-

337 2350 428 2375 ctum
449 2348 515 2374 est:
541 2354 617 2374 nam
633 2353 708 2374 cum
728 2353 766 2373 co
790 2352 855 2372 non
877 2342 1031 2372 convenit

337 2397 387 2416 we.
405 2396 463 2416 nec
480 2396 635 2424 umquam
658 2385 754 2416 aliter
769 2390 818 2414 est
839 2384 925 2423 apud
940 2384 1030 2414 Cice—

339 2439 451 2458 ronem
475 2433 533 2458 aut
556 2428 648 2464 alios,
664 2437 760 2466 quam
780 2427 893 2462 videte,
909 2436 948 2455 ne
971 2427 1029 2455 δερ.

339 2470 454 2509 Itaque
475 2474 531 2499 aut
554 2469 728 2499 delendum
743 2469 822 2508 quid
833 2469 955 2507 agatis,
973 2472 1031 2499 aut

337 2512 549 2552 repetendum
566 2512 678 2541 videte.

379 2555 399 2584 (ἶ
425 2553 642 2593 amplerawr]
672 2552 789 2592 cheri
819 2553 852 2581 in
879 2551 1030 2580 omnibus

337 2595 406 2625 edd.
425 2606 471 2635 pr.
491 2600 610 2636 praeter
632 2596 726 2626 Rom.
750 2598 783 2623 ct
807 2593 860 2623 ΒΓ.
881 2602 951 2631 quae
974 2592 1030 2622 ha-

337 2638 415 2667 bent
439 2639 635 2676 amplarum,
656 2641 694 2666 ut
716 2635 839 2675 profert
862 2635 938 2664 hinc
964 2634 1031 2663 Pri-

336 2680 464 2710 scinnus
489 2680 525 2709 L.
549 2678 641 2708 Vlll.
671 2677 755 2707 unde
783 2677 904 2716 recepit
929 2675 1026 2706 Lam-

335 2722 444 2757 binus,
480 2722 631 2750 imitante
659 2719 796 2754 Graevio.
840 2720 923 2748 Sane
963 2719 1030 2748 Pri-

334 2763 677 2793 scianitestiunmiimn
701 2771 797 2800 grave
811 2764 870 2790 cst.
916 2760 1028 2790 Libra—

336 2806 374 2835 rii
399 2805 559 2845 putabant
581 2814 647 2833 esse
671 2803 836 2837 vitiosum,
855 2808 884 2833 et
907 2804 1027 2841 ample-

335 2852 432 2876 xator
445 2847 616 2886 scripsere:
643 2846 755 2883 ltaque
778 2846 961 2883 amplexato
981 2854 1028 2874 re-

335 2890 472 2921 stituere
489 2897 555 2919 non
569 2887 695 2917 dubitur
705 2888 725 2917 i.

1114 2219 1132 2248 7
1155 2224 1184 2254 q.
1203 2216 1381 2254 pecuniam
1398 2225 1461 2255 pro
1476 2215 1604 2255 potione
1626 2214 1765 2254 dederit]

1074 2256 1145 2287 Pro
1164 2259 1292 2296 potione
1313 2257 1437 2287 habent
1450 2257 1520 2288 edd.
1535 2261 1614 2287 vett.
1630 2266 1767 2287 consen-

1073 2309 1128 2328 su:
1154 2299 1248 2338 idque
1275 2300 1403 2329 restitui
1430 2309 1488 2339 pro
1512 2299 1684 2329 recentiori
1700 2309 1765 2338 pro

1073 2341 1248 2377 abortione,
1271 2350 1344 2380 quae
1365 2347 1414 2370 est
1435 2341 1541 2379 glossa
1561 2351 1600 2371 ex
1621 2350 1688 2371 uno
1703 2341 1767 2371 Ms.

1074 2384 1106 2412 S.
1129 2383 1270 2413 Victoris
1295 2393 1314 2413 a
1338 2382 1497 2413 Lambino
1526 2382 1670 2413 inducta.
1715 2383 1768 2413 Sic

1072 2435 1171 2464 supra
1190 2426 1304 2464 poculo
1328 2424 1475 2455 additum
1503 2425 1625 2454 mortis.
1654 2423 1710 2454 ubi
1738 2435 1767 2455 v.

1074 2467 1244 2497 Pott'onem
1267 2466 1459 2506 simpliciter
1481 2466 1543 2496 dici
1568 2465 1607 2495 de
1633 2466 1767 2505 potione

1073 2515 1246 2543 venenata,
1274 2509 1372 2538 etiam
1405 2507 1541 2543 medica,
1569 2505 1620 2537 vel
1646 2507 1768 2540 Lexica

1073 2550 1204 2586 docent,
1228 2554 1261 2580 et
1287 2550 1404 2590 passim
1429 2550 1622 2588 interpretes
1646 2549 1766 2580 latino-

1073 2602 1145 2622 rum
1180 2592 1376 2631 scriptorum
1412 2590 1548 2621 docent:
1585 2596 1684 2630 atque
1720 2593 1765 2622 sic

1072 2643 1169 2674 supra
1184 2633 1264 2663 dixit
1282 2634 1394 2665 Cicero
1408 2643 1433 2664 e.
1449 2636 1458 2663 1
1472 2637 1497 2664 Ι.
1749 2664 1759 2667 ἢ

1115 2679 1132 2706 8
1155 2677 1219 2705 sine
1240 2677 1300 2705 vol.
1323 2675 1388 2705 sive
1411 2676 1514 2713 opinio
1525 2672 1616 2714 fuit]
1642 2674 1764 2705 Delen-

1072 2717 1148 2747 dum
1178 2722 1226 2747 cst
1246 2716 1335 2756 fuit,
1364 2717 1439 2755 quia
1462 2717 1605 2748 censoria
1633 2716 1762 2748 nullum

1072 2759 1119 2789 ita
1140 2759 1381 2788 substantivum
1404 2758 1514 2795 habet,
1538 2757 1579 2788 ad
1606 2758 1691 2796 quod
1715 2769 1764 2789 rc-

1072 2802 1204 2831 seratur.
1248 2800 1311 2830 Res
1337 2802 1386 2830 est
1405 2800 1534 2831 evidens
1560 2804 1593 2830 et
1618 2809 1763 2832 necessa-

1071 2846 1135 2874 ria.
1160 2843 1269 2882 itaque
1284 2842 1329 2872 sie
1343 2842 1415 2872 feci.
1466 2851 1468 2853 ’
