1907 3231
292 145 367 183 50⁶3
890 140 1138 179 ORATIO

293 246 467 288 fortuna
488 245 765 302 reipublicae?
797 245 951 296 Civile,
971 244 1241 294 Africanum,
1262 240 1610 299 Transalpinum,
1634 241 1740 284 His-s

293 305 513 361 paniense,
533 305 772 345 42mixtum
798 318 852 344 ex
875 301 1126 344 civitatibus
1156 311 1285 356 atque
1315 315 1369 342 ex
1402 300 1738 341 bellicosissimis

294 363 561 411 nationibus,
583 361 748 411 servile,
781 359 929 401 navale
963 358 1135 408 bellum,
1158 358 1275 398 varia
1296 367 1340 399 et
1368 358 1538 400 diversa
1568 371 1741 414 genera,

297 428 342 460 et
371 419 573 461 bellorum
598 428 642 460 et
674 419 877 468 hostium,
900 430 985 455 non
1017 413 1155 455 solum
1188 424 1310 471 gesta
1338 416 1394 456 ab
1423 415 1509 457 hoc
1539 430 1643 465 uno,
1665 414 1748 456 sed*

300 478 429 518 etiam
458 477 671 524 confecta,
700 475 860 515 nullam
890 486 978 513 rem
1009 486 1101 513 esse
1129 471 1362 524 declarant,
1384 474 1429 514 in
1456 488 1535 514 usu
1564 472 1743 514 militari

303 537 504 591 positam,
527 549 622 589 quae
646 531 774 586 hujus
797 531 876 571 viri
899 530 1125 571 scientiam
1148 529 1297 586 fugere
1319 530 1470 585 possit.

227 593 287 640 11
360 592 387 634 J
393 607 460 633 am
486 606 583 632 vero
608 588 755 630 virtuti
781 588 862 629 Cn.
889 587 1087 643 Pompeii
1107 602 1206 642 quae
1237 596 1382 643 potest
1410 602 1488 643 par
1516 587 1657 629 oratio
1677 587 1744 629 in-

241 666 292 700 ‹29
308 651 468 691 veniri?
498 648 600 703 quid
624 655 701 696 est,
723 645 839 701 quod
861 645 1088 701 quisquam
1112 654 1186 685 aut
1213 645 1394 700 dignum
1415 645 1502 695 illo,
1525 655 1600 686 aut
1619 645 1746 686 vobis

304 722 479 756 novum,
503 714 575 746 aut
597 704 797 759 cuiquam
821 703 1063 744 inauditum
1087 703 1224 758 possit
1245 702 1424 743 afferre?
1456 703 1610 758 Neque
1629 702 1747 743 enim

304 764 388 805 illae
421 772 518 803 sunt
541 761 643 803 solae
675 761 854 802 virtutes
887 760 1191 816 imperatoriae,
1212 775 1310 816 quae
1341 759 1473 816 vulgo
1495 760 1749 801 existiman-

302 830 386 872 tur,
415 821 536 862 labor
573 820 617 861 in
654 819 847 874 negotio,
883 817 1094 859 fortitudo
1128 818 1171 859 in
1208 817 1423 874 periculiS‚
1458 816 1748 859 industriam

303 879 487 934 agendo,
509 877 703 919 celeritas
735 877 777 917 in
810 876 1098 926 conficiendo,
1119 876 1347 917 consilium
1378 874 1423 915 in
1454 874 1748 931 providendo:

304 951 401 990 quae
425 946 545 977 tanta
568 944 666 976 sunt
689 934 732 974 in
756 935 838 975 hoc
860 948 963 984 uno,
985 943 1147 989 quanta
1168 934 1212 974 in
1234 933 1436 974 omnibus
1467 932 1642 988 reliquis
1667 932 1751 973 im-

309 995 592 1049 peratoribus,
614 1006 722 1047 quos
746 1000 820 1032 aut
843 991 1043 1041 vidimus,
1066 1000 1140 1031 aut
1169 991 1428 1041 audivimus,
1450 1005 1537 1031 non
1560 989 1751 1031 fuerunt.

244 1061 297 1094 30
308 1050 448 1092 Testis
469 1060 533 1091 est
567 1050 706 1100 Italia,
728 1063 857 1104 quam
889 1048 959 1089 ille
990 1049 1081 1105 ipse
1104 1048 1257 1099 victor,
1282 1048 1330 1089 L.
1355 1048 1486 1099 Sulla,
1516 1047 1646 1104 hujus
1665 1047 1752 1088 vir-

309 1118 400 1149 tute
433 1119 477 1149 et
510 1107 702 1149 subsidio
733 1106 955 1147 confessus
983 1115 1049 1146 est
1078 1105 1318 1147 liberatam.
1350 1106 1470 1146 testis
1492 1115 1558 1146 est
1589 1105 1753 1155 Sicilia,

306 1180 436 1221 quam
468 1166 613 1206 multis
647 1164 836 1219 undique
867 1165 1056 1205 cinctam
1088 1164 1302 1220 periculis,
1332 1177 1417 1203 non
1446 1171 1606 1204 terrore
1638 1161 1753 1213 belli,

307 1224 380 1264 sed
403 1223 622 1264 celeritate
644 1222 829 1272 consilii,
851 1221 1102 1278 explicavit.
1127 1221 1247 1262 testis
1269 1228 1334 1262 est
1357 1219 1521 1271 Africa,
1541 1235 1639 1276 quae
1661 1234 1753 1261 ma-

306 1281 402 1337 gnis
426 1295 631 1338 oppressa
655 1279 846 1321 hostium
869 1280 1021 1336 copiiS,
1044 1293 1192 1320 eorum
1225 1279 1417 1334 ipsorum
1449 1279 1659 1335 sanguine
1686 1291 1754 1318 re-

306 1339 531 1380 dundavit.
565 1338 686 1379 testis
710 1348 775 1378 est
798 1337 954 1387 Gallia,
978 1351 1053 1393 per
1083 1351 1211 1392 quam
1246 1335 1488 1393 legionibus
1518 1336 1678 1378 nostris
1708 1334 1756 1376 in

308 1396 569 1453 Hispaniam
601 1396 695 1444 iter,
721 1395 943 1436 Gallorum
976 1395 1270 1435 internecione
1301 1393 1568 1450 patefactum
1589 1402 1669 1435 est.
1692 1400 1757 1433 te-

307 1455 384 1495 stis
416 1464 479 1495 est
513 1453 742 1509 Hispania,
770 1468 867 1508 quae
903 1451 1139 1508 saepissime
1169 1451 1376 1508 plurimos
1410 1451 1555 1492 hostes
1587 1453 1643 1493 ab
1670 1450 1757 1491 hoc

309 1521 546 1567 superatos·
565 1520 886 1567 prostratosque
908 1509 1151 1566 conspexit.
1184 1509 1305 1550 testis
1328 1519 1393 1550 est
1423 1509 1580 1550 iterum
1602 1518 1647 1550 et
1675 1523 1758 1550 sae-

309 1569 407 1626 pius
433 1568 572 1618 Italia,
596 1583 708 1623 quae,
731 1583 829 1609 cum
853 1567 993 1608 servili
1030 1567 1138 1608 bello
1161 1576 1288 1608 taetro
1311 1566 1640 1623 periculosoque
1661 1580 1758 1622 pre-

309 1637 512 1677 meretur,
537 1627 591 1666 ab
626 1628 707 1666 hoc
738 1625 947 1666 auxilium
979 1626 1156 1666 absente
1177 1625 1415 1680 expetivit:
1447 1625 1563 1679 quod
1597 1624 1758 1666 bellum

312 1684 639 1741 exspectatione
675 1682 875 1739 Pompeii
905 1691 1174 1724 attenuatum
1204 1693 1334 1738 atque
1367 1682 1646 1723 imminutum
1675 1692 1757 1731 est,

251 1759 299 1793 31
315 1742 502 1782 adventu
536 1740 752 1781 sublatum
785 1756 835 1782 ac
873 1740 1103 1796 sepultum.
1164 1739 1312 1780 Testes
1348 1753 1450 1779 vero
1477 1739 1573 1795 jam
1609 1753 1758 1780 omnes

201 1817 234 1848 p.
254 1812 301 1839 10.
315 1814 417 1850 orae,
437 1809 566 1854 atque
587 1812 737 1839 omnes
756 1808 918 1839 exterae
941 1807 1092 1854 gentes
1115 1812 1164 1838 ac
1186 1797 1399 1848 nationes,
1417 1797 1604 1852 denique
1624 1797 1762 1838 maria

272 1857 475 1907 a·omnia,
498 1866 589 1897 tuni
613 1856 825 1905 universa,
846 1858 886 1887 43
901 1866 991 1896 tum
1021 1856 1064 1896 in
1097 1854 1277 1912 singulis
1299 1869 1448 1895 omnes
1481 1855 1599 1896 sinus
1630 1863 1760 1910 atque

312 1924 477 1971 portus.
541 1914 651 1961 Quis
674 1915 787 1954 enim
812 1922 906 1954 toto
928 1913 1034 1954 mari
1058 1913 1177 1954 locus
1203 1927 1277 1969 per
1308 1912 1386 1953 hos
1408 1927 1543 1953 annos
1574 1922 1651 1954 aut,
1670 1921 1760 1954 tam

312 1973 487 2013 firmum
508 1972 661 2012 habuit
684 1971 948 2028 praesidium,
968 1980 1016 2011 ut
1036 1980 1155 2011 tutus
1177 1979 1303 2021 esset,
1325 1979 1400 2011 aut
1422 1979 1511 2011 tam
1533 1969 1618 2011 fuit
1638 1969 1762 2019 abdi..

313 2040 397 2081 tus,
421 2039 466 2071 ut
490 2029 667 2071 lateret?
701 2029 811 2076 Quis
843 2029 1081 2084 navigavit,
1103 2028 1175 2083 qui
1208 2043 1295 2069 non
1329 2042 1371 2069 se
1402 2037 1477 2068 aut
1503 2027 1653 2069 mortis
1686 2037 1762 2069 aut

314 2088 534 2128 servitutis
559 2086 749 2143 periculo
771 2087 1078 2137 committeret,
1101 2100 1200 2127 cum
1223 2094 1298 2127 aut
1328 2085 1484 2136 hieme,
1507 2094 1582 2127 aut
1602 2084 1760 2127 referto

314 2145 571 2201 praedonum
594 2145 700 2185 mari
724 2145 974 2201 navigaret?
1008 2144 1109 2185 Hoc
1129 2153 1296 2185 tantum
1321 2142 1494 2194 bellum,
1512 2153 1598 2184 tam
1622 2152 1762 2198 turpe,

316 2212 406 2243 tam
439 2212 576 2252 vetus,
612 2213 696 2243 tam
731 2202 815 2243 late
847 2202 1049 2253 divisum,
1082 2213 1212 2257 atque
1253 2201 1507 2256 dispersum,
1539 2200 1636 2256 quis
1669 2215 1764 2242 um-

319 2275 449 2316 quam
471 2260 750 2301 arbitraretur
773 2269 846 2300 aut
867 2260 922 2300 ab
944 2259 1146 2300 omnibus
1174 2259 1505 2315 imperatoribus
1527 2273 1613 2313 uno
1635 2272 1764 2309 anno,

258 2327 308 2361 32
322 2322 396 2358 aut
417 2318 618 2359 omnibus
641 2317 763 2358 annis
785 2318 839 2358 ab
863 2332 949 2358 uno
972 2317 1231 2373 imperatore
1252 2315 1409 2358 confici
1434 2318 1585 2372 posse?
1618 2314 1763 2363 Quam

320 2376 590 2433 provinciam
609 2374 807 2416 tenuistis
826 2390 851 2416 a
868 2374 1146 2431 praedonibus
1164 2374 1343 2416 liberam
1362 2388 1438 2431 per
1456 2374 1586 2415 hosce
1603 2375 1764 2414 annos?

360 2518 402 2546 49
425 2517 568 2546 mixtum
581 2525 621 2545 ezr
636 2517 696 2546 civ.
720 2520 818 2554 arque
831 2524 871 2544 esc
886 2515 956 2545 bell.
972 2515 1019 2555 n.]

319 2557 466 2588 Gravius
493 2559 627 2593 corrig-it
654 2558 788 2591 civibus,
815 2557 917 2587 ductu
942 2558 1021 2588 Mss.

320 2602 376 2639 qui
413 2600 535 2631 habent
564 2601 730 2630 civilibus.-
770 2599 856 2639 quod
894 2601 928 2630 in
964 2600 1022 2630 illo

322 2642 408 2672 bello
431 2643 618 2673 Sertoriano
643 2645 743 2673 etiam
767 2643 851 2672 cives
874 2642 907 2671 in
931 2653 1022 2672 ezei·—

321 2685 390 2714 citu
418 2686 520 2721 fuere,
547 2691 581 2715 et
610 2685 760 2716 civitates
786 2695 804 2715 a
830 2685 1020 2714 nationibus

322 2736 389 2757 non
404 2728 568 2757 differunt.
615 2727 677 2757 Sed
695 2733 831 2767 propter
852 2727 925 2757 illos
942 2737 1021 2766 pau-

320 2779 376 2798 cos
403 2770 488 2799 cives
516 2770 612 2800 Rom.
640 2770 696 2808 qui
726 2771 761 2799 in
789 2769 847 2799 illo
875 2770 1021 2800 exercitu

320 2811 426 2849 fuere,
463 2821 529 2842 non
565 2812 683 2842 dixerit
719 2812 847 2847 Cicero,
883 2812 1020 2842 mistum

321 2854 420 2884 fuisse
443 2854 563 2884 bellum
587 2864 605 2883 e
627 2855 750 2884 civibus
771 2859 806 2883 et
830 2853 1021 2884 nationibus

323 2895 353 2928 b.
398 2896 441 2927 Et
463 2896 637 2928 addidisset
659 2897 773 2937 utique
789 2895 957 2928 Romanis.
974 2897 1019 2930 ci-

1065 2516 1185 2546 vitates
1217 2519 1330 2546 autem
1358 2519 1393 2545 et
1418 2515 1571 2545 nationes
1597 2513 1766 2546 differunt.

1065 2557 1143 2588 Non
1167 2558 1255 2588 enim
1279 2567 1393 2588 omnes
1419 2558 1572 2588 nationes
1595 2557 1765 2588 civitatem

1066 2601 1289 2636 constituunt,
1326 2604 1365 2630 ut
1399 2599 1560 2636 barbarae,
1587 2608 1662 2640 quae
1691 2600 1766 2630 sine

1066 2641 1192 2680 legibus
1216 2649 1248 2673 et
1275 2642 1416 2682 imperio
1441 2647 1556 2682 agunt.
1599 2641 1687 2673 Mox
1704 2643 1767 2674 bel-

1067 2687 1137 2715 lum.
1151 2685 1287 2716 sustulit
1301 2684 1394 2715 Man.
1636 2688 1639 2691 '

1106 2731 1148 2759 43
1171 2732 1242 2758 tum
1265 2729 1300 2758 in
1323 2728 1464 2766 singulis
1483 2727 1562 2767 oris]
1590 2727 1680 2758 Bene
1698 2727 1767 2757 oris

1064 2769 1184 2801 delevit
1212 2770 1373 2806 Graevius,
1401 2774 1535 2800 auctore
1568 2769 1650 2800 Ood.
1677 2768 1766 2800 pith.

1066 2812 1228 2860 Sjngule's·
1242 2812 1383 2860 refertur
1407 2813 1448 2844 ad
1470 2812 1586 2849 maria,
1607 2818 1643 2843 et
1663 2821 1765 2854 oppo-

1064 2861 1157 2887 nitur
1169 2864 1341 2886 maz-erscs.
1755 2874 1760 2879 -
