1907 3231
569 101 687 141 PRO
713 100 760 140 L.
785 100 1060 142 MURENA.
1465 104 1541 146 ¹721

101 213 338 261 oporteret,
359 205 703 248 consisteremus.
766 205 888 248 Nihil
906 205 1138 262 ignoveris.
1200 205 1342 248 Immo
1363 205 1541 262 aliquid,

101 276 191 303 non
226 265 386 306 omnia.
449 265 570 306 Nihil
602 264 753 320 gratiae
787 278 915 305 causa
947 263 1112 304 feceris.
1175 262 1315 305 Immo
1352 265 1540 305 resistito

101 320 270 374 gratiae,
312 337 410 363 cum
453 321 646 362 officium
688 331 731 362 et
772 323 877 363 fides
925 320 1174 377 postulabit.
1235 320 1541 363 Misericordia

99 388 345 420 commotus
376 393 430 419 ne
462 379 533 419 sis.
595 378 740 420 Etiam
755 396 770 431 ;.
804 380 846 419 in
877 378 1148 420 dissolvenda
1179 379 1429 420 severitate:
1464 378 1538 420 sed

98 441 245 477 tamen
279 445 344 477 est
381 436 471 476 laus
504 436 646 491 aliqua
684 436 977 478 humanitatis.
1040 435 1090 476 In
1123 436 1335 475 sententia
1368 450 1535 490 perma-

97 501 215 533 neto.
276 493 410 545 Vero;
439 494 518 534 nisi
547 495 849 535 ¹0sententia1n
868 494 951 535 alia
973 493 1123 534 vicerit
1142 491 1305 533 melior.
1368 492 1533 548 Hujus-
1546 500 1598 536 66

95 549 265 590 cem-odi
298 549 447 606 Scipio
478 551 548 592 ille
571 551 670 603 fuit,
691 566 819 607 quem
851 566 937 593 nou
970 551 1214 607 poenitebat
1238 548 1376 590 facere
1407 550 1536 601 idem,

95 606 211 660 quod
235 615 306 649 tu:
341 607 498 649 habere
522 609 858 650 eruditissimum
886 609 1120 660 hominem,
1151 611 1244 648 llet
1275 620 1398 663 paeue
1428 607 1539 647 divi-

94 676 199 703 num
230 664 374 707 domi:
407 666 531 721 cujus
554 667 750 708 oratioue
778 676 823 707 et
852 666 1096 723 praeceptiS,
1124 679 1386 721 quamquam
1415 673 1538 705 erant

93 720 244 761 eadem
267 722 364 774 ista,
385 738 483 778 quae
507 734 548 764 te
570 723 799 773 delectant,
821 734 963 764 tamen
981 724 1171 779 asperior
1190 737 1273 763 non
1293 731 1357 763 est
1380 721 1534 774 factus,

93 777 167 818 sed
185 782 254 831 (ut
282 781 430 836 accepi
456 796 482 821 a
513 782 706 832 senibus)
729 782 983 822 lenissimus.
1046 781 1155 828 Quis
1185 795 1285 820 vero
1319 779 1370 820 C.
1399 779 1534 821 Laelio

91 836 287 880 comior?
324 839 420 892 quis
448 837 700 893 jucundior,
733 839 886 879 eodem
916 853 971 879 ex
1003 839 1146 879 studio
1179 839 1288 879 isto?
1330 837 1425 891 quis
1459 836 1532 878 illo

91 894 292 954 gravior?
324 895 587 951 sapientior?
641 896 822 936 Possum
854 896 906 937 de
932 896 979 937 L.
1007 896 1226 952 Philippo,
1247 895 1299 936 de
1324 894 1375 935 C.
1403 894 1531 935 Gallo

89 948 234 991 dicere
271 951 366 993 haec
406 953 581 995 eadem:
621 954 691 995 sed
731 962 772 994 te
810 954 987 994 domuin
1018 953 1112 1009 jam
1151 953 1361 994 deducam
1397 960 1529 993 tuam.

90 1005 424 1064 Quemquamne
459 1011 682 1052 existimas
722 1011 904 1062 Catone,
938 1025 1098 1067 proavo
1133 1020 1223 1061 tuo,
1261 1010 1531 1051 commodio-

41 1092 44 1100 Δ
88 1077 194 1116 rem,
229 1067 530 1119 ¹2comiorem,
564 1069 893 1110 moderatiorem
929 1069 1074 1120 fuisse,
1105 1069 1158 1109 ad
1190 1082 1362 1108 omnem
1398 1067 1662 1113 rat.io-p.14o,

87 1134 189 1163 nem
228 1122 538 1168 humanitatis?
580 1128 633 1168 de
670 1127 793 1182 cujus
833 1128 1056 1183 13raestanti
1093 1127 1252 1167 virtute
1293 1139 1392 1166 cum
1430 1126 1570 1166 verea·

86 1180 363 1238 graviterque
393 1183 572 1234 diceres,
607 1185 894 1226 domesticum
927 1193 969 1224 te
1008 1184 1165 1225 habere
1196 1183 1347 1224 dixisti
1381 1196 1531 1223 exem-

87 1236 204 1291 plum
229 1240 282 1281 ad
302 1241 576 1283 imitandum.
638 1242 716 1283 Est
738 1242 838 1283 illud
863 1242 1038 1297 quidem
1057 1240 1304 1296 exemplum
1328 1240 1407 1280 tibi
1431 1255 1531 1296 pro-

85 1295 278 1349 positum
311 1298 455 1341 domi:
496 1300 569 1341 sed
604 1309 747 1341 tamen
780 1308 944 1340 uaturae
979 1299 1216 1340 similitudo
1255 1297 1367 1338 illius
1400 1299 1452 1338 ad
1487 1306 1530 1339 te

83 1353 238 1409 magis,
262 1356 336 1411 qui
359 1357 412 1397 ab
433 1356 504 1397 illo
524 1367 644 1399 ortus
665 1373 724 1408 es,
741 1373 869 1412 quam
886 1358 939 1399 ad
956 1369 1308 1412 unumquemque
1330 1354 1526 1396 nostrum

84 1412 310 1464 pervenire
334 1415 500 1469 potuit:
533 1416 585 1456 ad
609 1416 866 1456 imitandum
892 1430 991 1455 vero
1015 1426 1100 1456 tam
1126 1413 1231 1454 mihi
1256 1413 1527 1469 propositum

83 1469 305 1525 exemplar
329 1471 432 1513 illud
463 1482 542 1523 est,
564 1488 694 1528 quam
726 1473 819 1513 tibi.
881 1473 981 1523 Sed,
1004 1473 1037 1512 si
1069 1471 1178 1512 illius
1204 1470 1454 1512 comitatem
1482 1479 1527 1511 et

81 1524 333 1568 facilitatem
358 1537 444 1571 tuae
467 1531 670 1583 gravitati
695 1530 999 1585 severitatique
1020 1528 1302 1584 adsperseris:
1335 1542 1422 1568 non
1442 1527 1525 1568 ista

81 1583 255 1637 quidem
288 1596 414 1627 erunt
447 1587 637 1639 meliora,
676 1602 774 1643 quae
808 1602 923 1628 nunc
957 1597 1057 1628 sunt
1085 1587 1266 1642 optima,
1300 1586 1373 1626 sed
1407 1595 1524 1626 certe

78 1641 524 1697 eonditajucundius.

139 1698 300 1751 Quare,
330 1710 377 1741 ut
413 1701 466 1742 ad
504 1702 562 1752 id,
598 1701 715 1756 quod
748 1700 932 1752 institui,
967 1709 1169 1751 revertar,
1205 1699 1307 1741 tolle
1348 1699 1455 1740 mihi
1497 1706 1603 1755 e32

75 1769 207 1796 causa
236 1772 395 1799 nomen
434 1759 634 1801 Catonis:
674 1773 847 1800 remove
879 1774 928 1800 ac
966 1758 1250 1815 praetermitte
1287 1758 1584 1817 auctorita-67

78 1821 181 1865 tem,
204 1829 301 1869 quae
328 1816 371 1857 in
394 1816 574 1871 judiciis
597 1815 671 1858 aut
696 1816 802 1857 nihil
833 1817 990 1867 valere,
1006 1825 1081 1857 aut
1105 1816 1157 1857 ad
1181 1815 1362 1856 salutem
1391 1815 1522 1856 debet

75 1870 240 1913 valere:
277 1874 540 1931 congredere
570 1889 739 1916 mecum
775 1874 1029 1915 criminibus
1061 1874 1179 1929 ipsis.
1242 1872 1361 1919 Quid
1394 1887 1523 1913 accu-

1367 1928 1523 1970 Ambi-

77 1942 159 1980 saS,
187 1928 326 1973 Cato?
358 1932 461 1987 quid
491 1932 617 1973 affers
648 1933 690 1973 in
717 1932 964 1987 judicium?
995 1932 1098 1987 quid
1129 1930 1307 1986 arguis?

77 1995 170 2027 tum
200 1992 405 2031 accusas?
443 2004 530 2030 non
567 1990 767 2031 defendo.

74 2043 319 2097 defendam,
342 2048 458 2102 quod
486 2048 580 2104 lege
603 2048 830 2104 punierim.

830 1989 908 2030 Me
940 1989 1230 2045 reprehendis,
1259 1987 1376 2042 quod
1406 1987 1521 2028 idem

895 2046 1051 2087 Punivi
1085 2046 1314 2096 ambitum,
1336 2059 1422 2085 non
1454 2045 1521 2085 in-

74 2104 338 2144 nocentiam.
381 2105 594 2147 ambitum
629 2120 728 2146 vero
768 2105 910 2161 ipsum
946 2104 1012 2145 vel
1046 2112 1189 2145 tecum
1220 2103 1449 2152 accusabo,
1471 2102 1520 2166 'si

73 2161 206 2202 voles.

69 2301 210 2376 genique
225 2304 259 2335 in
275 2303 338 2335 Ms.
358 2305 466 2336 Guelf.
510 2305 626 2346 Itaque
646 2305 692 2335 sic
707 2304 773 2336 edi-

94 2357 114 2376 1.

118 2391 155 2419 10
176 2391 373 2420 sententiam
388 2390 458 2420 alia
472 2401 503 2420 υ.
519 2389 580 2429 m.]
606 2389 685 2420 Mss.
701 2391 773 2428 qui-

70 2430 158 2468 dam,
190 2432 225 2461 in
248 2432 297 2462 his
320 2433 429 2463 Guelf.
452 2433 578 2464 addunt
599 2433 771 2463 sententia.

69 2473 142 2504 edd.
155 2478 235 2504 vett.
251 2476 399 2513 quaedam
416 2475 540 2505 habent
555 2475 629 2512 hoc,
644 2479 770 2505 senten-

68 2517 153 2546 tiam
175 2525 243 2546 non
259 2518 352 2549 item.
397 2518 430 2548 Si
447 2518 609 2548 sententia
632 2517 770 2547 addidis-

67 2563 119 2589 set
143 2559 269 2596 Cicero,
284 2562 367 2597 alia,
389 2566 427 2590 ut
449 2561 580 2601 opinor,
595 2559 769 2591 omisisset.

68 2600 166 2632 Forte
182 2608 358 2642 utrumque
373 2609 422 2634 est
439 2614 458 2634 a
470 2603 653 2643 glossarum
667 2603 770 2632 varie-

65 2646 149 2675 tate.
195 2644 255 2675 Ed.
271 2645 367 2677 Junt.
381 2648 481 2676 etiam
496 2647 559 2676 nisi
573 2645 770 2676 sententiam

67 2687 137 2716 alia
159 2686 268 2727 παρίοι·
282 2689 396 2720 vicerit
416 2689 589 2724 sententia,
605 2688 640 2717 in
652 2687 769 2727 quibus

67 2729 238 2770 perspicua
252 2736 302 2761 est
317 2731 505 2770 glossatoris
521 2740 650 2761 manus.
691 2730 769 2760 Bre—

66 2771 151 2802 vitas
177 2773 347 2811 aptissima
368 2775 445 2805 huic
470 2774 541 2805 loco
563 2774 665 2804 foret:
704 2773 769 2802 nisi

66 2815 180 2844 vicerit
195 2817 318 2846 melior.

109 2859 142 2887 ll
169 2861 199 2886 es·
207 2868 301 2897 pce-ne
315 2859 416 2901 domz]
432 2858 570 2891 Variant
579 2858 613 2891 h.
627 2858 651 2890 1.
663 2867 725 2890 scr.
734 2859 770 2888 et

125 2915 149 2941 V
158 2914 184 2942 O
194 2915 217 2942 L
224 2932 234 2944 .
256 2915 272 2944 1
281 2916 295 2943 1
304 2933 313 2943 .

269 2160 450 2216 Dixisti,
490 2163 925 2214 senatusconsultum,
958 2176 1028 2202 me
1064 2161 1291 2213 referente,
1327 2174 1420 2201 esse
1457 2162 1523 2201 ta-

815 2304 886 2335 edd.
909 2303 1051 2344 Quidam
1070 2302 1196 2333 addunt
1219 2302 1368 2332 divinum
1382 2313 1392 2330 .-
1413 2305 1522 2340 etpoe-

816 2357 856 2377 ne
871 2347 1020 2378 divinum
1035 2346 1131 2376 domi.
1165 2344 1230 2376 Alii
1245 2345 1406 2374 omittunt
1419 2343 1519 2380 domi,

815 2400 875 2430 pro
890 2399 954 2430 quo
968 2393 1095 2429 pugnat
1117 2388 1287 2418 Gruterus.
1308 2387 1455 2417 Graevius
1469 2396 1521 2416 re-

815 2433 925 2462 stituit
952 2433 1102 2462 divinum
1132 2429 1229 2461 domi.
1258 2434 1289 2459 ec
1310 2438 1405 2469 paene
1431 2429 1520 2459 domi

814 2484 881 2505 non
894 2484 972 2505 sane
988 2483 1102 2504 vemm
1122 2482 1191 2503 esse
1211 2473 1307 2502 credo
1323 2483 1329 2501 :
1354 2471 1473 2501 saltem
1484 2473 1518 2502 et

813 2517 950 2548 abesset.
997 2515 1092 2547 Edidi
1106 2520 1136 2546 et
1142 2524 1237 2555 poene
1251 2514 1399 2544 divinum
1414 2513 1515 2552 domi,

813 2565 852 2589 ut
873 2559 1043 2590 Graevius:
1072 2568 1132 2588 nec
1150 2564 1264 2588 tamen
1285 2561 1441 2597 praestem
1463 2556 1519 2586 do-

813 2612 870 2633 πα.

859 2647 896 2675 12
932 2641 1117 2681 comiorem]
1164 2640 1423 2672 Commum'orem
1457 2639 1516 2672 ha·

813 2686 893 2718 bent
904 2687 1036 2725 quidam
1059 2685 1138 2715 Mss.
1154 2684 1256 2716 etiam
1271 2683 1376 2714 Guelf.
1396 2694 1417 2714 a
1428 2693 1472 2714 m.
1486 2692 1517 2715 s»

814 2729 887 2759 edd:
909 2729 949 2760 R.
966 2729 1023 2760 Br.
1048 2727 1136 2758 Med.
1153 2727 1338 2767 recepitque
1353 2725 1513 2757 Graevius.

812 2772 859 2802 nil
876 2773 1024 2802 interest.
1039 2770 1117 2802 Post‘
1128 2769 1260 2809 quidem
1273 2768 1379 2801 eidem
1394 2768 1516 2800 Catoni

810 2815 931 2846 tribuit
943 2814 1140 2846 comitatem.

758 2904 838 2942 SA
