1907 3231
346 137 415 171 106
856 134 925 171 IN
965 133 1251 172 VERREM

388 237 584 286 pendorum
594 234 816 281 judiciorum
833 239 1082 274 consuetudine
1100 239 1258 280 timebat,
1278 239 1344 275 hac
1362 244 1440 276 tota
1458 239 1619 275 oratione
1637 239 1759 276 multis

392 290 498 325 minis
516 290 745 336 interpositis,
766 294 798 324 et
817 289 1060 331 Hortensium,
1079 296 1113 325 et
1138 291 1228 326 otios
1246 289 1417 336 ejusmodi
1444 291 1598 339 artifices
1620 296 1759 339 perter-

391 352 471 376 rere
487 345 633 376 conatus
650 346 724 376 est:
753 341 936 377 ostendens
961 352 998 376 se
1023 342 1216 377 admissum
1233 344 1379 379 dedecus
1405 344 1620 378 severissime
1641 354 1760 390 perse-

393 397 598 440 quuturum.
651 392 795 427 Deinde
819 404 897 427 cum
924 394 1105 428 senatoria
1124 391 1269 438 judicia
1301 393 1454 443 infamia
1484 394 1698 436 laborarent,
1726 398 1763 431 et

390 444 544 493 populus
569 445 727 491 equitum
745 441 889 489 judicia
914 455 1126 492 magnopere
1141 444 1347 494 flagitaret,
1367 447 1519 482 ostendit
1546 445 1637 482 hanc
1653 457 1762 482 unam

393 508 466 531 esse
493 495 547 531 vel
573 496 762 530 maximam
782 500 844 530 aut
869 507 911 530 ea
929 495 1131 536 amittendi,
1158 497 1190 531 si
1220 509 1256 532 se
1282 499 1460 546 corrumpi
1485 499 1663 537 sinerent5
1695 501 1760 534 aut

393 547 625 596 confirmandi
634 546 853 594 facultatem
873 550 907 581 et
925 546 1060 582 ordinis
1078 548 1248 583 invidiam
1266 547 1522 597 infamiamque
1539 547 1761 595 judiciorum

394 599 554 639 sedandi,
569 599 598 632 si
618 599 652 633 in
673 597 736 632 hoc·
744 596 898 643 judicto,
913 609 982 644 quo
995 600 1168 634 senatorii
1181 600 1315 634 ordinis
1332 601 1519 647 integritas
1536 599 1761 646 injudicium

395 654 555 690 vocatur,
573 650 796 685 seueritatem
813 655 847 685 et
875 649 1081 697 religionem
1109 654 1183 686 tam
1209 653 1313 698 gravi
1330 656 1365 687 et
1388 652 1522 688 delecto
1542 653 1689 689 consilio
1707 653 1762 689 di-

394 714 501 750 gnam
521 701 722 738 adhibeant.

305 797 331 842 l
351 773 562 850 QUOD
592 817 682 850 erat
712 808 946 872 optandum
977 809 1178 861 maxime,
1202 809 1386 866 judices,
1412 819 1455 852 et
1483 811 1598 867 quod
1629 825 1760 853 unum

316 866 333 899 l
349 865 400 907 ad
422 866 626 907 invidiam
648 864 774 907 vestri
798 865 972 916 ordinis,
995 866 1156 907 infami
1145 881 1297 923 amque
1320 867 1582 922 judiciorum
1613 868 1761 910 sedan-

346 922 459 973 dam,
499 923 685 963 maxime
725 923 990 978 pertinebat3
1042 922 1084 964 id
1124 938 1209 964 non
1245 913 1431 965 humano
1465 924 1658 976 consilio,
1690 925 1762 966 sed

379 994 479 1036 rope
499 980 702 1020 divinitus
723 980 870 1020 datum
891 988 1017 1034 atque
1039 979 1230 1021 oblatum
1254 981 1374 1021 vobis
1405 996 1570 1022 summo
1591 983 1762 1046 reipub-

345 994 439 1077 iicae
468 1046 657 1091 tempore
679 1035 857 1076 videtur.
920 1035 1178 1077 Inveteravit
1199 1037 1312 1078 enim
1337 1039 1427 1093 jam
1452 1038 1599 1094 opinio
1621 1038 1762 1095 perni-

346 1093 463 1133 ciosa
484 1092 742 1148 re1publ1<1=,
769 1092 1002 1148 nobisque
1020 1094 1242 1156 periculos·
1235 1110 1271 1144 ιι,
1278 1110 1388 1157 quae
1414 1110 1497 1135 non
1520 1096 1648 1136 modo
1673 1095 1761 1136 Ro-

346 1164 444 1199 mae,
466 1149 536 1190 sed
559 1159 601 1190 et
622 1150 733 1205 apud
755 1159 920 1190 exteras
943 1158 1149 1199 nationes,
1171 1151 1362 1191 omnium
1384 1166 1575 1192 sermone
1597 1165 1762 1208 percre-

349 1182 477 1256 biui't,
513 1206 577 1246 his
600 1206 792 1260 judiciis,
821 1222 917 1262 quae
949 1221 1062 1247 nunc
1088 1208 1185 1257 sint,
1218 1207 1493 1264 pecuniosum
1529 1208 1762 1260 hominem,

309 1261 539 1318 Qquamxis
574 1264 629 1304 sit
668 1278 839 1314 nocens,
872 1264 1083 1304 neminem
1119 1279 1241 1319 posse
1275 1265 1480 1305 damnari.
1540 1265 1682 1316 Nunc,
1718 1266 1760 1306 in

346 1335 439 1376 ipso
461 1320 704 1360 discrimine
725 1319 883 1360 ordinis
907 1320 1254 1376 judiciorumque
1280 1330 1527 1372 ιρ3ιι··,οιιιιιι
1548 1337 1647 1363 cum
1677 1322 1763 1364 sint

344 1377 495 1434 parati,
526 1378 597 1432 qui
629 1376 906 1418 concionibus
942 1385 983 1417 et
1016 1377 1180 1433 legibus
1214 1378 1251 1418 h
1244 1393 1322 1419 ιιι(
1356 1354 1556 1419 invidiain
1593 1388 1762 1420 senatus

344 1434 608 1474 inflammare
629 1443 850 1484 conentur,
873 1449 965 1474 icus
986 1434 1026 1474 in
1042 1434 1256 1490 judicium
1277 1435 1484 1476 adductus
1504 1444 1568 1476 est
1588 1435 1639 1477 C.
1659 1436 1762 1477 Ver-

342 1505 423 1541 res,
446 1490 574 1531 homo
596 1491 684 1532 vita
712 1501 839 1546 atque
861 1490 999 1541 factis,
1021 1506 1210 1532 omnium
1236 1507 1328 1547 Jain
1351 1493 1566 1548 opinione,
1588 1493 1625 1533 d·
1617 1507 1763 1533 anma-

344 1557 427 1598 tus‚
451 1548 643 1604 pecuniae
664 1548 974 1604 magnitudine,
995 1562 1056 1587 3ιι·
1046 1565 1070 1589 ιι
1091 1562 1196 1604 spe(
1184 1564 1233 1589 ac
1255 1549 1572 1605 plandicatione,
1594 1549 1764 1590 absolu-

345 1614 427 1645 tus.
490 1604 606 1645 Huic
635 1619 716 1661 ego
749 1619 903 1654 causac,
933 1604 1116 1659 judices,
1147 1620 1244 1646 cum
1275 1620 1439 1646 summa
1473 1605 1691 1647 voluntate
1721 1615 1766 1648 et

345 1662 666 1724 exspectatione
660 1638 834 1725 e>populi
858 1661 1040 1701 Romani
1063 1672 1182 1703 actor
1202 1664 1374 1713 accessi,
1390 1677 1474 1703 non
1498 1671 1544 1703 ut
1563 1677 1764 1719 augerem

347 1717 550 1758 invidiam
585 1718 759 1769 ordinis,
795 1718 866 1758 sed
902 1728 949 1758 ut
985 1717 1172 1761 inf-miiae
1210 1719 1426 1761 communi
1462 1733 1763 1761 succurrerem.

239 1758 303 1800 ¹³⁰⁶
310 1776 335 1791 ¹
303 1773 520 1831 ³¹Adduxi
542 1776 656 1816 enim
688 1751 949 1825 hoinincm,
941 1789 983 1814 ιιι
1004 1790 1088 1839 quo
1111 1776 1382 1817 reconciliaie
1402 1775 1763 1818 existimationem

303 1811 601 1886 ³judiciorum
623 1832 835 1883 amissam,
857 1831 1026 1872 redire
1018 1847 1059 1873 ιιι
1091 1833 1273 1887 gratiam
1294 1848 1391 1874 cum
1422 1832 1580 1889 populo
1603 1832 1764 1875 Roma-

344 1903 416 1938 no,
452 1888 694 1930 satisfacere
724 1889 882 1929 exteris
909 1866 1153 1930 nationibous
1186 1890 1390 1946 possetis;
1422 1888 1763 1954 depeculatorem

308 1945 498 2026 3aerarii‚
520 1954 767 1986 vexatorem
788 1945 904 1987 Asiae
934 1953 1062 2009 atque
1094 1945 1362 2010 pamphiliae,
1379 1922 1629 2002 ’praedonem
1651 1962 1763 2003 Juris

308 1992 512 2053 3urbani,
533 2002 671 2043 labem
693 2012 820 2058 atque
845 2002 1074 2059 pernimem
1099 2005 1332 2058 provinmae
1355 2003 1527 2045 Siciliae.
1589 2002 1656 2044 De
1676 2019 1763 2060 quo

343 2059 378 2099 si
401 2073 475 2100 vos
505 2073 648 2100 severe
677 2059 957 2116 religioseque
981 2059 1302 2114 judicaveritis;
1332 2060 1561 2101 auctoritas
1581 2074 1644 2111 ea,
1665 2075 1762 2116 quae

340 2115 385 2156 in
410 2116 532 2157 vobis
553 2130 769 2158 remanere
789 2117 929 2167 debet,
952 2115 1157 2158 haerebit:
1191 2117 1255 2158 sin
1286 2117 1407 2158 istius
1438 2117 1633 2173 ingentes
1653 2117 1763 2159 divi-

340 2173 414 2214 tiae
439 2172 703 2228 judiciorum
733 2173 984 2236 religionem
1008 2173 1314 2237 veritatemque
1344 2149 1650 2230 perfiegerint:
1680 2188 1764 2232 ego

339 2229 425 2271 hoc
446 2240 587 2270 tamen
612 2245 822 2285 assequar,
845 2229 1120 2285 utjudicium
1143 2231 1285 2287 potius
1316 2230 1576 2295 reipublicae,
1599 2232 1764 2286 2quam

341 2295 414 2327 aut
449 2301 542 2328 reus
575 2286 812 2342 judicibus,
844 2296 919 2327 aut
957 2297 1178 2328 accusator
1218 2301 1288 2328 reo
1328 2286 1513 2328 defuisse
1552 2286 1761 2331 videatur.

345 2342 569 2399 Equidem,
592 2353 639 2384 ut
667 2344 720 2385 de
750 2358 817 2384 me
847 2343 1067 2394 confitear,
1091 2344 1274 2399 judices,
1296 2358 1394 2385 cum
1424 2344 1570 2385 multae
1601 2344 1707 2386 mihi
1738 2360 1765 2386 a

343 2359 407 2440 Cq
419 2400 452 2440 V
458 2415 547 2441 erre
569 2400 733 2442 insidiae
756 2410 867 2441 terra
886 2401 1077 2464 marique
1099 2400 1224 2442 factae
1246 2401 1344 2454 sint,
1365 2415 1469 2456 quas
1523 2400 1647 2441 artim
1668 2415 1764 2442 mea

339 2456 563 2512 diligentia
583 2457 822 2508 devitarim,
847 2457 1002 2513 partim
1030 2458 1263 2499 amicorum
1285 2457 1426 2498 studio
1449 2416 1678 2512 ofiicioque
1697 2472 1762 2499 re-

339 2513 544 2569 pulerim3
575 2529 808 2570 numquam
841 2524 982 2555 tamen
1017 2528 1153 2569 neque
1182 2523 1348 2555 tantum
1386 2513 1620 2577 perieulum
1654 2515 1761 2576 mihi

382 2655 393 2682 l
421 2654 564 2692 vobisque
581 2653 774 2693 periculosa]
794 2654 971 2685 Lambinus
993 2659 1024 2684 et
1069 2664 1178 2690 sensu,
1204 2653 1296 2693 idque
1317 2654 1481 2684 consentit
1501 2654 1615 2685 formae
1632 2658 1667 2685 et
1687 2663 1764 2693 eon-

336 2695 481 2725 Graevius
496 2706 513 2725 e
530 2695 591 2724 Ms.
607 2695 719 2725 franc.
732 2696 858 2726 edidere
872 2697 1027 2735 nobisque.
1071 2695 1234 2726 suetud'mi
1250 2695 1423 2726 Ciceronis.
1468 2696 1506 2726 In
1520 2696 1661 2727 editione
1674 2694 1764 2726 Graess

335 2747 452 2777 nempe
465 2738 540 2775 quia
551 2743 585 2766 et
594 2737 706 2766 Cicero
719 2746 848 2767 senator
859 2744 940 2768 erat.
954 2737 1028 2775 Sed,
1073 2739 1115 2767 vii
1129 2745 1241 2768 tamen
1259 2743 1308 2767 est
1330 2743 1383 2768 ut
1380 2750 1386 2756 ·
1409 2739 1528 2774 neseio,
1544 2747 1585 2768 an
1600 2737 1762 2768 consulto.

335 2779 413 2816 quia
434 2786 509 2808 ante
524 2785 571 2807 ‹·st
596 2781 691 2808 vestri
705 2781 837 2816 ordinis,
853 2780 904 2809 hic
926 2771 1025 2810 etiam
1069 2780 1148 2811 Mox
1157 2778 1294 2820 judicus
1307 2780 1379 2811 edd.
1394 2790 1442 2820 pr.
1458 2779 1498 2810 ad
1519 2789 1619 2828 usque
1631 2779 1763 2810 Aldum.

335 2821 427 2850 debr-t
445 2831 510 2849 ··sse
526 2821 677 2859 vobisque.
1071 2822 1241 2853 dudit-ibus
1256 2831 1306 2850 me
1308 2821 1370 2853 lius
1384 2832 1436 2853 reo
1451 2822 1646 2863 opponitur.
1669 2820 1765 2864 idque

376 2864 397 2894 2
417 2872 514 2902 quam
538 2867 597 2892 aut
615 2863 703 2903 reus]
733 2863 784 2894 Sic
807 2863 875 2895 edd.
893 2873 938 2904 pr.
954 2873 1030 2894 con-
1071 2864 1169 2895 estin
1185 2863 1247 2895 Ms.
1263 2863 1325 2895 Gu.
