1907 3231
295 105 385 141 ‘256⁷
822 100 892 140 IN
928 100 1204 140 VERREM

297 206 526 247 videretur.
559 204 832 247 Herbitensis
855 220 970 262 ager,
994 206 1220 258 Ennensis,
1250 203 1624 259 38Morga11tinus‚
1645 203 1730 246 Λεὲ

297 263 480 315 sorinus,
510 262 890 314 3911nacharensis‚
921 263 1218 319 Agyrinensis,
1250 263 1310 303 ita
1342 261 1515 302 relictus
1550 270 1640 302 erat
1671 276 1727 303 ex

298 321 491 361 maxima
519 331 653 375 parte,
676 330 724 360 ut
749 335 834 360 non
865 319 1002 361 solum
1027 321 1247 376 jugerum,
1269 319 1341 360 sed
1371 319 1500 359 etiam
1530 318 1729 360 domino-

299 392 392 418 rum
423 377 743 418 multitudinem
773 391 1074 430 quaereremus.
1134 377 1353 418 AEtnensis
1385 390 1484 416 vero
1515 389 1631 431 ager,
1652 376 1728 431 qui

299 434 466 475 solebat
486 449 576 475 esse
597 434 871 483 cultissimus,
893 443 950 484 et,
973 434 1086 488 quod
1106 443 1237 490 caput
1257 443 1319 474 est
1341 433 1399 474 rei
1420 432 1738 483 frumentariae,-

298 506 476 547 campus
510 491 759 541 Leontinus,
789 492 831 522 40
843 491 967 545 cujus
997 499 1124 531 antea
1153 506 1248 546 spes
1276 490 1372 532 haec
1402 499 1506 540 erat,
1538 499 1599 541 ut,
1629 503 1729 530 cum

299 549 490 589 obsitum
520 548 710 597 vidisses,
733 561 916 588 annonae
939 548 1162 588 caritatem
1188 563 1275 588 non
1305 561 1518 598 vererere;
1556 547 1616 587 sic
1637 556 1729 586 erat

299 604 504 646 deformis
533 614 662 659 atque
692 603 903 654 horridus,
925 614 973 644 ut
994 605 1038 644 in
1061 605 1275 645 uberrima
1297 603 1454 645 Siciliae
1477 613 1597 659 parte
1619 603 1730 644 Sici-

300 661 402 703 liam
435 676 736 716 quaereremus.
778 661 1059 702 labefactarat
1097 661 1211 702 enim
1243 661 1513 701 vehementer
1543 669 1743 701 aratores

222 719 390 777 '19Jam
412 719 603 774 superior
624 733 783 760 annus:
816 718 1039 774 proximus
1062 733 1161 759 vero
1183 718 1375 759 funditus
1396 727 1620 758 everterat.
1661 716 1730 758 Tu

239 793 289 826 43
303 776 409 816 mihi
421 777 551 816 etiam
567 776 696 816 audes
709 776 973 816 mentionem
992 775 1130 817 facere
1146 775 1446 816 decumarum?
1467 773 1533 815 Tu
1550 776 1593 816 in
1610 784 1732 815 tanta

302 833 594 889 improbitate,
615 842 661 874 tu
687 833 728 873 in
754 842 874 873 tanta
897 833 1145 883 acerbitate,
1169 833 1211 873 in
1237 842 1304 873 tot
1326 841 1369 872 et
1391 832 1520 872 tantis
1546 831 1730 886 injuriis,

300 905 400 931 cum
421 890 465 931 in
494 891 774 940 arationibus,
796 900 838 930 et
865 891 909 930 in
929 905 1077 931 earum
1099 904 1236 930 rerum
1256 889 1355 945 jure
1377 888 1599 944 provincia
1620 888 1730 930 Sici-

298 947 358 989 lia
377 947 605 1000 consistat3
638 948 794 988 eversis
817 947 1010 988 funditus
1029 948 1282 998 aratoribus,
1305 946 1464 987 relictis
1479 946 1609 1002 agris,
1629 960 1731 987 cum

297 1005 344 1046 in
364 1005 587 1061 provincia
608 1014 695 1045 tam
717 1004 931 1060 locuplete
953 1019 1002 1045 ac
1025 1004 1193 1055 referta,
1204 1019 1290 1047 nou
1304 1004 1433 1044 modo
1458 1018 1562 1054 rem,
1581 1003 1653 1044 sed
1675 1016 1731 1043 ne

298 1076 419 1118 spem
442 1062 614 1117 quidem
636 1062 765 1102 ullam
789 1061 995 1116 reliquam
1017 1063 1219 1116 cuiquam
1232 1061 1398 1112 feceris,
1414 1060 1576 1115 aliquid
1590 1069 1632 1100 te
1653 1074 1731 1116 po-

296 1120 444 1175 pulare
459 1119 631 1175 putabis
653 1119 826 1169 habere,
840 1133 939 1159 cum
957 1119 1088 1169 dices,
1102 1130 1143 1159 te
1162 1119 1310 1174 pluris,
1324 1132 1453 1173 quam
1465 1127 1645 1168 ceteros,
1655 1118 1730 1158 de-

297 1191 444 1217 cumas
459 1176 721 1218 vendidisse?
737 1177 872 1222 Quasi
885 1190 984 1216 vero
995 1185 1069 1216 aut
1081 1176 1263 1232 populus
1277 1175 1499 1216 Romanus
1512 1175 1594 1215 hoc
1608 1174 1729 1215 volu-

297 1234 393 1285 erit,
409 1246 484 1274 aut
494 1244 664 1275 senatus
678 1233 762 1275 hoc
777 1233 856 1274 tibi
870 1234 1150 1284 mandaverit,
1164 1242 1226 1283 ut,
1240 1248 1338 1274 cum
1353 1246 1500 1273 omnes
1513 1241 1729 1272 aratorum

296 1290 490 1333 fortunas
523 1292 799 1332 decumarum
831 1291 1006 1331 nomine
1034 1291 1232 1347 eriperes,
1266 1291 1309 1330 iu
1339 1299 1555 1345 posterum
1587 1289 1731 1330 fructu

297 1348 370 1390 illo
400 1349 715 1404 commodoque
737 1348 796 1389 rei
819 1347 1111 1389 frumentariae
1144 1348 1351 1404 populum
1376 1346 1621 1388 Romanum
1644 1346 1731 1402 pri-

295 1420 441 1458 vares3
473 1407 642 1455 deinde,
659 1407 693 1447 si
715 1420 844 1461 quam
860 1414 1023 1461 partem
1040 1415 1123 1446 tuae
1138 1405 1296 1461 praedae
1313 1404 1364 1445 ad
1379 1418 1590 1444 summam
1603 1404 1733 1444 decu-

293 1478 460 1504 marum
482 1464 730 1513 addidisses,
746 1464 852 1503 bene
866 1464 917 1504 de
928 1463 1088 1519 populo
1105 1462 1303 1503 Romano
1326 1462 1502 1502 meritus
1517 1461 1720 1501 viderere.

352 1520 498 1576 Atque
518 1521 694 1577 perinde
712 1520 878 1575 loquor,
901 1521 1022 1575 quasi
1042 1520 1085 1560 in
1105 1534 1156 1560 eo
1179 1520 1235 1560 sit
1256 1519 1459 1574 iniquitas
1477 1517 1570 1573 ejus
1589 1532 1733 1573 repre-

297 1577 538 1629 hendenda,
580 1578 695 1633 quod
734 1587 908 1633 propter
949 1577 1098 1633 gloriae
1141 1576 1438 1632 cupiditatem,
1476 1585 1525 1616 ut
1566 1574 1731 1629 aliquos

160 1650 196 1681 Β·
218 1640 288 1670 158.
303 1650 468 1677 summa
485 1637 762 1677 decumarum
780 1636 984 1685 vinceret,
1000 1634 1264 1676 acerbiorem
1282 1633 1436 1689 legem,
1456 1632 1629 1673 duriora
1642 1632 1733 1673 edi-

255 1693 285 1713 a.
300 1702 372 1734 cta
391 1693 709 1749 interposuerit,
731 1693 925 1732 omnium
950 1693 1217 1748 superiorum
1239 1690 1540 1731 auctoritatem
1562 1689 1733 1744 repudi·

234 1752 286 1786 49
298 1751 394 1791 arit.
428 1751 597 1807 Magno
620 1761 666 1790 tu
689 1750 889 1790 decumas
914 1749 1160 1790 vendidisti.
1194 1747 1328 1798 Quid,
1351 1748 1385 1787 si
1407 1747 1557 1797 doceo,
1579 1755 1623 1787 te
1643 1760 1733 1787 non

294 1808 437 1849 minus
460 1808 637 1848 domum
660 1817 777 1847 tuam
807 1806 1024 1857 avertisse,
1047 1821 1176 1861 quam
1207 1805 1395 1846 Romam
1415 1804 1581 1845 misisse
1602 1803 1732 1844 decu-

292 1879 460 1906 marum
493 1865 695 1905 nomine?
739 1864 841 1919 quid
874 1863 1006 1904 habet
1038 1863 1243 1920 populare
1276 1862 1385 1903 ratio
1419 1872 1506 1913 tua,
1538 1875 1637 1901 cum
1674 1875 1730 1902 ex

291 1922 518 1978 provincia
539 1921 687 1978 populi
712 1921 900 1962 Romani
928 1935 1096 1975 aequam
1121 1929 1284 1977 partem
1306 1928 1353 1960 tu
1379 1919 1459 1960 tibi
1485 1918 1732 1974 sumpseris,

290 1990 420 2035 atque
453 1979 614 2036 populo
649 1978 850 2019 Romano
883 1978 1077 2019 miseris?
1119 1977 1237 2033 quid,
1272 1977 1307 2017 si
1336 1977 1502 2017 duabus
1534 1975 1729 2031 partibus

290 2037 426 2078 doceo
449 2046 491 2078 te
511 2036 694 2092 amplius
717 2035 920 2076 frumenti
940 2035 1179 2085 abstulisse,
1203 2049 1331 2089 quam
1350 2033 1510 2090 populo
1531 2033 1734 2073 Romano

289 2094 714 2135 niisisse?*tamenne
744 2102 944 2149 putamus
972 2102 1201 2148 patronum
1232 2101 1353 2132 tuum
1376 2091 1420 2131 in
1446 2091 1528 2131 hoc
1549 2090 1731 2130 crimine

289 2151 550 2193 cerviculam
562 2151 846 2207 jactaturum,
866 2160 909 2191 et
930 2153 965 2181 41
984 2150 1144 2206 populo
1164 2164 1207 2190 se
1229 2163 1279 2190 ac
1300 2162 1475 2190 coronae
1496 2147 1697 2189 daturum
1715 2149 1729 2188 ?

329 2306 369 2336 38
391 2301 640 2343 Illorgantinus]
672 2301 752 2333 Haec
775 2305 825 2333 est
847 2301 984 2342 antiqua
1026 2302 1055 2333 ei
1064 2311 1128 2332 non
1140 2301 1352 2338 convenit,ut
1362 2300 1729 2332 cnm‘ohsitumvidisses.

285 2352 321 2377 et
345 2357 422 2377 vera
443 2347 617 2386 scriptura,
644 2355 711 2376 non
736 2345 985 2383 Mag-eatinus,
1029 2346 1146 2375 Sensus
1173 2351 1240 2374 est:
1269 2349 1367 2375 tanta
1392 2348 1465 2373 erat
1491 2343 1611 2373 fiducia
1635 2343 1729 2373 istius

287 2394 326 2418 ut
343 2394 393 2419 est
417 2389 452 2419 in
469 2389 578 2429 xulgg.
593 2399 624 2419 v.
638 2388 754 2419 Burni.
769 2387 810 2418 ad
821 2387 923 2418 Num.
939 2387 988 2417 Si-

284 2431 338 2461 cil.
353 2441 383 2471 p.
400 2433 472 2462 444.

327 2475 368 2507 39
389 2472 644 2512 Imacharensis]
670 2482 728 2513 pro
741 2472 829 2512 vulg.
844 2472 982 2502 Macha-

283 2517 399 2552 remis,
415 2516 497 2546 bene
511 2515 614 2546 edidit
628 2516 734 2545 GraeV.
752 2520 786 2544 et
801 2516 846 2545 sic
862 2514 938 2544 infr.
955 2525 982 2545 c.

282 2560 336 2588 4⁶2.
349 2557 450 2597 edidit
464 2559 564 2588 etiam
579 2558 760 2588 Gruterus:
785 2558 842 2587 ubi
866 2563 982 2587 tamen

284 2600 348 2630 Ms.
367 2600 657 2641 Hudecoperianus
680 2600 780 2630 etiam
796 2600 896 2630 habet
908 2598 986 2628 Μα-

282 2644 457 2672 charensis.
464 2642 548 2673 Hem
554 2643 730 2672 icharense's
738 2642 912 2681 legendum
919 2651 988 2672 esse

282 2684 429 2724 disputat
448 2686 496 2715 vir
516 2684 631 2715 doctus
649 2684 726 2715 Obs.
744 2685 839 2714 Misc.
855 2682 930 2714 Vol.
947 2682 986 2713 V.

281 2737 302 2767 p
323 2772 365 2800 40
386 2779 413 2798 e.
427 2773 525 2799 antea
543 2777 613 2808 spes
626 2769 691 2798 lzoec
704 2767 790 2808 erat]
817 2767 896 2798 Mss.
913 2768 983 2807 qui-

279 2810 355 2842 dam
370 2812 498 2851 spec-ies,
513 2810 598 2850 quod
607 2809 749 2840 et'Aldus
762 2819 836 2850 nep.
852 2810 983 2841 Lambi-

279 2862 341 2885 nus
353 2859 386 2884 et
402 2853 551 2885 Graevius
562 2852 701 2885 edidere.
715 2862 784 2884 non
799 2853 892 2884 bene.
909 2862 985 2885 nani

1030 2388 1114 2427 agri,
1137 2392 1209 2418 tam
1233 2391 1360 2417 certum
1375 2385 1571 2422 habebatur,
1593 2391 1729 2426 propter

1032 2430 1156 2460 famam
1188 2428 1411 2464 fecunditatis,
1441 2437 1578 2458 messem
1606 2427 1728 2458 bonam

1028 2472 1109 2507 fore,
1135 2476 1175 2504 ut
1196 2472 1222 2501 si
1249 2470 1346 2501 modo
1370 2474 1608 2507 consereretur,
1630 2479 1730 2500 nemo

1029 2514 1194 2544 dubitaret
1214 2512 1253 2543 de
1270 2513 1356 2542 bona
1378 2522 1492 2542 messe.
1536 2512 1588 2541 Sic
1609 2513 1727 2551 segetis

1029 2556 1212 2597 certafides
1228 2564 1316 2590 meze,
1333 2554 1414 2585 Hor.
1431 2553 1496 2590 ΙΙΙ,
1516 2553 1564 2584 16.
1577 2556 1632 2584 30.
1661 2554 1733 2595 Op-

1030 2603 1199 2638 ponuntur
1211 2598 1289 2636 agri
1301 2597 1497 2631 calamitosi,
1523 2596 1580 2625 ubi
1598 2601 1726 2637 tempe-

1031 2646 1110 2675 stas,
1125 2640 1310 2675 illuviones,
1325 2639 1453 2669 siccitas
1466 2639 1641 2668 timentur.

1072 2686 1109 2713 ⁴1
1130 2684 1248 2722 populo
1270 2691 1303 2711 se
1327 2691 1366 2711 ac
1393 2680 1528 2719 cormzoe]
1569 2680 1621 2710 Sic
1649 2689 1727 2710 cum

1026 2725 1154 2755 Graevio
1181 2724 1278 2759 edidi,
1305 2734 1322 2753 e
1348 2723 1412 2753 Ms.
1439 2722 1574 2753 Nannii.
1619 2721 1727 2752 Miror
1754 2742 1757 2743 ν

1027 2767 1206 2797 Gruterum
1222 2775 1363 2796 servasse
1378 2765 1564 2805 vulgatum,
1581 2764 1626 2794 ad
1639 2773 1726 2794 coro-

1027 2819 1119 2846 nam,
1140 2810 1230 2848 cujus
1251 2817 1362 2838 sensus
1388 2814 1486 2845 esset,
1509 2812 1548 2837 ut
1569 2815 1728 2838 coronam

1029 2852 1150 2890 facian
1175 2850 1261 2891 quod
1273 2856 1323 2882 est
1336 2850 1480 2883 alienum
1494 2849 1534 2882 ab
1550 2848 1583 2880 h.
1598 2848 1622 2879 1.
