1907 3231
267 121 347 161 476
839 120 1097 159 ORATIO

269 229 347 263 aut
367 222 551 275 vicinus,
580 231 658 266 aut
690 223 838 277 cliens,
866 233 941 266 aut
971 225 1166 274 libertuS‚
1195 230 1272 265 aut
1301 223 1458 279 quiviS,
1491 224 1566 280 qui
1597 223 1715 276 illam

272 279 359 321 vim
393 280 782 338 dejectionemque,
817 291 893 322 tuo
922 289 1092 337 rogatu,
1114 289 1200 322 aut
1229 290 1304 322 tuo
1335 282 1526 334 nomine,
1549 281 1714 324 fecerit.

205 334 431 389 ⁵8Quare‚
465 339 499 380 si
531 340 712 381 adeum
742 340 1072 389 restituendum,
1101 338 1175 393 qui
1206 338 1248 379 vi
1281 339 1475 395 dejectus
1505 348 1584 392 est,
1613 354 1715 381 ean-

267 395 367 437 dem
397 395 492 437 -vim
524 396 657 439 habet
685 396 903 451 aequitatis
942 396 1079 437 ratio:
1110 409 1162 436 ea
1193 396 1426 449 intellecta,
1459 406 1576 440 certe
1605 397 1715 439 nihil

265 452 321 494 ad
343 468 432 494 rem
455 455 658 510 pertinet,
681 469 781 509 quae
803 454 1033 494 verborum
1058 452 1120 493 vis
1143 453 1200 494 sit
1219 468 1270 494 ac
1291 455 1533 508 nominum.
1607 454 1716 503 Tam

264 511 481 563 restitues,
521 513 553 553 si
595 521 693 552 tuus
737 524 804 550 me
846 510 1025 551 libertus
1067 510 1288 566 dejecerit,
1328 512 1433 553 nulli
1485 522 1562 554 tuo
1602 527 1715 570 prae-

262 568 432 624 positus
469 569 664 625 negotio,
704 582 835 623 quam
868 569 903 608 si
945 576 1201 624 procurator
1233 568 1465 624 dejecerit:
1508 584 1597 612 non
1627 585 1714 626 quo

261 640 412 667 omnes
443 626 529 667 sint
560 634 875 682 procuratores,
918 626 1043 682 62qu
1079 625 1243 681 aliquid
1273 627 1410 667 nostri
1441 627 1609 684 negotii
1639 643 1715 685 ge-

260 693 383 735 runt3
416 683 487 724 sed
520 683 637 738 quod
678 683 723 724 in
753 682 835 725 hac
867 697 912 724 re
943 684 1080 739 quaeri
1126 682 1235 725 nihil
1279 684 1451 725 attinet.
1509 684 1619 728 Tam
1649 700 1715 727 re-

259 741 426 791 stitues,
469 740 505 781 si
547 755 656 782 unus
691 741 898 792 servulus,
935 756 1064 797 quam
1101 741 1137 782 si
1175 741 1342 782 familia
1370 741 1577 797 dejecerit
1616 743 1712 785 uni-

258 812 403 840 versa:
460 812 550 840 non
591 813 678 855 quo
715 798 831 840 idem
873 799 930 839 sit
971 798 1162 840 servulus
1200 814 1326 851 unuS,
1363 800 1480 855 quod
1517 800 1710 854 familia;

258 869 408 896 verum
430 856 533 911 quia
560 871 664 908 non,
686 857 845 914 quibus
879 857 1020 898 verbis
1054 857 1244 912 quidque
1277 857 1461 909 dicatur,
1488 858 1711 913 quaeritur,

257 913 332 954 sed
354 927 453 969 quae
476 928 541 955 res
563 924 731 971 agatur.
793 915 833 945 63
849 913 1007 966 Etiam,
1038 926 1088 955 ut
1111 914 1208 970 jam
1237 914 1410 971 longius
1433 930 1460 956 a
1493 915 1624 957 verbo
1645 930 1711 957 re-

258 970 477 1022 cedamus,
510 973 565 1013 ab
599 973 806 1028 aequitate
833 987 887 1013 ne
911 972 1126 1013 tantulum
1158 972 1349 1028 quidem,
1384 973 1417 1013 si
1443 982 1541 1014 tuus
1563 987 1710 1015 servus

258 1028 400 1070 nullus
423 1028 567 1081 fuerit,
586 1031 657 1071 sed
681 1044 831 1071 omnes
852 1029 996 1080 alieni,
1015 1045 1066 1072 ac
1087 1030 1339 1072 mercenarii
1357 1047 1366 1072 ε
1400 1039 1545 1072 tamen
1567 1040 1611 1072 et
1626 1031 1710 1088 ipsi

174 1077 299 1124 2164
315 1096 399 1128 tuae
438 1086 614 1128 familiae
655 1101 814 1144 genere
852 1097 896 1129 et
929 1088 1105 1129 nomine
1142 1088 1496 1130 continebuntur.
1569 1087 1710 1145 Perge

194 1149 387 1199 59porro
421 1144 506 1186 hoc
535 1145 649 1186 idem
684 1145 965 1187 interdictum
999 1146 1136 1201 sequi,
1163 1160 1453 1188 HOMINIBUS
1479 1160 1709 1188 c0Ac'r1s.

257 1201 486 1243 Neminem
512 1202 737 1259 coiigeris:
769 1202 851 1258 ipsi
883 1204 1167 1245 convenerint
1194 1218 1270 1244 sua
1292 1214 1464 1260 sponte.
1496 1214 1612 1245 certe
1634 1219 1709 1246 co-

254 1260 322 1315 git
341 1260 391 1311 is,
414 1260 488 1316 qui
512 1269 753 1318 congregat
784 1261 982 1302 homines
1016 1271 1060 1302 et
1091 1271 1319 1302 convocat.
1351 1261 1494 1303 coacti
1529 1273 1630 1303 sunt
1657 1262 1704 1314 ii,

253 1317 329 1372 qni
363 1319 417 1359 ab
450 1317 595 1374 aliquo
630 1328 729 1360 sunt
762 1333 893 1360 unuin
929 1319 972 1361 in
1014 1319 1157 1360 locum
1197 1320 1468 1376 congregati.
1529 1319 1575 1360 Si
1617 1334 1706 1361 non

253 1375 385 1416 modo
415 1377 645 1418 convocati
667 1391 755 1418 non
778 1386 891 1428 sunt,
911 1377 984 1418 sed
1007 1392 1060 1418 ne
1090 1387 1388 1418 convenerunt
1408 1377 1605 1432 quidem:
1630 1377 1704 1419 sed

252 1432 284 1474 ii
306 1433 437 1474 modo
461 1433 651 1485 fuerunt,
669 1435 744 1490 qui
767 1435 898 1476 etiam
920 1445 1061 1485 antea,
1084 1449 1187 1486 non,
1211 1434 1274 1475 vis
1306 1443 1354 1475 ut
1385 1434 1521 1486 fieret,
1554 1449 1704 1477 verum

251 1491 438 1543 colendi,
461 1502 536 1533 aut
554 1492 760 1548 pascendi
783 1506 927 1545 causa,
947 1507 1039 1534 esse
1062 1492 1105 1534 in
1129 1506 1234 1548 agro
1257 1502 1595 1534 consueverant:
1628 1492 1703 1534 de-

252 1547 416 1600 fendes,
452 1549 651 1591 homines
684 1558 859 1591 coactos
896 1565 983 1591 non
1018 1550 1170 1592 fuisse:
1203 1559 1249 1590 et
1279 1550 1411 1591 verbo
1433 1550 1608 1605 quidem
1631 1565 1702 1591 su·

250 1608 437 1662 perabis,
470 1622 540 1648 me
577 1608 672 1663 ipso
694 1607 871 1663 judice3
913 1622 959 1649 re
997 1617 1158 1658 autem,
1196 1622 1248 1648 ne
1283 1608 1494 1649 consistes
1525 1607 1702 1663 quidem

250 1663 338 1704 ullo
352 1664 519 1720 judice.
580 1665 681 1706 Vim
702 1665 820 1706 enim
841 1665 1132 1706 multitudinis
1155 1665 1323 1705 restitui
1350 1664 1591 1717 voluerunt,
1613 1679 1702 1707 non

205 1735 238 1767 b.
252 1722 391 1763 solum
421 1732 674 1765 convocatae
705 1723 1021 1765 multitudinis:
1067 1723 1155 1774 sed,
1189 1723 1291 1778 quia
1325 1722 1592 1779 plerumque,
1624 1723 1701 1764 ubi

250 1779 529 1822 multitudine
560 1794 669 1836 opus
702 1790 782 1831 est,
803 1781 1001 1822 homines
1031 1781 1130 1837 cogi
1165 1780 1318 1831 solent,
1341 1780 1438 1821 ideo
1461 1780 1514 1821 de
1535 1781 1699 1822 coactis

249 1839 543 1894 compositum
577 1838 856 1880 interdictum
889 1849 980 1881 est:
1011 1838 1143 1895 quod,
1170 1838 1339 1880 etiamsi
1371 1839 1502 1879 verbo
1529 1836 1701 1880 differre

250 1895 482 1947 videbitur,
506 1910 551 1938 re
582 1905 727 1938 tamen
764 1897 846 1938 erit
867 1911 1016 1947 unum,
1041 1906 1085 1937 et
1114 1896 1316 1937 omnibus
1347 1896 1392 1937 in
1422 1896 1562 1937 causis
1584 1895 1710 1938 idem·

250 1953 426 2005 valebit,
445 1954 487 1995 in
506 1955 664 2010 quibus
687 1955 947 2011 perspicitur
969 1970 1054 1996 una
1076 1963 1206 2010 atque
1232 1954 1384 1995 eadem
1413 1968 1544 1995 causa
1564 1953 1700 2009 aequi-

185 2010 238 2043 60
252 2011 366 2052 tatis.
399 2025 707 2054 ARMATist.
769 2013 889 2060 Quid
921 2013 1140 2055 dicemus?
1173 2021 1376 2062 armatos,
1413 2012 1447 2052 si
1469 2011 1602 2052 latine
1634 2010 1698 2053 lo-

246 2070 321 2124 qui
362 2069 574 2122 volumus,
607 2085 716 2126 quos
745 2070 961 2127 appellare
993 2085 1091 2111 vere
1126 2072 1377 2126 possumus?
1419 2069 1576 2126 opinor
1606 2083 1696 2120 eos,

245 2127 320 2181 qui
344 2128 476 2169 scutis
501 2128 682 2184 telisque
712 2129 851 2185 parati
885 2129 1112 2184 ornatique
1141 2138 1255 2169 sunt.
1317 2126 1434 2174 Quid
1466 2127 1628 2183 igitur?
1659 2127 1695 2168 si

245 2184 414 2240 glaebis,
433 2194 508 2227 aut
520 2187 652 2238 saxis,
674 2196 749 2227 aut
771 2186 958 2228 fustibus
981 2187 1167 2241 aliquem
1189 2186 1242 2227 de
1264 2184 1398 2227 fundo
1422 2184 1695 2241 praecipitem

244 2243 410 2298 egeris3
446 2243 681 2300 jussusque
711 2244 783 2296 sis,
819 2259 948 2300 quem
982 2245 1232 2286 nominibus
1260 2243 1436 2284 armatis
1469 2242 1695 2298 dejeceris,

243 2302 494 2344 restituere:
527 2302 765 2344 restituisse
801 2310 843 2344 te
873 2303 1019 2346 dices?
1051 2302 1196 2343 Verba
1229 2300 1262 2342 si
1293 2301 1459 2343 valent:
1491 2300 1526 2342 si
1548 2314 1691 2344 causae

244 2372 330 2399 non
364 2359 545 2410 ratione,
578 2361 650 2401 sed
686 2360 866 2402 vocibus
896 2360 1209 2417 ponderantur:
1242 2374 1311 2400 me
1342 2367 1518 2400 auctore
1539 2357 1692 2399 dicito.

243 2416 388 2458 vinces
425 2418 637 2473 profecto,
659 2432 746 2459 non
771 2418 901 2459 fuisse
934 2427 1122 2459 armatos
1144 2433 1231 2468 eos,
1254 2416 1327 2472 qui
1359 2431 1463 2457 saxa
1477 2415 1692 2470 jacerent,

240 2488 337 2528 quae
362 2475 414 2516 de
438 2484 549 2517 terra
579 2476 661 2531 ipsi
686 2475 908 2518 tollerent:
942 2491 1029 2517 non
1052 2490 1144 2517 esse
1165 2490 1282 2516 arma
1305 2473 1520 2529 caespiteS,
1550 2486 1692 2528 neque

239 2531 424 2586 glaebas:
458 2548 545 2574 non
579 2533 711 2574 fuisse
742 2543 930 2575 armatos
961 2549 1049 2584 eos,
1083 2533 1157 2588 qui
1189 2541 1498 2589 praetereuntes
1522 2544 1690 2572 ramum

237 2589 533 2647 defringerent
554 2592 743 2634 arboris:
776 2607 894 2633 arma
913 2607 1006 2633 esse
1035 2591 1122 2632 suis
1150 2589 1416 2640 nominibus,
1438 2588 1522 2630 alia
1549 2587 1604 2630 ad
1626 2597 1690 2629 te.-

277 2719 320 2750 6²2
333 2721 388 2759 qui
402 2722 710 2762 aliquid—gemm]
727 2724 796 2753 Ser.
807 2727 940 2760 gerant.
985 2723 1035 2753 dit
1050 2723 1096 2752 sic
1111 2721 1224 2753 Aldus.

277 2763 318 2792 63
342 2763 475 2801 Etiam,
513 2765 565 2804 m]
596 2766 660 2796 Ms.
693 2766 761 2796 Erf.
792 2765 853 2795 Ed.
885 2766 939 2796 W.
1028 2767 1069 2796 64
1092 2770 1157 2796 tuoe
1168 2764 1319 2804 Jizmilioe
1340 2771 1462 2802 genere
1487 2766 1518 2792 et
1539 2759 1685 2801 ›mmineJ

234 2805 326 2842 Etsi,
349 2810 399 2836 ut.
446 2806 528 2837 Edd.
554 2808 651 2838 Rom.
678 2808 734 2838 ΒΓ.
756 2809 853 2839 dunt.
880 2809 937 2839 ἃς.
985 2807 1102 2838 Delevi
1131 2812 1163 2837 et
1184 2812 1262 2837 ante
1279 2815 1401 2845 genere
1423 2813 1502 2837 eum
1537 2803 1685 2841 Gravim

235 2848 394 2879 Etiamsi.
431 2849 614 2889 Vulgatum
639 2860 756 2882 verum
781 2856 841 2881 est.
887 2852 940 2881 Sic
985 2860 1052 2882 non
1068 2854 1118 2881 est
1133 2850 1167 2880 iu
1179 2849 1243 2880 Ms.
1258 2849 1327 2881 Eis.

233 2901 262 2921 e.
276 2892 325 2921 92.
342 2891 415 2923 init.
429 2892 549 2933 Atque,
572 2894 682 2923 ut——st'
701 2897 738 2923 tu
755 2895 814 2924 διο.
861 2892 940 2924 Edi-
