1907 3231
353 133 430 169 446
907 130 1158 170 ORATIO

355 248 447 274 esse
471 232 654 275 voluisse
673 249 819 276 earum
843 250 998 285 rerum,
1028 247 1125 288 quae
1157 230 1209 271 M
1215 259 1231 270 ‚.
1250 229 1429 271 Fonteio
1453 236 1636 285 praetore
1665 243 1796 284 gere--

356 301 501 332 rentur
524 292 565 332 in
595 291 763 334 Gallia?
796 293 936 340 Quem
966 306 1020 331 ex
1044 298 1164 329 tanto
1188 287 1410 328 hominum
1433 300 1610 326 numero
1633 295 1784 326 testem

356 347 400 388 in
434 348 514 389 hae
543 363 671 390 causa
701 350 934 405 producere
970 346 1173 402 potestis?
1203 345 1298 399 quis
1331 353 1395 384 est
1423 357 1476 383 ex
1509 357 1559 383 eo
1594 357 1785 394 numero,

355 405 429 460 qui
454 406 575 446 vobis
597 416 745 447 auctor
768 406 955 461 placeat?
986 418 1036 443 eo
1055 417 1132 442 nos
1149 402 1242 456 jam
1264 400 1483 441 laudatore
1501 410 1543 440 et
1567 410 1673 440 teste
1691 408 1784 440 ute-

318 462 464 503 7mur.
527 462 794 503 Dubitabitis
831 462 959 501 etiam
992 458 1367 513 diutiuS,judices,
1389 458 1493 512 quin
1527 457 1646 508 illud,
1668 455 1785 512 quod

355 519 480 560 initio
514 521 634 560 vobis
669 517 886 573 proposui,
910 517 1174 557 verissimum
1208 515 1277 564 sit,
1308 514 1421 555 aliud
1454 528 1528 570 per
1561 514 1643 554 boc
1664 513 1784 568 judi-

353 577 468 617 cium
492 576 597 617 nihil
618 577 703 631 agi,
726 575 806 615 nisi
832 586 891 624 ut,
914 574 981 614 M.
1006 573 1187 614 Fonteio
1209 585 1412 628 oppresso
1435 571 1692 612 testimoniis
1712 585 1785 622 eo-

353 647 462 683 rum,
494 633 648 688 quibus
686 631 817 672 multa
846 630 1094 686 reipublicae
1122 644 1252 670 eausa
1279 627 1545 669 invitissimis
1577 629 1786 684 imperata

352 700 466 739 sunt,
499 689 716 744 segniores
753 689 933 744 posthac
966 688 1018 728 ad
1048 686 1345 742 imperandum
1384 686 1514 725 ceteri
1549 685 1650 741 sint,
1683 699 1783 725 cum

307 764 339 795 b.
355 747 530 786 videant
564 759 636 785 eos
673 746 930 802 oppugnari,
963 745 1118 800 quibus
1154 742 1383 800 oppressis,
1416 741 1564 798 populi
1596 741 1784 789 Romani

353 803 577 858 imperium
601 803 814 843 incolume
835 817 926 843 esse
947 817 1034 843 non
1057 803 1219 857 possit?

304 851 341 899 4·
411 859 644 914 Objectum
679 870 744 900 est
775 860 919 911 etiam,
941 869 1152 915 quaestum
1189 857 1256 898 M.
1280 857 1508 898 Fonteium
1531 856 1780 903 exssviarum

350 917 591 957 munitione
613 917 785 959 fecisse:
821 927 866 958 ut
887 928 961 957 aut
982 932 1034 957 ne
1066 926 1242 972 cogeret
1271 915 1452 965 munire,
1482 922 1557 954 aut
1589 912 1647 963 id,
1669 913 1784 968 quod

350 975 566 1015 munitum
599 985 722 1026 esset,
747 989 798 1015 ne
829 974 1104 1029 improbaret.
1164 973 1210 1013 Si
1238 981 1282 1013 et
1313 971 1452 1013 coacti
1487 979 1587 1011 sunt
1616 970 1787 1010 munire

351 1045 514 1082 omnes,
537 1041 581 1072 et
602 1031 832 1072 multorum
854 1046 986 1087 opera
1005 1030 1248 1086 improbata
1267 1040 1385 1071 sunt:
1417 1038 1532 1070 certe
1554 1037 1782 1082 utrumque

353 1087 506 1129 falsum
531 1098 609 1138 est,
642 1098 685 1128 et
702 1089 760 1129 ob
784 1089 1050 1129 vacationem
1071 1088 1256 1144 pretium
1277 1087 1438 1137 datum,
1461 1099 1560 1126 eum
1582 1084 1784 1130 immunis

316 1150 479 1187 Snemo
515 1145 665 1197 fuerit;
700 1148 789 1186 l2et
820 1146 876 1186 ob
904 1146 1218 1201 probationem,
1247 1159 1346 1185 cum
1378 1142 1514 1184 inulta
1542 1141 1785 1198 improbata

352 1202 451 1243 sint.
513 1203 645 1253 Quid,
678 1203 712 1243 si
739 1203 823 1244 hoc
849 1203 1010 1243 crimen
1048 1206 1084 1234 13
1099 1202 1274 1258 optimis
1311 1200 1557 1241 nominibus
1589 1199 1786 1255 delegare

349 1260 576 1315 possimus,
598 1269 641 1300 et
673 1260 747 1311 ita,
771 1269 818 1300 ut
850 1275 935 1301 non
964 1260 1134 1315 eulpam
1161 1259 1203 1300 in
1234 1258 1338 1299 alios
1365 1257 1682 1306 transferamuS,
1709 1255 1783 1297 sed

350 1317 416 1360 uti,
434 1317 677 1367 doceamus,
698 1332 770 1358 eos
793 1318 863 1358 isti
896 1317 1127 1358 munitioni
1156 1315 1394 1372 praefuisse,
1423 1315 1498 1370 qui
1530 1313 1655 1362 facile
1687 1313 1783 1354 offi-

348 1375 463 1415 cium
486 1389 610 1415 suum
638 1385 682 1415 et
707 1378 955 1430 ¹4praestare
977 1384 1020 1415 et
1043 1375 1224 1430 probare
1251 1375 1449 1429 possent?
1480 1382 1679 1417 tamenne
1708 1384 1786 1416 vos

348 1432 494 1472 omnia
531 1432 575 1472 in
610 1431 676 1471 M.
711 1431 955 1483 Fonteium,
996 1431 1113 1472 iratis
1147 1431 1327 1472 testibus
1370 1430 1483 1480 freti,
1525 1427 1783 1477 conferetis?

349 1488 461 1529 Cum
486 1488 720 1543 majoribus
750 1489 997 1545 reipublicae
1023 1489 1208 1544 negotiis
1240 1487 1307 1528 M.
1331 1487 1535 1529 Fonteius
1556 1485 1784 1541 impedire-

349 1556 431 1596 tur,
454 1556 497 1586 et
528 1561 626 1586 cum
661 1546 714 1586 ad
744 1546 1048 1602 rempublicam
1074 1546 1320 1602 pertineret,
1346 1547 1381 1575 ¹5
1394 1544 1506 1584 viam
1540 1541 1782 1584 Domitiam

348 1603 521 1654 muniri,
552 1603 703 1659 legatis
739 1604 839 1654 suis,
872 1603 1082 1659 primariis
1115 1602 1231 1653 viris,
1263 1601 1314 1643 C.
1338 1601 1482 1642 Annio
1514 1599 1705 1641 Bellieno
1725 1607 1785 1639 et

351 1659 404 1701 C.
429 1660 608 1700 Fonteio
639 1661 860 1716 negotium
891 1660 1023 1701 dedit.
1051 1660 1196 1715 itaque
1229 1658 1516 1715 praefuerunt:
1548 1658 1783 1712 imperave-

350 1727 450 1759 runt
484 1732 559 1773 pro
596 1717 807 1773 dignitate
841 1733 929 1768 sua,
961 1717 1075 1772 quod
1119 1717 1258 1757 visum
1298 1726 1363 1756 est
1400 1725 1442 1756 et
1477 1716 1782 1771 probaverunt.

349 1775 465 1829 quod
499 1789 585 1825 VOS,
614 1775 647 1814 si
669 1773 784 1814 nulla
812 1774 894 1815 alia
924 1789 977 1815 ex
1009 1789 1067 1825 re,
1092 1775 1193 1815 lGex
1224 1773 1376 1814 litteris
1406 1772 1577 1828 quidem
1616 1770 1782 1822 vestris,

349 1846 454 1886 quas
487 1832 730 1886 scripsistis,
758 1841 800 1871 et
829 1832 982 1882 missis,
1019 1840 1074 1871 et*
1093 1831 1246 1882 allatis,
1277 1839 1390 1871 certe
1424 1829 1531 1871 scire
1565 1827 1781 1885 potuistis.

348 1903 452 1943 quas
472 1889 505 1928 si
528 1899 654 1928 autea
674 1904 759 1929 non
781 1889 960 1944 legistis,
982 1903 1095 1929 nunc
1128 1903 1181 1929 ex
1214 1888 1354 1938 nobis,
1377 1887 1480 1942 quid
1501 1887 1553 1926 de
1576 1886 1626 1927 iis
1656 1886 1781 1926 rebus

349 1945 553 1987 Fonteius
572 1946 624 1986 ad
648 1946 812 2002 legatos
840 1961 937 1987 suos
967 1946 1197 2002 scripserit,
1219 1945 1322 2001 quid
1346 1946 1400 1986 ad
1424 1958 1522 1985 eum
1551 1943 1612 1984 illi
1633 1942 1782 1984 rescri-

394 2079 431 2108 12
453 2081 484 2107 et
497 2078 533 2108 ob
541 2077 779 2118 probationem]
808 2088 838 2107 v.
855 2078 944 2108 Clav.
960 2077 995 2107 in
1009 2076 1042 2107 h.
1134 2077 1171 2108 16
1194 2087 1233 2107 ez·
1260 2077 1363 2107 literis
1381 2077 1511 2116 quidem
1534 2073 1663 2113 vestris]
1692 2074 1782 2104 Grae-

349 2129 380 2148 v.
1084 2120 1156 2150 vius
1170 2120 1318 2159 sequitur
1330 2120 1504 2149 lectionem
1518 2118 1553 2148 P.
1567 2117 1711 2148 Manutii
1726 2126 1781 2146 uo-

395 2163 431 2190 13
453 2162 583 2200 optimis
610 2161 805 2201 nominibus]
846 2161 931 2197 Hoc,
958 2161 1044 2199 quod
1085 2163 1174 2198 stris,
1190 2172 1270 2201 quas
1285 2162 1497 2201 exscripsistis
1509 2161 1566 2190 &m
1602 2158 1665 2189 Sed
1679 2168 1721 2188 ne
1735 2159 1782 2189 sie

352 2202 476 2234 faerno
492 2204 636 2234 creditur
649 2204 769 2240 deberi,
785 2211 834 2234 est
850 2205 883 2233 in
906 2203 977 2233 edd.
1003 2204 1044 2234 R.

350 2244 407 2276 Br.
421 2250 456 2275 et
469 2254 555 2285 seqq.
599 2246 797 2277 Hominibus
816 2246 905 2276 dedit
925 2245 1043 2282 diluta,

346 2297 459 2318 >errore
473 2298 660 2328 operarum,
678 2288 751 2318 inde
767 2288 944 2323 Victor-im,
959 2287 1045 2326 quod

351 2331 451 2359 ceteri
476 2339 591 2361 omnes
616 2331 718 2361 secuti
744 2337 838 2365 sunt,
863 2329 918 2360 sed
941 2330 1047 2360 duma

350 2371 452 2402 etiam
467 2372 568 2404 edidit
581 2373 752 2411 denegare.
769 2372 865 2402 male.

396 2417 434 2444 14
450 2420 610 2453 proestare
628 2419 660 2445 et
675 2415 816 2454 probare
824 2414 967 2454 possent]
994 2415 1045 2444 Sic

350 2457 549 2486 correximus
564 2457 635 2495 lege
650 2456 836 2487 latinitatis.
864 2456 1045 2496 Vulgatum

344 2502 493 2536 possunt,
519 2509 578 2538 pro
601 2509 665 2538 quo
688 2500 752 2529 Ms.
776 2500 888 2529 Franc.
906 2503 1046 2538 possent,

350 2540 437 2578 quod
467 2540 616 2580 placebat
656 2541 797 2577 Graevio,
829 2541 921 2570 nullo
949 2540 1046 2570 modo

350 2587 437 2611 stare
460 2588 580 2621 potest.
623 2583 706 2613 Vult
727 2583 854 2619 docere,
871 2582 1044 2613 Fonteium

350 2622 482 2654 idoneos
507 2624 656 2655 homines
681 2626 770 2665 operi
795 2625 988 2665 praefecisse,
1007 2629 1045 2654 ut

351 2674 425 2706 post
438 2665 566 2705 planius
581 2667 795 2697 demonstrat.

398 2710 432 2738 15
456 2709 542 2738 viam
558 2709 605 2739 D.
622 2709 765 2749 munire]
782 2710 833 2739 Sic
848 2709 919 2740 edd.
935 2714 970 2739 et
983 2718 1044 2739 ser.

349 2750 395 2780 At
412 2750 557 2780 latinitas
569 2752 714 2790 postulat
731 2753 866 2787 ηιιυιὶνὶ,
883 2759 920 2782 ut
938 2751 1043 2781 Hoto-

350 2802 492 2822 mannus
505 2798 539 2822 et
552 2793 693 2823 Faernus
703 2795 776 2831 jam
789 2793 908 2831 videre,
921 2803 1044 2832 nosque

349 2835 522 2871 sensimus,
561 2845 637 2865 cum
673 2837 816 2875 primum
844 2836 1042 2877 legebamus.

350 2875 473 2917 Quidni
487 2886 564 2919 ergo
580 2878 791 2919 recipiamus?

1087 2205 1216 2243 quidem
1231 2204 1322 2234 locus
1338 2203 1479 2242 intelligi
1494 2207 1613 2243 potest.
1649 2200 1737 2232 Nam
1752 2201 1779 2230 si

1086 2247 1281 2285 e.rscripse1·e
1303 2246 1415 2276 literas
1430 2245 1502 2275 illas
1521 2244 1586 2274 sive
1607 2242 1781 2273 adversarii

1088 2288 1229 2324 Fonteii,
1252 2288 1317 2318 sive
1326 2287 1427 2328 judex
1448 2297 1524 2317 cum
1537 2285 1686 2321 consilio,
1701 2295 1782 2324 quo-

1088 2331 1185 2360 modo
1200 2331 1309 2369 potuit
1323 2331 1437 2360 statim
1449 2329 1567 2364 dicere,
1583 2337 1664 2367 quas
1676 2328 1704 2357 si
1719 2337 1779 2358 an*

1088 2377 1142 2403 tea
1161 2383 1225 2402 non
1249 2373 1380 2410 legistis.
1423 2372 1510 2402 Nam
1536 2370 1591 2409 qui
1612 2370 1778 2406 exscribit.

1088 2420 1175 2445 certe
1192 2415 1369 2445 necessario
1395 2414 1487 2453 legit.
1530 2412 1601 2443 Nec
1615 2415 1731 2442 noslroe
1743 2413 1781 2442 u-

1089 2461 1165 2486 teroe
1179 2467 1251 2496 quae
1265 2458 1345 2493 sint,
1370 2456 1474 2496 magis
1494 2454 1633 2494 intelligi
1657 2459 1780 2493 potest,

1088 2509 1186 2538 quain
1202 2504 1324 2529 vestrae.
1368 2499 1456 2529 Nam
1471 2496 1557 2537 quod
1569 2496 1734 2527 Feri-atius
1749 2507 1781 2537 p.

1091 2542 1161 2574 5296.
1190 2547 1287 2581 putat
1315 2550 1395 2577 esse,
1427 2549 1506 2579 quas
1534 2543 1703 2569 accusator
1727 2549 1783 2568 ex·

1088 2584 1274 2623 scripserat,
1294 2584 1320 2613 si
1344 2583 1382 2613 iis
1402 2587 1518 2612 eontra
1543 2581 1716 2611 Fonteium
1730 2581 1781 2611 uti

1088 2630 1208 2664 posset,
1239 2626 1271 2655 id
1297 2635 1399 2664 neque
1424 2634 1499 2654 cum
1526 2625 1650 2659 vestris,
1678 2632 1783 2662 neque

1089 2677 1162 2697 cum
1180 2668 1296 2698 nostris
1309 2666 1485 2697 consentit.
1508 2665 1615 2696 Locus
1630 2665 1781 2695 meliores

1087 2709 1187 2739 libros
1209 2714 1387 2749 exspectat.
1429 2708 1522 2739 Nihil
1540 2707 1655 2738 melius
1678 2706 1784 2738 habeo

1086 2752 1224 2787 interea,
1246 2761 1343 2790 quam
1367 2761 1407 2781 ez·
1431 2751 1548 2781 litteris
1570 2750 1726 2790 utrisque,
1749 2754 1781 2780 et

1087 2794 1190 2823 missis
1203 2798 1233 2823 ee
1247 2795 1370 2829 allatis,
1384 2802 1423 2823 se.
1442 2793 1546 2823 missis
1555 2803 1575 2822 a
1586 2792 1733 2828 Fonteio,
1746 2797 1782 2822 et

1087 2836 1200 2865 allatis
1212 2835 1348 2866 Fonteio
1361 2836 1402 2865 ab
1414 2834 1545 2876 legatis:
1561 2838 1601 2865 ut
1612 2844 1692 2874 quas
1702 2835 1783 2865 wri—

1079 2878 1192 2918 pn'stis
1204 2877 1246 2908 sit
1260 2878 1377 2918 glossa.
