1907 3231
598 79 668 117 IN
693 79 739 117 L.
770 79 1121 118 CATILINAM.

1513 83 1589 123 675

133 196 172 225 a
193 182 462 240 plinCiPlbUS
485 185 705 226 aCGl'I‘lmae
729 200 778 225 aC
803 184 1047 227 fortissmlae
1071 193 1313 233 Sententlae,
1337 199 1441 240 quas
1466 198 1587 224 sena·-

132 248 217 281 -tUS
240 243 279 272 23
294 257 325 282 Si
332 256 384 281 HC
412 240 478 284 Ull‘
471 257 496 281 d.
519 241 723 283 Varietate
747 252 812 283 est
838 251 1109 283 consecutus.

1170 241 1227 281 Et
1248 243 1451 297 quoniam
1475 256 1585 282 non-

145 297 247 338 dum
271 308 334 339 est
358 299 641 354 perscriptum
663 310 832 340 senatus
851 299 1113 348 consultum,
1135 313 1189 338 ex
1213 300 1421 340 memoria
1445 299 1580 349 vobis,

147 353 355 405 Quirites,
378 355 480 410 quid
511 366 682 397 senatus
713 357 941 407 censuerit,
963 370 1195 413 exponam.

146 412 298 467 gratiae
335 412 473 453 verbis
507 414 782 469 amplissimis
813 425 1014 471 aguntur,
1044 413 1160 469 quod
1191 412 1362 463 virtute,
1384 414 1582 462 consilio,

147 470 419 524 proxidentia
442 484 551 521 mea,
576 471 815 527 respublica
840 446 1043 528 peliculis
1071 470 1125 510 sit
1151 470 1351 512 maximis
1382 470 1581 512 libel-ata:

145 526 300 567 deinde
336 527 383 567 L.
406 527 584 569 Ἑ1·100115
616 539 659 570 et
694 529 745 570 C.
768 529 1032 579 Ρο1111111115,
1047 537 1266 592 praetores,
1296 528 1410 585 quod
1435 542 1584 568 eorum

126 598 276 639 ,opera
300 583 399 626 forti
425 584 627 650 fidelique
660 602 760 627 usus
792 601 943 638 essem,
967 586 1159 627 metito
1147 600 1311 640 acJure
1333 585 1581 626 laudantur:

125 651 273 696 ¹atque.
302 643 433 683 etiam
462 643 553 686 viro
581 643 703 707 fort-i,
730 643 908 700 collegae
941 658 1051 694 11100,
1074 642 1163 683 laus
1187 644 1445 699 impertitur,
1467 641 1583 697 quod

144 712 232 749 eos,
255 699 328 754 qui
353 700 480 756 hujus
513 701 824 756 conjurationis
841 677 1086 756 ”participes
1119 700 1315 751 fuissent,
1336 703 1411 741 243
1433 715 1519 740 51115
1541 708 1584 740 et

121 756 263 813 -xeipu
273 757 394 798 blicae
417 758 607 800 consiliis
642 759 909 800 removisset.

967 757 1114 813 Atque
1144 758 1205 798 ita
1236 766 1510 808 censum-‚unt
1536 766 1585 797 ut

143 812 197 856 P.
223 814 443 866 Lentulus,
467 830 565 856 cum
596 829 648 857 se
670 825 832 871 praetu]
836 831 860 856 ·1
881 815 1137 865 abdicasset,
1161 823 1252 855 tum
1276 815 1318 856 in
1341 789 1582 856 custodiam

144 872 405 913 tiM'adeietum
439 872 628 927 itemque
650 873 713 913 uti
735 872 787 913 C.
812 872 1048 929 Cethegus,
1074 872 1122 912 L.
1143 872 1353 923 Statilius,
1375 873 1425 913 P.
1447 872 1583 913 G·1bi-
1595 888 1626 917 p.
1645 878 1716 908 114.

142 929 254 980 nius,
276 931 350 985 qui
373 945 521 970 omnes
547 941 780 985 praesentes
802 939 938 981 erant,
962 932 1003 970 in
1024 930 1266 970 custodiam
1289 931 1557 971 traderentur
1573 931 1625 971 2³·

143 996 272 1042 atque
295 988 407 1028 idem
430 987 514 1029 hoc
532 989 751 1028 decretum
774 998 839 1028 est
862 988 903 1029 in
925 987 972 1028 L.
995 987 1208 1039 Cassium,
1230 988 1303 1043 qui
1327 988 1408 1028 sibi
1429 1002 1583 1044 procu-

143 1044 355 1085 rationem
394 1044 675 1086 ineendendae
712 1046 829 1086 urbis
863 1046 1200 1101 depoposcerat:
1233 1045 1277 1085 in
1302 1044 1370 1086 M.
1391 1044 1586 1101 Caepari*

140 1116 230 1152 um,
261 1102 329 1144 cui
374 1102 426 1143 ad
464 1101 757 1144 sollicitandos
797 1113 990 1159 pastores
1027 1101 1233 1158 Apuliam
1272 1117 1363 1143 esse
1401 1102 1586 1143 attribu-

117 1168 245 1209 ι111111,
275 1169 366 1200 erat
397 1160 659 1202 indicatum:

139 1217 221 1265 nis,
244 1231 352 1271 quos
382 1217 554 1258 Fesulas
592 1219 640 1259 L.
665 1218 782 1260 Sulla
803 1218 1009 1259 deduxit:

694 1160 736 1201 in
763 1160 813 1203 P.
844 1160 1037 1211 Furium,
1056 1160 1130 1216 qui
1158 1169 1223 1201 est
1251 1161 1290 1192 25
1305 1175 1360 1201 ex
1383 1159 1448 1201 his
1468 1160 1586 1201 0010-

1045 1218 1086 1258 111
1113 1217 1169 1264 Q.
1194 1217 1411 1258 Manlium
1435 1217 1585 1259 Chilo-

115 1288 252 1323 -nem,
284 1274 358 1329 qui
391 1290 474 1316 una
504 1290 602 1316 cum
635 1275 717 1317 hoc
749 1275 879 1316 Furio
903 1290 1070 1331 semper
1092 1284 1183 1315 erat
1212 1276 1253 1315 in
1280 1275 1359 1315 hac
1382 1274 1584 1316 Allobro-

139 1345 242 1387 gum
277 1332 581 1374 sollicitatione
612 1343 824 1374 versatus:
858 1334 901 1373 in
941 1333 988 1374 P.
1016 1333 1297 1383 Umbrenum,
1331 1332 1582 1374 libertinum

137 1388 375 1439 hominem,
400 1406 424 1430 a
445 1405 531 1445 quo
566 1390 753 1446 primum
788 1390 937 1432 Gallos
959 1390 1000 1421 26
1014 1391 1066 1431 ad
1088 1390 1327 1431 Gabinium
1350 1390 1580 1446 perductos

136 1461 229 1487 esse
251 1448 493 1488 constabat.
525 1446 670 1503 Atque
693 1463 742 1489 ea
764 1447 939 1488 lenitate
962 1456 1134 1489 senatus
1150 1457 1214 1488 est
1230 1463 1346 1498 usus,
1371 1447 1579 1498 Quirites,
1595 1459 1643 1492 15

113 1535 115 1537 -
137 1514 186 1544 ut
206 1518 261 1544 ex
285 1514 404 1545 tanta
426 1505 740 1560 conjuratione,
766 1514 970 1560 tantaque
993 1505 1034 1545 vi
1057 1520 1106 1545 ac
1128 1505 1405 1545 multitudine
1433 1504 1581 1546 dome-

136 1562 344 1602 sticorum
367 1562 572 1613 hostium,
596 1578 750 1604 novem
777 1562 1001 1603 hominum
1026 1562 1413 1618 perditissimorum
1438 1577 1585 1619 poena,

138 1619 362 1675 republica
382 1629 650 1670 conservata,
674 1620 936 1676 reliquorum
969 1629 1135 1660 mentes
1159 1620 1297 1660 sanari
1323 1635 1445 1675 posse
1472 1621 1587 1660 arbi-

137 1685 335 1718 traretur.

396 1676 542 1732 Atque
573 1678 704 1718 etiam
743 1677 1003 1734 supplicatio
1039 1677 1121 1717 diis
1155 1677 1470 1725 immortalibus
1508 1692 1587 1733 pro

140 1734 345 1789 singulari
369 1749 517 1775 eorum
541 1735 710 1785 merito,
733 1750 829 1776 meo
860 1735 1036 1776 nomine
1058 1735 1230 1776 decreta
1260 1744 1340 1785 est,
1365 1734 1583 1781 Quirites:

107 1815 110 1817 ·
135 1792 253 1847 quod
276 1792 383 1833 mihi
406 1792 593 1848 primum
611 1803 710 1849 post
733 1792 844 1834 hanc
862 1789 1010 1834 urbem
1030 1792 1252 1833 conditam
1273 1802 1424 1849 togato
1445 1793 1586 1833 conti-

130 1916 264 1937 summa
277 1907 359 1946 reip.
372 1908 479 1937 salute
489 1919 498 1937 .-
514 1906 599 1946 quod
612 1913 662 1937 est
677 1907 836 1947 exquisite

130 1948 288 1985 latinum,
304 1949 359 1979 sed
381 1950 414 1979 in
439 1949 502 1980 1100
525 1959 642 1989 genere
667 1950 836 1980 relationis

106 1994 110 1997 ”
135 2001 204 2020 non
233 1993 406 2022 usitatum.
451 1992 552 2022 Aldus
590 1998 704 2022 autem
730 1995 837 2022 salute

129 2033 264 2070 delevit,
301 2045 398 2073 quem
433 2036 534 2065 ceteri
557 2035 662 2065 secuti
688 2042 766 2065 sunt
797 2035 838 2066 ad

133 2086 235 2115 usque
260 2077 438 2112 Gra’vium,
464 2078 519 2116 qui
545 2078 584 2107 (le
608 2087 741 2108 summa
767 2088 836 2117 rep.

131 2119 222 2149 dedit
236 2130 275 2149 ex
290 2129 357 2149 uno
374 2120 483 2149 codice
496 2130 554 2150 suo
569 2129 629 2150 scr.

172 2163 213 2192 23
235 2162 305 2191 sine
328 2163 402 2191 ulla
426 2163 600 2202 varietate]
630 2162 702 2192 Hoc
731 2162 833 2192 malui

129 2203 237 2240 edere,
252 2204 327 2243 quia
343 2204 377 2234 in
392 2204 453 2234 hae
471 2215 503 2235 re
521 2209 570 2235 est
590 2206 764 2242 usitatum,
790 2206 833 2245 (v.

130 2246 236 2285 Clav.)
262 2256 362 2285 quam
386 2247 475 2285 quod
496 2251 545 2277 est
569 2248 600 2277 111
623 2247 672 2277 ed.
691 2248 744 2277 W.
765 2248 836 2278 sine

130 2298 237 2325 mora,
262 2289 428 2319 desertum
451 2290 491 2319 ab
513 2290 667 2320 omnibns
682 2289 833 2330 deinceps

128 2330 320 2362 editoribus.
365 2331 403 2361 ld
417 2338 530 2362 tamen
545 2332 832 2369 considerandum,

130 2382 211 2403 nam
226 2383 287 2404 nec
300 2385 320 2404 a
335 2374 529 2414 glossatore,
545 2384 605 2404 nec
617 2385 637 2405 a
650 2381 835 2405 correctore

130 2420 194 2446 est.

172 2460 215 2489 94
235 2469 257 2489 α
285 2461 352 2490 suis
386 2463 417 2489 et
442 2459 524 2498 reip.
559 2460 699 2490 consiliis
731 2459 830 2499 rem]

128 2500 276 2531 Graevins
303 2502 406 2532 edidit
430 2506 462 2532 et
489 2511 510 2531 a
534 2502 613 2541 reip.
640 2512 724 2532 cons.
771 2502 834 2532 Sed

128 2542 211 2573 mihi
226 2544 310 2574 alius
323 2545 395 2574 vitii
411 2544 552 2584 suspicio
565 2549 626 2574 est.
665 2545 833 2585 Reipubli-

128 2593 174 2614 coe
187 2587 321 2616 consilia
333 2597 485 2626 quaenam
498 2592 576 2617 sunt
585 2588 599 2615 ?'
615 2587 664 2616 An
678 2587 829 2627 publica?

130 2627 198 2657 Cur
212 2638 291 2667 ergo
315 2639 380 2659 non
405 2631 451 2659 sic
472 2630 544 2658 est?
570 2630 735 2659 Antoni-us
755 2639 830 2659 cum

127 2677 207 2700 ante
231 2671 362 2702 favisset
377 2672 532 2702 Catilinae
553 2672 702 2706 factioni.
717 2676 832 2712 captus

129 2711 298 2743 beneficiis
314 2714 481 2744 Ciceronis
494 2720 528 2743 et
544 2715 629 2751 aliis,
645 2715 776 2744 recessit
793 2713 833 2743 ab

114 2764 180 2794 ea,
196 2760 229 2785 et
256 2756 338 2786 nihil
354 2757 414 2786 sibi
428 2767 504 2786 eum
520 2757 558 2786 iis
574 2766 751 2787 commune
765 2766 834 2786 esse

126 2797 247 2828 voluit.
275 2798 346 2828 Hoc
361 2803 422 2835 est,
439 2809 461 2829 a
476 2801 543 2829 suis
558 2800 667 2828 consil.
685 2800 837 2830 removit.

127 2838 168 2869 In
181 2839 232 2870 ed.
246 2840 299 2871 W.
311 2846 397 2871 estu
410 2842 478 2872 suis
491 2852 520 2872 r.
530 2852 566 2882 p.
580 2843 719 2873 consiliis
731 2852 760 2873 r.
783 2843 835 2871 An

879 1915 926 1937 eae
941 1906 1049 1937 literae
1075 1910 1154 1938 sunt
1178 1917 1196 1937 e
1220 1914 1301 1938 nota
1325 1906 1496 1946 marginis,
1513 1916 1588 1946 quatv

880 1949 1053 1985 indicaret,
1079 1959 1146 1980 rem
1175 1950 1261 1981 hanc
1282 1950 1446 1990 pertinere
1464 1949 1504 1979 ad
1518 1953 1584 1979 sta-

879 1997 952 2022 tum
963 1992 1106 2023 civitatis
1121 1993 1308 2033 publicum:
1326 1993 1378 2022 vel
1390 1992 1495 2022 voluit
1508 1991 1585 2022 dare

882 2035 921 2064 de
935 2045 964 2065 r
976 2044 1012 2074 p.

924 2079 964 2107 25
987 2087 1026 2106 e.r
1053 2077 1103 2108 his
1124 2078 1265 2113 coloniis,
1288 2087 1370 2118 qaas
1388 2076 1520 2107 Pes-velas
1539 2074 1582 2105 L.

877 2119 913 2149 S.
930 2120 1079 2160 deduxit]
1106 2121 1158 2150 Sic
1183 2120 1256 2150 edd.
1279 2130 1328 2160 pr.
1353 2125 1387 2150 et
1411 2129 1473 2150 scr.
1496 2117 1584 2159 quod

875 2163 978 2192 sciam
990 2172 1116 2194 omnes.
1162 2163 1226 2193 Sed
1245 2171 1345 2202 supra
1360 2163 1432 2201 iam
1454 2160 1587 2192 monui-

878 2214 964 2241 mus,
1000 2205 1034 2234 in
1063 2215 1164 2235 unam
1194 2205 1309 2235 urbem
1339 2214 1406 2235 non
1436 2205 1582 2244 potuisse

877 2246 986 2286 plures
1001 2247 1147 2278 colonias
1161 2247 1286 2277 deduci.
1322 2246 1437 2286 Itaque
1451 2244 1582 2287 conjeci

877 2289 960 2319 olim
974 2299 1013 2318 ex
1029 2291 1079 2319 his
1092 2290 1221 2327 colonis,
1235 2300 1311 2330 quos
1327 2290 1385 2320 &c.
1423 2290 1532 2328 Atque
1548 2291 1583 2319 et

877 2331 1001 2361 Brutus
1029 2332 1119 2362 velut
1140 2342 1197 2372 per
1220 2334 1445 2371 conjecturam
1466 2332 1506 2362 ad
1533 2332 1581 2362 11.

877 2378 908 2407 9.
924 2374 1132 2414 sic-corrigit.
1177 2375 1242 2404 Sed
1267 2374 1344 2413 quid
1363 2384 1446 2415 opus
1469 2375 1582 2412 conje-

877 2417 1004 2446 cturis?
1026 2417 1079 2447 Sic
1097 2418 1169 2455 jam
1194 2417 1323 2448 edidere
1350 2417 1465 2454 Aldus,
1492 2417 1579 2448 vict.

878 2458 1035 2489 Cratand.
1063 2459 1103 2489 R.
1127 2459 1240 2500 steph.
1271 2459 1334 2489 Sed
1358 2459 1459 2490 HerV.
1483 2464 1518 2490 et
1543 2459 1580 2489 P.

877 2500 1050 2531 Manutius
1064 2506 1158 2532 vetus
1182 2502 1366 2538 restituere,
1381 2501 1468 2532 unde
1482 2503 1517 2532 in
1532 2512 1582 2532 se-

877 2549 1014 2583 quentes
1028 2554 1142 2574 omnes
1157 2544 1260 2580 venit,
1287 2545 1419 2575 nemine
1431 2545 1582 2576 animad-

876 2591 1039 2616 vertente.

917 2630 958 2659 ⁶26
980 2628 1026 2658 ad
1057 2627 1096 2658 G.
1121 2629 1300 2668 perductos*
1319 2628 1403 2669 esse}
1428 2629 1581 2660 Debebat

875 2680 944 2702 esse
972 2671 1132 2702 deductos.
1177 2671 1240 2701 Sed
1267 2672 1350 2703 dixit
1375 2674 1409 2702 in
1437 2672 1581 2703 deterius

870 2714 1059 2752 perductos,
1087 2712 1174 2752 quod
1209 2715 1349 2745 obscene
1385 2715 1518 2751 dieitur,
1547 2725 1578 2745 ν.

878 2755 970 2786 Clav.
985 2756 1017 2785 in
1033 2756 1066 2785 h.
1084 2766 1113 2786 v.
1127 2756 1204 2795 quia
1220 2758 1309 2788 maio
1322 2757 1459 2788 consilio
1472 2768 1511 2789 eo
1525 2757 1584 2788 de-

877 2799 968 2828 ducti
983 2802 1090 2830 erant.

789 2889 919 2925 xxss

1258 351 1452 396 Primum
1474 356 1580 396 mihi
1596 357 1643 390 14
