1907 3231
598 122 717 163 PRO
751 123 793 161 C.
832 118 1100 162 RABIRIO.
1468 125 1540 162 641

102 229 306 288 nobilitas
339 245 389 272 ac
418 229 626 284 juventus
660 234 914 279 accurreret,
947 228 989 259 36
1003 226 1086 268 Cn.
1118 233 1162 266 et
1196 226 1243 267 L.
1268 225 1472 278 Domitii,
1494 226 1544 269 L.

103 289 298 339 Crassus,
331 288 388 335 Q.
413 287 604 337 Mucius,
629 285 682 327 C.
707 286 928 336 Claudius,
951 282 1019 325 M.
1045 283 1233 335 Drusus3
1263 299 1363 325 cum
1395 299 1544 325 omnes

103 346 296 396 Octavii,
330 343 514 395 Metelli,
541 343 663 395 Julii,
701 343 856 395 Cassii,
880 341 1084 392 Catones,
1108 340 1336 396 Pompeii3
1368 356 1466 382 cum
1492 342 1541 383 L.

104 402 348 458 Philippus,
384 401 432 442 L.
464 401 627 456 Scipio,
658 416 757 442 cum
789 400 856 441 M.
897 399 1099 456 Lepidus,
1134 412 1234 439 cum
1274 397 1331 438 D.
1366 398 1541 450 Brutus,

102 474 203 501 cum
226 460 296 500 hic
317 459 410 515 ipse
434 457 484 499 P.
508 458 728 509 Servilius,
750 473 836 514 quo
859 466 906 498 tu
925 457 1199 512 imperatore,
1225 454 1429 506 Labiene,
1451 470 1542 497 me-

102 517 251 568 ruisti3
282 530 382 557 cum
405 515 475 557 hic
499 515 556 563 Q.
581 515 776 567 Catulus,
798 515 1029 556 admodum
1051 523 1143 554 tum
1163 511 1424 562 adolescens,
1443 527 1540 554 cum
1553 529 1584 559 p.
1598 522 1650 555 95.

102 573 175 616 hic
198 573 250 614 C.
275 572 424 624 Curio,
447 588 546 614 cum
569 573 753 628 denique
781 585 930 614 omnes
958 570 1182 612 clarissimi
1206 569 1286 611 viri
1316 583 1416 610 cum
1438 584 1543 610 con·
1554 571 1584 593 ὃ·

101 630 267 673 sulibus
290 640 454 682 essent3
486 630 589 686 quid
613 631 786 672 tandem
819 629 871 671 C.
895 628 1125 669 Rabirium
1147 627 1289 669 facere
1310 626 1543 668 convenit?

101 688 472 730 utruminclusum
492 698 622 744 atque
640 688 834 729 abditum
854 687 985 727 latere
1000 686 1041 726 in
1065 684 1252 736 occulto,
1272 693 1402 741 atque
1421 685 1544 741 igna-

100 746 217 787 viam
239 761 361 786 suam
383 746 657 787 tenebrarum
679 759 729 785 ac
751 744 965 800 parietum
987 742 1196 784 custodiis
1218 750 1390 798 tegere;
1422 757 1475 783 an
1498 742 1544 784 in

103 802 371 860 Capitolium
392 816 583 860 pergere,
607 811 735 857 atque
758 801 818 842 ibi
842 814 886 840 se
906 813 1006 840 cum
1030 811 1105 840 tuo
1126 809 1294 855 patruo,
1311 807 1355 840 et
1376 800 1545 851 ceteris,

103 860 156 901 ad
196 870 395 911 mortem,
439 868 616 918 propter
657 858 759 899 vitae
803 857 1133 913 turpitudinem,
1173 856 1544 912 confugientibus,

101 921 397 975 congregare?
427 933 482 959 an
503 931 602 959 cum
626 915 786 967 Mario,
811 915 990 966 Scauro,
1013 913 1186 965 Catulo,
1209 913 1407 965 Metello,
1428 914 1545 955 Scae-

103 974 215 1027 vola,
242 990 344 1035 cum
366 975 489 1016 bonis
518 973 704 1028 denique
734 972 936 1013 omnibus
957 972 1088 1023 coire,
1119 986 1207 1012 non
1230 972 1360 1013 modo
1382 971 1545 1023 salutis,

101 1045 252 1074 verum
291 1032 422 1073 etiam
466 1030 646 1088 periculi
691 1030 968 1071 societatem?
1009 1028 1077 1070 Tu
1108 1029 1309 1085 denique,
1340 1029 1544 1081 Labiene,
1559 1040 1592 1088 8

102 1090 207 1145 quid
231 1089 392 1130 faceres
416 1089 488 1130 tali
513 1089 555 1129 in
579 1102 623 1129 re
645 1103 694 1129 ac
715 1089 933 1143 tempore?
964 1101 1063 1128 cum
1086 1086 1273 1143 ignaviae
1304 1086 1414 1128 ratio
1437 1095 1479 1128 te
1500 1086 1542 1128 in
1557 1113 1607 1147 „33

104 1144 254 1203 fugam
276 1156 407 1202 atque
437 1149 477 1180 37
493 1146 536 1188 in
573 1146 758 1187 latebras
790 1143 1053 1201 impelleret;
1086 1143 1340 1201 improbitas
1362 1154 1406 1185 et
1427 1138 1580 1186 furor*

105 1204 155 1246 L.
177 1204 398 1246 Saturnini
430 1203 474 1246 in
499 1203 766 1259 Capitolium
797 1212 1056 1254 arcesseret3
1089 1201 1285 1242 consules
1317 1202 1370 1243 ad
1392 1203 1546 1258 patriae

102 1261 284 1303 salutem
303 1277 352 1303 ac
371 1262 613 1303 libertatem
631 1269 835 1301 vocarent
851 1277 862 1311 3
895 1274 1025 1315 quam
1041 1259 1215 1301 tandem
1229 1259 1548 1311 auctoritatem,

102 1333 235 1375 quam
257 1334 425 1370 vocem,
447 1319 570 1374 cujus
598 1327 760 1359 sectam
792 1317 927 1372 sequi,
949 1317 1073 1372 cujus
1097 1317 1280 1373 imperio
1303 1331 1450 1373 parere
1471 1322 1549 1373 'po-

104 1377 320 1418 tissimum
342 1377 499 1418 velles?
532 1376 732 1426 Patruus,
755 1375 912 1430 inquit,
934 1389 1054 1415 meus
1076 1389 1176 1416 cum
1192 1374 1425 1415 Saturnino
1449 1373 1547 1416 fuit.

105 1435 250 1482 Quid?
281 1444 403 1491 pater
432 1434 637 1490 quicum?
667 1432 796 1487 quid?
829 1432 1060 1488 propinqui
1092 1433 1238 1483 vestri,
1269 1432 1433 1487 equites
1458 1432 1549 1474 Ro-

103 1492 221 1533 mani
237 1495 250 1534 ?
272 1492 400 1547 quid?
422 1492 561 1533 omnis
578 1490 850 1546 praefectura,
864 1489 999 1545 regio,
1015 1489 1213 1530 vicinitas
1229 1492 1396 1532 vestra?
1419 1489 1550 1546 quid?

104 1564 208 1606 ager
242 1549 427 1592 Picenus
472 1549 711 1598 universus,
752 1555 897 1587 utrum
937 1546 1218 1588 tribunicium
1251 1546 1455 1597 furorem,
1494 1561 1548 1597 an

97 1606 373 1648 *consularem
394 1606 697 1648 auctoritatem
711 1613 882 1645 secutus
903 1607 994 1646 est?
1025 1602 1239 1659 Equidem
1261 1603 1344 1646 hoc
1366 1603 1548 1655 affirmo,
1561 1630 1612 1663 ⁶³3

103 1665 222 1720 quod
246 1674 291 1705 tu
324 1679 441 1706 nunc
473 1664 526 1705 de
562 1673 636 1704 tuo
670 1672 825 1718 patruo
857 1661 1082 1717 praedicaS,
1104 1662 1321 1703 neminem
1343 1652 1583 1716 umquam*

106 1722 249 1764 adhuc
271 1722 324 1763 de
346 1736 436 1762 sese
457 1736 548 1763 esse
570 1720 838 1762 confessum:
872 1733 999 1759 nemo
1021 1728 1100 1770 est,
1131 1719 1326 1774 inquam,
1349 1720 1551 1760 inventus

108 1787 196 1821 tam
220 1779 490 1836 profligatus,
523 1788 611 1820 tam
644 1776 853 1834 perditus,
876 1785 963 1817 tam
987 1777 1040 1817 ab
1073 1777 1191 1817 omni
1210 1791 1299 1817 non
1322 1776 1450 1818 modo
1474 1776 1553 1817 ho-

106 1845 289 1888 nestate,
312 1837 384 1878 sed
405 1838 537 1878 etiam
559 1834 833 1877 simulatione
863 1833 1103 1875 honestatis
1136 1834 1323 1885 relictus,
1347 1834 1419 1888 qui
1444 1848 1488 1875 se
1506 1834 1552 1875 in

110 1894 330 1951 Capitolio
360 1894 491 1935 fuisse
524 1909 624 1935 cum
655 1892 889 1934 Saturnino
926 1892 1147 1933 fateretur.
1208 1891 1268 1932 At
1297 1891 1381 1931 fuit
1410 1900 1551 1932 vester

106 1960 300 2009 patruuS.
332 1951 500 1994 Fuerit:
532 1961 577 1993 et
592 1951 722 1991 fuerit
743 1949 859 1990 nulla
877 1949 1175 2005 desperatione
1198 1963 1338 1990 rerum
1361 1962 1548 2000 suarum,

106 2009 234 2051 nullis
256 2010 505 2051 domesticis
528 2008 774 2051 vulneribus
798 2017 999 2048 coactus:
1033 2007 1256 2048 induxerit
1277 2021 1376 2047 eum
1402 2005 1450 2047 L.
1472 2006 1549 2046 Sa-

107 2067 271 2108 turnini
291 2067 573 2118 familiaritas,
595 2075 644 2107 ut
665 2064 903 2107 amicitiam
926 2065 1076 2120 patriae
1102 2073 1386 2121 praeponeret.
1420 2064 1549 2105 idcir-

106 2139 217 2166 cone
251 2126 446 2181 oportuit
485 2125 536 2166 C.
572 2123 802 2165 Rabirium
840 2121 1076 2163 desciscere
1106 2138 1131 2162 a
1167 2121 1411 2177 republica?
1458 2136 1546 2162 nou

105 2196 358 2239 comparere
388 2183 431 2224 in
464 2182 536 2223 illa
567 2190 732 2223 armata
751 2179 1029 2220 multitudine
1052 2181 1290 2221 bonorum?
1321 2178 1590 2236 consulume

108 2240 207 2281 voci
229 2250 359 2296 atque
389 2240 571 2296 imperio
594 2253 681 2280 non
703 2237 907 2279 obedire?
939 2237 1074 2293 Atqui
1107 2237 1317 2287 videmus,
1334 2236 1480 2277 38haec
1502 2237 1544 2276 in
1558 2253 1611 2287 24

109 2311 251 2339 rerum
280 2307 436 2339 natura
466 2297 549 2339 tria
581 2296 738 2338 fuisse:
773 2303 821 2335 ut
842 2304 917 2336 aut
946 2309 1044 2336 cum
1069 2294 1303 2336 Saturnino
1326 2302 1451 2342 esset,
1475 2303 1551 2335 aut

106 2455 223 2482 ventus
236 2452 382 2492 pertinet
395 2451 435 2483 ad
449 2461 504 2483 eos
519 2450 657 2488 nobiles,
678 2449 735 2490 qui
751 2447 805 2480 ad·
849 2447 1013 2486 quomodo
1043 2447 1181 2484 factum,
1209 2445 1306 2477 facile
1340 2446 1552 2486 intelligitur.

106 2492 175 2524 hue
190 2493 368 2526 militarem
383 2499 516 2526 aetatem
529 2494 707 2530 habebant,
723 2498 757 2522 et
771 2492 805 2521 in
849 2490 943 2520 Edidi
968 2491 1079 2530 itaque
1103 2499 1178 2520 cum
1204 2489 1333 2520 Graevio
1367 2488 1425 2520 Cn.
1452 2493 1484 2520 ec
1508 2489 1551 2520 L.

106 2536 273 2575 equitibus
297 2538 558 2568 numerabantur
585 2540 683 2575 atque
702 2535 804 2566 etiam
848 2533 1001 2564 Domitii.

108 2578 246 2608 militias
259 2585 424 2619 equestres
436 2580 611 2610 faciebant.
894 2578 932 2608 37
955 2577 993 2605 in
1022 2575 1166 2606 latebras
1194 2572 1392 2613 impelleret]
1429 2572 1549 2603 Malim

151 2621 194 2651 36
221 2621 253 2651 C.
269 2626 299 2652 et
326 2622 368 2653 L.
384 2621 568 2661 Domitius]
594 2621 697 2652 Recte
716 2618 806 2660 judi·
851 2619 1067 2657 compelleret,
1082 2617 1168 2657 quod
1181 2621 1231 2647 est
1245 2616 1414 2656 proprium
1431 2615 1465 2645 in
1486 2615 1548 2647 hac

106 2663 197 2693 eavit
210 2663 345 2704 Pighius
356 2665 533 2706 legendum
555 2674 623 2695 esse
643 2663 701 2694 Cn.
717 2666 748 2693 et
763 2662 803 2692 L.
850 2660 957 2691 forma
970 2661 1118 2691 verbum.
1132 2669 1210 2690 nam
1224 2659 1303 2698 imp.
1318 2657 1430 2688 durius
1444 2662 1505 2688 est.

95 2704 264 2743 Domitii,
288 2711 328 2737 ut
346 2708 418 2747 jam
446 2707 592 2738 ediderat
626 2706 728 2736 Aldus
763 2704 805 2735 N.
893 2706 933 2734 38
956 2705 1022 2734 lzaec
1044 2703 1110 2733 tria
1131 2704 1167 2732 in
1188 2712 1216 2732 r.
1238 2699 1403 2740 afuisse]
1427 2699 1550 2739 Exqui-

111 2749 202 2778 1580.
251 2747 309 2779 C‘n.
321 2755 394 2780 erat
407 2754 441 2780 et
455 2751 490 2781 in
513 2749 577 2780 ΜΞ.
592 2749 644 2779 Fr.
659 2754 692 2778 et
706 2751 757 2778 est
771 2747 806 2777 in
850 2745 915 2776 sita
937 2745 1044 2776 forma
1077 2744 1243 2784 loquendi.
1280 2743 1386 2773 nostri
1420 2741 1550 2777 dicunt,

110 2789 150 2821 ed
168 2790 223 2821 W.
246 2790 279 2821 in
303 2792 419 2830 quibus
439 2797 554 2823 tamen
578 2791 806 2822 Domitiorum
850 2788 1019 2828 possibilia
1040 2787 1153 2818 fuisset
1177 2787 1254 2817 dass
1271 2795 1338 2817 nur
1364 2785 1448 2816 diese
1471 2784 1550 2823 drey

109 2842 230 2862 nomen
256 2833 395 2871 excidit,
418 2840 531 2874 estque
554 2834 600 2865 sie
629 2833 688 2864 Cn.
711 2837 742 2863 et
764 2832 806 2862 L.
837 2830 933 2870 stille
947 2831 1087 2869 mb‘glich
1099 2838 1257 2869 gewesen.

119 2875 261 2912 Crassus,
277 2876 363 2915 quod
376 2883 488 2908 secuta
502 2884 552 2908 est
563 2876 614 2908 ed.
635 2879 724 2908 1480.
770 2874 809 2905 Id

167 2931 276 2959 VOL.
302 2933 356 2960 11.
779 2931 806 2959 T
831 2928 847 2960 t
