1907 3231
315 139 388 177 152
850 135 918 173 IN
943 134 1216 175 VERREM

314 238 396 279 iste
424 238 712 295 proficiscitur
733 238 865 295 prius,
895 254 1023 295 quam
1058 255 1165 296 opus
1197 239 1398 281 effectum
1427 247 1506 279 est.
1566 238 1743 281 Postea-

313 309 441 350 quam
467 310 560 337 reus
590 295 728 338 factus
761 305 840 345 est,
873 298 1010 351 primo
1044 298 1233 354 negabat
1264 311 1372 353 opus
1391 299 1428 329 57
1446 297 1487 337 in
1515 304 1740 352 acceptum

269 367 300 396 b.
313 351 468 394 referre
499 367 638 409 posse.-
658 367 754 394 cum
779 353 953 394 instaret
977 354 1211 405 Rabonius,
1244 354 1285 394 in
1311 369 1377 394 me
1403 368 1574 394 causam
1592 352 1740 394 confe—

313 410 448 461 rebat,
477 411 590 465 quod
615 420 704 450 tum
727 409 918 450 codicem
941 411 1249 466 obsignassem.
1312 410 1428 451 Petit
1448 426 1473 451 a
1502 424 1569 451 me
1593 409 1738 451 Rabo-

311 467 422 516 nius,
453 476 495 508 et
516 467 675 508 amicos
706 465 884 522 aliegat:
918 466 1041 508 facile
1073 468 1287 523 impetrat.
1319 468 1414 518 iste,
1445 467 1547 522 quid
1576 475 1738 523 ageret,

311 525 543 564 nesciebat.
605 525 648 564 Si
687 524 726 563 in
749 531 973 577 acceptum
1005 538 1089 564 non
1124 525 1348 575 retulisset,
1381 525 1560 580 putabat
1589 538 1632 565 se
1661 524 1737 565 ali-

311 581 414 634 quid
433 584 472 611 58
486 581 745 621 defensionis
767 579 1026 620 habiturum.
1090 580 1336 622 Rabonium
1367 595 1492 636 porro
1527 580 1738 638 intellige-

314 637 387 678 bat
409 652 497 679 rem
527 646 662 678 totam
695 650 785 677 esse
820 635 1149 691 patefacturum.
1174 638 1358 688 tametsi,
1388 639 1540 694 ⁵9quid
1570 646 1739 694 poterat

312 708 403 735 esse
439 694 640 750 apertius,
672 707 801 748 quam
836 707 950 734 nunc
981 705 1060 744 est,
1090 702 1139 734 ut
1176 709 1261 734 uno
1291 695 1432 736 minus
1469 704 1577 736 teste
1607 694 1737 736 habe-

313 761 377 791 ret
400 751 624 793 Rabonio?
686 750 807 807 Opus
837 750 878 791 in
903 764 1003 792 acce
1038 760 1128 791 tum
1151 751 1295 792 retulit
1317 752 1596 807 quadriennio
1624 761 1737 808 post,

223 820 299 858 150
312 823 439 863 quam
461 809 574 850 diem
597 809 715 865 operi
737 808 919 849 dixerat.
981 766 1079 849 ἕεις
1114 808 1376 858 conditione,
1407 809 1440 849 si
1470 810 1564 864 quis
1586 809 1638 850 de
1661 824 1738 865 po-

310 865 411 921 pulo
433 865 675 921 redemptor
695 865 736 896 60
748 865 1008 915 accessisset,
1039 879 1122 906 non
1147 875 1258 906 esset
1279 880 1393 906 usuS.
1412 879 1510 906 cum
1534 866 1602 907 die
1623 875 1737 908 cete-

308 937 377 964 ros
409 923 696 979 redemptores
718 922 982 972 exclusisset,
1006 931 1097 962 tum
1127 923 1170 963 in
1201 922 1293 977 ejus
1324 922 1550 964 arbitrium
1579 938 1628 964 ac
1659 938 1736 980 po·

308 988 505 1021 testatem
530 980 672 1021 venire
695 979 912 1029 nolebant,
932 979 1005 1033 qui
1029 979 1110 1019 sibi
1133 989 1321 1035 ereptam
1345 980 1533 1035 praedam
1555 980 1735 1022 arbitra—

307 1048 436 1078 retur.
494 1038 530 1068 6¹
550 1037 664 1078 Nam
692 1037 794 1092 quid
826 1045 1188 1091 argumentamur,
1209 1052 1294 1092 quo
1318 1037 1400 1077 ista
1430 1037 1612 1092 pecunia
1641 1051 1736 1093 per-

307 1095 496 1136 venerit?
528 1093 631 1134 fecit
668 1094 758 1149 ipse
799 1092 1020 1134 indicium.
1083 1092 1275 1134 Primum
1307 1109 1406 1135 cum
1439 1093 1734 1136 vehementius

306 1166 404 1192 cum
427 1165 478 1192 eo
505 1150 559 1192 D.
586 1151 744 1192 Brutus
773 1149 1065 1200 contenderet,
1087 1150 1160 1205 qui
1182 1151 1222 1181 6⁶2
1235 1151 1287 1191 de
1318 1165 1392 1191 sua
1425 1151 1606 1206 pecunia
1639 1150 1737 1194 H-S

310 1222 406 1249 DLX
440 1208 573 1249 millia
603 1208 868 1258 numeravit3
899 1207 1013 1262 quod
1044 1207 1138 1261 jam
1177 1207 1256 1248 iste
1290 1206 1397 1248 ferre
1428 1222 1516 1248 non
1550 1216 1733 1263 poterat,

305 1279 434 1321 opere
465 1265 651 1316 addicto,
683 1265 898 1322 praedibus
930 1265 1132 1320 acceptis,
1163 1264 1216 1305 de
1250 1264 1348 1306 H-S
1380 1278 1494 1306 που(
1530 1265 1734 1316 millibus,

304 1322 470 1363 remisit
494 1322 550 1363 D.
573 1322 710 1364 Bruto
734 1322 832 1363 H-S
859 1335 920 1362 cx
953 1321 1098 1362 millia.
1160 1320 1260 1363 Hoc
1291 1322 1322 1362 si
1356 1322 1493 1363 aliena
1522 1336 1586 1362 res
1608 1331 1733 1374 esset,

305 1390 420 1421 certe
442 1379 581 1421 facere
603 1394 687 1421 non
718 1379 940 1435 potuisset.
1002 1377 1170 1419 Deinde
1200 1379 1363 1420 nummi
1394 1378 1606 1420 numerati
1636 1388 1737 1420 sunt

309 1436 569 1479 Cornificio:
601 1451 728 1493 quem
753 1436 936 1478 scribam
967 1450 1089 1476 suum
1112 1435 1242 1476 fuisse
1272 1450 1428 1492 negare
1457 1451 1550 1478 non·
1576 1445 1734 1492 potest.

309 1494 533 1536 Postremo
556 1495 688 1550 ipsius
714 1493 901 1542 Rabonii
923 1493 1080 1534 tabulae
1112 1493 1300 1548 praedam
1322 1492 1436 1534 illam
1459 1493 1582 1534 istius
1604 1493 1736 1535 fuisse

223 1552 507 1618 5gclamant.
547 1564 728 1593 REcrrA
766 1564 969 1592 NOMINA
1014 1563 1243 1591 RABoNss.
1304 1549 1392 1590 Hic
1424 1550 1554 1591 etiam
1593 1550 1734 1606 priore

220 1640 289 1675 151
308 1610 476 1650 actione
500 1609 556 1656 Q.
581 1608 838 1650 Hortensius
870 1607 1079 1663 pupillum
1103 1607 1283 1650 Junium
1307 1607 1471 1648 venisse
1501 1616 1734 1663 praetexta-

307 1675 396 1708 tum
420 1667 462 1707 in
482 1676 672 1720 ⁵vestrum
694 1674 987 1723 conspectum,
1008 1665 1047 1696 63
1061 1674 1105 1706 et
1125 1665 1290 1706 stetisse
1312 1678 1411 1706 cum
1438 1673 1590 1721 patruo
1614 1664 1734 1706 testi-

343 1825 380 1860 57
404 1827 439 1856 in
456 1829 623 1865 acceptum
644 1822 769 1865 referre
785 1823 889 1864 posse]
916 1824 994 1855 Pro-

300 1868 382 1899 clivc
406 1874 468 1904 est,
491 1878 566 1897 cum
593 1867 808 1898 Hotomanno
832 1867 994 1906 corrigere

300 1910 419 1950 referri
429 1923 438 1939 .·
461 1910 573 1941 Potest
585 1910 685 1940 etiam
702 1908 854 1948 intelligi,
867 1918 911 1939 se.

343 1956 382 1984 58
405 1951 608 1992 defensionis]
634 1952 751 1991 Recepi
775 1961 850 1981 cum
866 1950 994 1991 Graevjo

299 2005 339 2026 ex
354 1995 492 2026 Asconio
507 2004 565 2034 pro
580 1993 798 2033 defensionum
809 2006 818 2023 .·
841 1993 892 2023 Sic
908 1992 996 2022 vole-

300 2037 357 2068 bat
382 2044 415 2068 ct
440 2036 682 2067 Hotomannus.
723 2035 930 2066 Terminatio
948 2034 995 2064 vi-

299 2080 384 2110 tiosa
401 2080 488 2110 facta
509 2084 559 2109 est
579 2090 596 2109 e
617 2078 810 2118 compendio
824 2078 996 2117 scripturae

299 2122 464 2162 defensioil
494 2126 528 2152 et
556 2120 701 2152 clausula
736 2121 824 2151 verbi
860 2129 996 2159 sequen-

298 2165 352 2194 tis.

341 2210 381 2239 59
403 2206 481 2246 quid
490 2209 621 2246 poterat
635 2214 700 2235 esse
714 2203 787 2243 δια]
806 2204 923 2241 Credo,
940 2205 994 2235 Ci-

298 2258 447 2279 ceronem
474 2248 637 2288 scripsisse
659 2247 714 2286 qui
740 2256 797 2286 pro
822 2248 993 2286 quomodo.-

300 2301 417 2331 nempe
441 2296 574 2330 propter
596 2289 689 2326 illud,
709 2298 809 2328 quam
828 2299 914 2319 nunc
937 2294 993 2320 est.

297 2333 382 2370 Seio,
397 2334 476 2372 quid
495 2333 595 2363 etiam
618 2341 710 2372 posse
732 2330 872 2370 intelligi
887 2341 990 2370 quan-

296 2380 366 2406 tum
379 2388 388 2404 .·
410 2375 465 2405 sed
486 2380 598 2405 tamen
620 2373 701 2404 mihi
723 2372 756 2403 h.
771 2373 793 2403 l.
812 2372 922 2403 durius
945 2374 990 2405 vi-

296 2417 401 2448 detur.

337 2461 379 2490 60
400 2460 589 2494 accessisset,
616 2467 680 2488 non
703 2461 781 2488 essee
806 2456 896 2496 usus]
925 2458 990 2489 Ad-

295 2502 360 2532 didi
376 2511 450 2531 cum
475 2501 648 2536 Lambino,
664 2500 792 2530 Graevio
807 2500 864 2530 διε.
881 2511 898 2529 e
921 2500 990 2530 Pri-

294 2545 418 2581 seiano,
434 2553 495 2573 non
510 2548 587 2573 esset
603 2552 698 2573 usus:
717 2552 781 2581 quo
795 2542 864 2572 sine
878 2551 990 2573 sensus

295 2585 406 2616 nullus
421 2591 480 2615 est.
524 2585 593 2616 Nec
609 2590 720 2615 tamen
736 2584 781 2614 sie
804 2584 923 2614 lacuna
936 2594 990 2614 ex-

294 2628 384 2668 pleta
402 2635 469 2658 est:
494 2636 553 2657 nec
575 2626 661 2666 quod
681 2627 830 2665 sequitur
851 2635 902 2666 ap.
922 2626 989 2657 Pri—

294 2671 455 2705 scianum,
481 2670 559 2707 satis
586 2668 746 2699 cohaeret:
775 2677 856 2698 nam
880 2669 908 2698 si
935 2670 990 2708 qui

292 2714 481 2742 accessisset.
526 2710 695 2751 Explenda
719 2715 829 2741 autem
851 2716 902 2740 est
922 2710 989 2741 fere

293 2755 327 2784 in
350 2755 437 2784 hune
462 2752 612 2783 modum:
636 2762 694 2781 nec
718 2763 791 2783 vero
816 2753 988 2791 quisquam

292 2798 434 2826 occessit.
473 2795 510 2825 ln
524 2795 589 2824 fine
604 2793 687 2824 edidi
701 2805 775 2825 curn
791 2794 918 2824 Graevio
933 2805 987 2825 no-

292 2839 414 2875 lebam,
424 2839 476 2877 qui
491 2836 530 2867 ad
544 2837 621 2866 Mss.
635 2843 800 2876 provocat.
817 2837 877 2866 Est
887 2838 987 2868 etiam

290 2881 337 2910 sie
352 2881 385 2911 in
402 2881 471 2911 edd.
489 2889 537 2919 pr.
552 2879 676 2909 nolebat
693 2885 740 2909 est
757 2879 797 2909 ab
811 2878 904 2909 Aldo.

1078 1823 1114 1854 61
1136 1823 1231 1855 Nam
1245 1823 1325 1864 quid
1338 1821 1629 1862 argumentamur]
1653 1820 1737 1854 Mss.

1036 1869 1070 1896 et
1084 1865 1155 1897 edd.
1170 1876 1218 1906 pr.
1234 1876 1339 1896 nonne
1357 1875 1432 1905 arg.
1456 1864 1541 1904 quod
1555 1869 1605 1896 est
1626 1864 1735 1896 nihili.

1038 1909 1133 1939 Nam
1155 1909 1234 1948 quid
1245 1913 1295 1939 est
1314 1919 1334 1938 a
1346 1908 1506 1945 victorio,
1519 1916 1616 1947 quem
1630 1907 1731 1938 ceteri

1036 1950 1139 1981 secuti
1151 1955 1239 1980 sunt.
1255 1951 1300 1981 Et
1314 1950 1413 1981 habet
1425 1960 1464 1981 ea
1477 1949 1575 1981 lectio
1587 1949 1732 1981 colorem
1788 1970 1794 1975 ι

1037 1993 1253 2031 antiquitatis.

1080 2035 1120 2065 62
1142 2036 1180 2065 de
1194 2044 1255 2065 sua
1263 2044 1300 2074 p.
1317 2033 1399 2065 H-S
1411 2041 1479 2065 mx
1494 2032 1553 2072 m.]
1578 2032 1630 2063 Sic
1642 2032 1733 2064 hune

1038 2087 1212 2107 numerum
1234 2077 1405 2114 constitui,
1424 2076 1478 2116 qui
1497 2076 1584 2105 varie
1604 2075 1731 2106 editur:

1038 2121 1114 2159 quia
1128 2120 1213 2149 infra
1227 2119 1272 2149 sic
1285 2124 1347 2156 est,
1362 2124 1396 2150 et
1418 2117 1548 2158 quidem
1570 2117 1604 2147 in
1627 2117 1730 2155 libris,

1035 2162 1106 2192 edd.
1133 2172 1181 2202 pr.
1210 2161 1330 2191 Brutus
1357 2170 1440 2202 praes
1465 2159 1570 2190 factus
1597 2164 1670 2190 erat
1695 2160 1731 2191 in

1036 2212 1115 2234 DLx.
1133 2203 1248 2240 millia,
1263 2214 1302 2234 ea
1319 2203 1457 2234 debebat
1478 2211 1650 2232 numerare
1672 2206 1731 2233 aut

1028 2247 1101 2285 jam
1129 2250 1316 2276 numerarat
1338 2244 1497 2276 Rabonio.
1541 2243 1581 2274 Ei
1602 2243 1641 2274 de
1666 2243 1729 2275 hac

1036 2297 1166 2319 summa
1181 2296 1237 2319 cx.
1254 2288 1396 2318 remissa.
1441 2287 1595 2317 Ceterum
1613 2289 1648 2316 et
1667 2295 1731 2317 nu-

1032 2331 1173 2361 meravit
1194 2340 1259 2360 non
1281 2330 1351 2360 sine
1365 2329 1445 2360 vitio
1459 2333 1526 2359 est:
1549 2327 1601 2358 vel
1615 2337 1730 2359 nume—

1031 2373 1130 2403 rabat
1150 2371 1337 2412 legendum,
1353 2371 1403 2402 vel
1424 2374 1630 2401 numerarat.
1645 2369 1730 2402 illud

1031 2415 1158 2446 melius.
1180 2415 1292 2445 “Dum
1306 2418 1459 2444 numerat
1473 2413 1596 2444 Brutus
1611 2412 1727 2443 scribat

1032 2457 1153 2494 Verris,
1175 2456 1245 2497 ipso
1263 2466 1386 2493 coram,
1406 2455 1592 2496 pecuniam,
1614 2455 1728 2486 fremit

1031 2505 1066 2530 et
1088 2500 1251 2538 vituperat
1265 2497 1418 2528 Verrem:
1441 2496 1527 2537 quod
1545 2506 1622 2527 cum
1642 2496 1727 2528 ferre

1033 2551 1098 2571 non
1121 2545 1241 2582 posset,
1264 2539 1413 2580 placandi
1434 2548 1548 2570 caussa
1568 2538 1724 2576 hominis,

1033 2588 1091 2614 aut
1113 2592 1170 2623 per
1191 2583 1446 2623 impatientiam,
1468 2585 1506 2611 ut
1524 2580 1576 2617 fit,
1599 2580 1726 2611 remisit

1033 2626 1157 2656 homini
1179 2633 1235 2655 cx.
1251 2624 1363 2655 millia.
1408 2623 1462 2654 Ita
1480 2622 1570 2654 dedit
1591 2626 1726 2654 tantum

1034 2676 1157 2698 ccch.
1171 2666 1284 2697 millia.

1073 2710 1112 2740 63
1127 2713 1158 2739 et
1175 2713 1267 2740 testes
1279 2717 1387 2738 seeum
1396 2706 1448 2747 p.]
1468 2706 1524 2742 vSic
1539 2705 1676 2746 vulgati.
1692 2705 1725 2737 id

1030 2758 1143 2782 autem
1163 2760 1230 2781 esse
1253 2751 1417 2785 vitiosum,
1433 2749 1664 2779 consentiunt:
1689 2751 1726 2779 et

1031 2793 1065 2823 in
1083 2803 1121 2823 eo
1135 2792 1216 2823 vitio
1237 2793 1337 2823 etiam
1360 2790 1573 2822 consentiunt
1594 2790 1674 2821 Mss.
1689 2793 1726 2820 et

1030 2835 1102 2865 edd.
1116 2839 1196 2865 vett.
1240 2834 1418 2865 Lambinus
1436 2832 1536 2863 edidit
1557 2831 1596 2863 de
1618 2832 1725 2863 Mem-

1033 2877 1090 2908 mii
1126 2877 1293 2908 verissima
1323 2877 1523 2916 conjectura,
1550 2878 1581 2906 et
1605 2875 1727 2906 stetisse
