1907 3231
479 115 602 154 AcT.
631 113 682 152 11.
716 111 903 151 LIBER
928 112 1260 153 SECUNDUS.
1518 118 1588 153 183

159 220 360 271 suetudo)
381 220 431 271 is,
454 220 527 275 qui
553 222 588 252 ¹7
604 218 838 274 Erycinum
856 227 1048 259 montem
1079 218 1328 259 obtinebat:
1351 219 1459 273 petit
1485 217 1588 259 Nae-

163 278 256 319 vius
283 277 444 334 Turpio
477 276 666 332 quidam,
701 276 822 316 istius
863 290 1065 316 excursor
1098 285 1141 316 et
1170 275 1425 324 emissarius,
1457 275 1586 316 homo

160 335 354 376 omnium
395 349 450 375 ex
492 333 563 374 illo
605 342 819 374 conventu
847 336 881 364 1‘3
896 332 1276 388 quadruplatorum
1319 332 1585 383 deterrimus,

163 391 214 433 C.
248 391 478 432 Sacerdote
509 401 692 446 praetore
731 390 1038 431 condemnatus
1074 389 1340 444 injuriarum.
1414 388 1585 429 Etenim

157 457 249 488 erat
269 448 480 504 ejusmodi
504 463 644 498 causa,
668 456 716 488 ut
747 447 836 503 ipse
859 459 1031 502 praemr,
1055 461 1153 487 cum
1183 453 1394 500 quaereret
1423 445 1584 486 calum-

157 505 381 556 niatorem,
404 505 544 561 paullo
570 515 711 546 tamen
733 504 1109 545 consideratiorem
1143 504 1324 559 reperire
1361 517 1446 543 non
1485 517 1583 557 pos-

158 570 236 602 set.
298 562 481 603 19Hune
515 562 732 603 hominem
768 561 922 602 Veneri
955 561 1160 604 absolvit:
1194 561 1275 601 sibi
1308 560 1580 601 condemnat.
1595 558 1712 594 p.113.

154 618 306 660 maluit
339 620 538 660 videlicet
570 620 764 660 homines
793 633 983 675 peccare,
1021 633 1148 673 quam
1172 618 1294 659 deos:
1328 632 1371 658 se
1393 616 1536 672 potius
1559 608 1623 657 a&

156 674 315 727 Dione,
333 677 446 732 quod
469 692 555 717 non
577 677 748 728 licebat,
767 690 894 731 quam
914 676 1138 726 Venerem,
1153 676 1267 730 quod
1289 690 1374 716 non
1397 675 1583 714 debeba-

157 741 238 784 tur,
261 732 439 775 auferre.
501 734 619 780 Quid
650 749 731 790 ego
754 733 824 774 hic
845 748 959 774 nunc
990 733 1091 773 Sex.
1127 732 1323 788 Pompeii
1349 731 1496 772 Chlori
1521 740 1580 771 te·
1592 734 1642 768 23

154 790 406 832 stimonium
433 792 622 842 recitem,
649 791 721 846 qui
753 804 924 831 causam
954 790 1045 845 egit
1068 789 1251 831 Dionis?
1282 789 1354 844 qui
1379 789 1582 830 omnibus

154 848 280 888 rebus
302 848 517 901 interfuit3
549 848 735 890 hominis
759 846 1062 897 honestissimi,
1086 846 1255 887 tametsi
1287 846 1392 887 civis
1422 845 1583 886 Roma-

152 919 233 945 nus
267 906 436 946 virtutis
474 921 602 947 causa
623 905 793 960 jamdiu
825 913 902 954 est,
934 914 1076 944 tamen
1111 904 1304 945 omnium
1339 903 1583 945 Siculorum

154 961 283 1017 primi
322 979 371 1005 ac
404 962 675 1004 nobilissimi.
736 961 854 1009 Quid
897 962 1030 1017 ipsius
1064 963 1104 993 ‘20
1119 962 1176 1008 Q.
1201 959 1367 1002 Caecilii
1411 960 1582 1011 Dionis,

153 1019 354 1072 hominis,
389 1020 680 1076 probatissimi
710 1034 759 1061 ac
790 1018 1117 1075 pudentissimi?
1159 1019 1277 1065 Quid
1311 1018 1359 1058 L.
1383 1017 1581 1058 Vetecilii

153 1076 340 1133 Liguris,
370 1077 420 1118 T.
438 1077 608 1129 Manlii,
635 1078 682 1117 L.
699 1077 873 1119 Caleni?
904 1090 1087 1131 quorum
1106 1077 1299 1116 omnium
1321 1075 1579 1116 testimoniis

148 1133 204 1174 de
226 1134 305 1175 hac
338 1134 493 1175 Dionis
526 1135 707 1191 pecunia
736 1134 1039 1176 confirmatum
1069 1143 1147 1174 est.
1210 1133 1339 1174 Dixit
1360 1132 1442 1173 hoc
1465 1132 1579 1173 idem

151 1189 220 1231 M.
254 1191 470 1244 Lucullus,
504 1207 547 1232 se
580 1193 632 1232 cle
663 1193 728 1232 his
763 1191 916 1232 Dionis
949 1190 1232 1231 incommodis
1265 1205 1340 1246 pro
1373 1190 1576 1246 hospiti0‚

147 1249 265 1303 quod
289 1250 368 1289 sibi
393 1264 491 1290 cum
512 1264 563 1290 eo
584 1259 709 1300 esset,
726 1248 820 1303 jam
842 1256 940 1288 ante
959 1262 1182 1304 cognosse.
1245 1247 1389 1294 Quid?
1421 1246 1576 1287 Lucul-
1587 1247 1642 1284 ⁶24

146 1304 227 1356 lus,
266 1307 339 1362 qui
382 1316 473 1347 tum
512 1307 554 1346 in
594 1305 855 1347 Macedonia
892 1304 989 1355 fuit,
1028 1305 1178 1345 melius
1216 1304 1312 1345 haec
1355 1304 1578 1360 cognovit,

147 1377 278 1418 quam
302 1372 363 1414 tn,
399 1364 620 1414 Hortensi,
644 1364 716 1418 qui
752 1362 903 1403 Romae
936 1361 1084 1403 fuisti?
1115 1362 1168 1402 ad
1199 1376 1327 1417 quem
1359 1361 1447 1402 Dio
1476 1376 1579 1402 con-

147 1420 289 1476 fugit?
321 1421 394 1476 qui
426 1422 478 1461 de
510 1420 666 1461 Dionis
702 1420 869 1475 injuriis
902 1419 1152 1475 gravissime
1184 1433 1257 1474 per
1287 1419 1448 1459 litteras
1480 1433 1579 1460 cum

147 1476 280 1517 Verre
301 1489 474 1533 questus
497 1480 564 1519 es?
597 1478 724 1519 Nova
755 1477 834 1517 tibi
868 1476 960 1517 haec
984 1486 1096 1528 sunt,
1119 1485 1163 1517 et
1184 1476 1433 1531 inopinata?
1464 1491 1579 1518 nunc

145 1535 333 1589 primum
364 1535 445 1577 hoc
478 1549 598 1576 aures
621 1544 707 1576 tuae
730 1535 891 1575 crimen
924 1534 1169 1589 accipiunt?
1200 1533 1309 1574 nihil
1330 1547 1385 1574 ex
1420 1532 1577 1584 Dione,

145 1590 254 1631 nihil
275 1607 329 1633 ex
353 1608 477 1633 socru
500 1602 586 1644 tua,
607 1591 791 1633 foemina
808 1591 1025 1647 primaria,
1042 1589 1236 1642 Servilia,
1259 1600 1403 1632 vetere
1422 1589 1577 1631 Dionis

144 1647 331 1704 hospita,
354 1650 536 1692 audisti?
569 1650 725 1691 Nonne
746 1649 881 1689 multa
909 1649 993 1689 mei
1017 1657 1160 1700 testes,
1190 1663 1286 1704 quae
1311 1647 1469 1698 tuscis,
1502 1662 1577 1688 ne-

142 1706 310 1748 sciunt?
334 1722 474 1748 nonne
494 1716 534 1748 te
546 1707 654 1748 mihi
668 1716 820 1748 testem
835 1707 878 1747 in
893 1706 975 1747 hoc
989 1706 1168 1747 crimine
1180 1705 1339 1762 eripuit
1350 1720 1437 1746 non
1454 1705 1575 1746 istius

143 1762 895 1821 innocentia,2’1sedlegisexceptio?
929 1777 1181 1804 ΤΕΒΤΙΜΟΝ
1195 1777 1246 1804 1A
1272 1775 1323 1804 Μ.
1346 1774 1573 1813 Lucium,

145 1834 348 1872 anoRl,
371 1836 562 1863 morus.
623 1822 792 1863 Satisne
813 1821 935 1862 vobis
959 1835 1160 1877 magnam
1183 1821 1410 1877 pecuniam
1434 1820 1572 1861 Vene-

142 1878 230 1918 rius
254 1877 399 1929 homo,
421 1879 494 1934 qui
525 1894 548 1920 e
579 1879 830 1921 Chelidonis
860 1879 956 1919 sinu
988 1878 1032 1918 in
1055 1878 1322 1934 provinciam
1353 1877 1572 1933 profectus

141 1945 265 1986 esset,
299 1936 474 1977 Veneris
504 1937 678 1978 nomine
699 1939 740 1968 92
754 1936 958 1992 quaesisse
987 1936 1183 1977 videtur?
1214 1934 1415 1991 Accipite
1446 1934 1634 1975 aliam25

141 1992 187 2033 in
227 1993 393 2034 minore
432 1994 615 2050 pecunia
653 2010 740 2036 non
781 1993 922 2034 minus
962 1993 1256 2049 impudentem
1299 1992 1574 2033 calumniam.

142 2049 350 2107 Sosippus
381 2060 425 2092 et
461 2051 684 2107 Epicrates
722 2051 873 2092 fratres
904 2060 1004 2091 sunt
1034 2049 1341 2107 Agyrinenses.
1403 2049 1575 2090 Horum

140 2116 265 2163 pater
285 2108 446 2150 abhinc
468 2109 554 2150 duo
576 2118 620 2150 et
641 2125 703 2151 xx
727 2123 861 2150 annos
891 2117 957 2149 est
985 2117 1196 2149 mortuus.
1219 2108 1264 2148 in
1294 2107 1417 2163 cujus
1446 2115 1578 2148 testa·

184 2225 222 2256 17
236 2227 376 2253 montem
391 2222 556 2263 Erycum]
574 2233 604 2254 v.
620 2223 659 2254 de
673 2223 706 2254 h.
721 2223 743 2254 l.
760 2222 832 2253 Ind.

136 2264 255 2304 Geogr.
271 2265 305 2295 in
317 2265 461 2304 Erycus.
486 2266 558 2305 Ego
566 2271 680 2296 tamen
692 2272 732 2296 ut
743 2267 834 2296 Grae-

136 2306 208 2337 vius
223 2308 351 2347 reposui
365 2308 567 2347 Erycinam,
580 2309 655 2348 quia
670 2309 715 2338 sic
730 2307 834 2348 reperi

139 2348 173 2379 in
182 2349 250 2380 edd.
271 2360 319 2391 pr.
335 2351 386 2381 Sic
401 2355 435 2380 et
446 2351 563 2382 Ascon.
575 2351 725 2390 Erycum
735 2355 785 2381 est
794 2350 834 2380 ab

136 2390 233 2428 Aldo,
249 2392 336 2431 quod
347 2393 414 2423 fere
430 2394 532 2424 secuti
542 2399 620 2423 sunt
628 2402 741 2423 omnes
751 2401 832 2432 prae-

135 2436 190 2464 ter
200 2433 320 2465 Aldum
334 2435 378 2465 N.
388 2436 423 2465 in
431 2436 480 2466 ed.
497 2438 585 2466 1483.
608 2435 768 2466 Restituit
781 2445 834 2464 vc-

136 2479 191 2506 tus
206 2476 364 2514 Graevius,
379 2478 435 2508 sed
458 2487 524 2508 non
539 2489 578 2508 ex
593 2478 663 2508 edd.
684 2487 732 2518 pr.
756 2485 834 2516 quas

137 2516 192 2548 hic
201 2528 298 2549 nemo
306 2520 459 2560 inspexit,
469 2530 545 2550 cuni
554 2519 836 2551 Mediolanensem

138 2559 255 2601 ipsein
272 2563 422 2592 manibus
436 2563 583 2592 haberet.

183 2605 219 2634 18
241 2604 358 2643 quadr.
380 2605 587 2643 deterrimus]
627 2602 835 2634 Ms.1’a1.te-

136 2645 304 2682 terr-imus,
329 2650 370 2676 ut
396 2647 603 2687 conjecerant
632 2647 772 2677 Hotom.
802 2649 837 2675 et

139 2686 226 2718 Guil.
269 2688 376 2720 Verba
391 2688 464 2719 baee
482 2693 516 2720 et
535 2688 612 2719 alibi
635 2692 833 2730 permutata,

137 2733 178 2759 ut
191 2729 264 2761 infr.
279 2740 307 2760 c.
327 2731 371 2762 16.

183 2774 220 2805 19
234 2771 336 2802 Hunc
358 2774 516 2803 hominem
534 2772 571 2803 V.
588 2772 671 2812 abs]
709 2772 748 2802 ln
770 2772 833 2802 hoc

138 2811 211 2843 loco
225 2823 351 2854 semper
364 2815 454 2845 haesi.
500 2815 662 2855 intelligit
677 2814 833 2851 Dionem,

137 2856 229 2895 cnjus
239 2865 359 2887 nomen
371 2857 499 2898 longius
511 2858 589 2889 hinc
598 2862 762 2888 remotum
771 2860 835 2892 est,
865 2868 868 2869 ⁷

875 2227 910 2253 et
925 2223 961 2253 in
982 2222 1102 2253 vicinia
1122 2226 1172 2252 est
1185 2221 1332 2258 Naevius‚
1355 2230 1449 2260 quem
1466 2219 1577 2261 appel-

875 2265 961 2296 larat
987 2265 1148 2296 hominem
1176 2264 1474 2294 o.—deterrimum.
1530 2262 1576 2293 Et

877 2307 973 2338 haesit
986 2307 1039 2337 hic
1047 2308 1119 2347 jam
1131 2306 1378 2342 Hotomannus‚
1393 2306 1448 2345 qui
1461 2305 1578 2335 lectio·

877 2359 953 2380 nem
979 2349 1042 2380 Ms.
1070 2349 1188 2379 veteris
1218 2348 1285 2379 Hie
1311 2349 1471 2378 hominem
1494 2357 1576 2387 prae-

875 2392 1012 2422 ferebat.
1067 2390 1129 2421 Sed
1157 2401 1217 2421 nec
1244 2390 1306 2420 hoc
1334 2389 1507 2420 satisfacit.
1535 2389 1575 2421 de

876 2434 978 2465 Verre
993 2433 1079 2464 solet
1092 2433 1198 2463 dicere
1212 2433 1281 2462 iste.

920 2478 961 2507 ΞΟ
993 2476 1036 2516 Q.
1072 2475 1189 2505 Coeez'lz'z'
1216 2473 1349 2513 Dionis]
1375 2472 1529 2513 Intellige
1556 2482 1576 2503 e

878 2529 906 2548 c.
919 2521 948 2552 7.
970 2519 1028 2548 ubi
1043 2518 1108 2548 Dio
1123 2518 1164 2557 Ω.
1179 2516 1308 2547 Metelli
1321 2516 1480 2546 beneficio
1495 2516 1574 2545 civis

877 2561 917 2591 R.
943 2562 1049 2591 faetus
1072 2559 1206 2589 dicitur:
1243 2559 1330 2589 unde
1356 2558 1398 2598 Ω.
1422 2558 1574 2588 Caecilius

878 2603 944 2634 Dio
959 2602 1066 2632 dictus
1077 2606 1128 2631 est
1141 2601 1238 2642 pleno
1254 2601 1398 2631 nomine.

921 2647 957 2676 ΕΙ
983 2645 1040 2674 secl
1061 2644 1140 2682 legis
1151 2643 1304 2683 exceptio]
1331 2642 1459 2683 Nempe
1481 2642 1575 2672 testi·

877 2687 1025 2717 monium
1050 2685 1240 2716 denunciari
1262 2694 1330 2715 non
1347 2689 1498 2725 oportere
1519 2693 1577 2724 pa-

875 2729 982 2759 tronis
1004 2738 1042 2758 ac
1063 2727 1296 2758 defensoribus.

919 2773 960 2803 2⁶3
974 2771 1120 2810 qnoesz'sse
1131 2770 1275 2809 videtur]
1290 2769 1342 2799 An
1350 2768 1480 2799 videtur
1492 2776 1576 2808 qzcoe-

876 2814 974 2844 sisse?
996 2817 1034 2843 ut
1049 2811 1194 2844 clausula
1205 2811 1387 2843 hexametri
1401 2811 1535 2842 vitetur.

815 2904 896 2939 Ν4
