1907 3231
342 177 422 212 586
855 176 858 180 ”
914 175 1163 216 ORATIO
1199 175 1232 213 1.

344 279 501 334 quibus
538 279 803 337 apertissime
840 279 1134 337 pugnantibus
1162 276 1405 319 restitistis?
1435 275 1546 328 haec,
1569 291 1646 333 per
1671 277 1774 321 deos

345 336 630 380 immortales!
663 347 807 379 utrum
840 352 930 378 esse
964 335 1086 377 vobis
1114 335 1294 377 consilia
1324 334 1552 385 siccorum,
1573 349 1627 375 an
1653 334 1776 375 vino-

343 393 557 435 lentorum
580 395 770 436 somnia:
803 403 847 434 et
876 402 1018 434 utrum
1048 391 1242 448 cogitata
1274 391 1530 448 sapientum,
1552 406 1606 432 an
1627 400 1778 446 optata

308 454 334 489 2
348 450 604 493 furiosorum
627 452 851 493 videntur?
902 449 1057 489 Videte
1077 463 1207 500 nunc,
1227 449 1428 505 proximo
1450 449 1605 504 capite,
1627 456 1677 489 ut
1696 448 1777 490 im-

344 522 476 564 purus
507 509 646 550 helluo
683 508 828 548 turbet
859 505 1183 562 rempublicam,
1218 514 1268 546 ut
1297 520 1322 546 a
1351 505 1588 560 majoribus
1619 505 1777 548 nostris

344 566 632 620 possessiones
656 564 821 604 relictas
843 562 1062 619 disperdat
1078 571 1124 603 et
1142 562 1349 618 dissipet:
1380 573 1428 604 ut
1449 563 1503 604 sit
1523 577 1610 604 non
1633 562 1774 604 minus

344 623 388 662 in
422 623 570 678 populi
603 620 788 661 Romani
826 619 1086 675 patrimonio
1115 633 1263 675 nepos,
1285 634 1414 674 quam
1445 619 1487 661 in
1518 635 1610 661 suo.
1670 619 1779 661 Pro-

343 679 493 719 scribit
512 680 552 719 in
571 692 646 718 sua
663 677 758 732 lege
775 676 1016 732 vectigalia,
1027 686 1125 732 quae
1141 676 1373 718 decemviri
1386 676 1587 728 vendant,
1599 676 1683 718 hoc
1696 685 1776 728 est,

345 736 575 792 proscribit
596 735 841 775 auctionem
857 733 1128 789 publicorum
1145 734 1372 775 bonorum.
1414 731 1556 789 Agros
1573 734 1657 777 emi
1670 733 1777 785 vult,

347 792 418 846 qui
448 791 719 832 dividantur:
751 792 906 846 quaerit
927 791 1169 847 pecuniam.
1196 790 1393 832 videlicet
1409 790 1680 847 excogitabit
1700 790 1777 833 ali-

302 860 334 889 b.
348 849 465 904 quid,
485 857 613 904 atque
634 848 798 889 afferet.
820 862 918 889 nam
941 848 1230 904 superioribus
1252 848 1468 904 capitibus
1489 847 1678 903 dignitas
1700 862 1777 903 po-

347 905 436 961 puli
453 905 639 946 Romani
658 904 923 946 violabatur:
948 919 1104 946 nomen
1126 905 1293 961 imperii
1314 906 1358 947 in
1379 918 1608 946 commune
1628 904 1777 947 odium

346 962 462 1003 orbis
490 972 613 1004 terrae
644 963 902 1004 vocabatur:
941 963 1067 1004 urbes
1102 972 1283 1018 pacatae,
1315 961 1408 1018 agri
1437 961 1778 1013 soci01·um‚3ssre,-

345 1033 448 1075 guni
470 1031 605 1061 status
623 1019 875 1060 decemviris
892 1019 1186 1061 donabantur:
1210 1034 1324 1061 nunc
1341 1027 1690 1076 praesens,certa‚
1705 1033 1777 1074 pe-

307 1079 331 1112 3
346 1078 472 1117 cunia
504 1084 737 1128 numerata,
757 1077 978 1132 quaeritur.
1039 1074 1273 1132 Exspecto,
1294 1077 1397 1131 quid
1421 1077 1618 1117 tribunus
1641 1075 1776 1131 plebis

344 1134 526 1190 vigilans
549 1143 592 1174 et
614 1142 764 1175 acutus
785 1134 1023 1190 excogitet.
1084 1134 1264 1184 veneat,
1288 1134 1441 1189 inquit,
1461 1133 1569 1174 silva
1587 1133 1776 1174 Scantia.

343 1191 498 1232 Utrum
520 1191 690 1232 tandem
715 1191 825 1232 hane
844 1190 992 1232 silvam
1010 1192 1052 1232 in
1075 1190 1265 1232 4relictis
1283 1190 1636 1245 possessionibus,
1656 1204 1710 1231 an
1731 1189 1776 1230 in

341 1263 567 1289 censorum
589 1248 757 1304 pascuis
779 1248 1009 1290 invenisti?
1041 1248 1087 1288 Si
1110 1247 1213 1303 quid
1234 1257 1312 1299 est,
1331 1247 1445 1302 quod
1463 1247 1692 1303 indagariS‚
1711 1246 1776 1288 in-

342 1306 522 1356 veneris,
544 1321 597 1346 ex
629 1305 816 1346 tenebris
846 1306 1020 1356 erueris,
1042 1319 1302 1360 quamquam
1334 1305 1527 1359 iniquum
1550 1311 1776 1354 est,5.con-

343 1377 462 1403 sume
485 1377 599 1413 sane,
621 1363 827 1418 quoniam
857 1363 1133 1403 commodum
1163 1372 1241 1413 est,
1273 1362 1510 1417 6quoniam
1531 1361 1706 1416 quidem
1730 1369 1775 1402 tu

341 1419 539 1460 attulisti.
562 1419 712 1461 silvam
735 1433 834 1460 vero
867 1429 912 1460 tu
944 1420 1162 1461 Scantiam
1185 1418 1357 1470 vendas,
1382 1419 1508 1460 nobis
1529 1417 1776 1460 consulibus

342 1488 471 1532 atque
500 1477 583 1517 hoc
615 1479 795 1518 senatu?
828 1484 873 1516 tu
905 1477 1037 1517 ullum
1070 1476 1256 1532 vectigal
1294 1477 1513 1533 attingas?
1545 1484 1590 1516 tu
1627 1474 1776 1531 populi

343 1533 530 1574 Romani
563 1534 753 1574 subsidia
782 1533 911 1576 belli?
942 1544 986 1574 tu
1018 1544 1269 1574 ornamenta
1292 1533 1408 1588 pacis
1430 1533 1615 1588 eripias?
1664 1531 1776 1573 'l'um

340 1605 442 1631 vero
463 1594 480 1624 7
496 1591 578 1631 hoc
597 1604 666 1630 me
688 1591 932 1631 inertiorem
955 1590 1173 1631 consulem
1188 1590 1414 1644 judicabo,
1430 1604 1559 1645 quam
1578 1589 1671 1630 illos
1690 1589 1776 1630 for-

340 1648 529 1689 tissimos
562 1647 691 1697 viros,
726 1647 799 1702 qui
837 1647 949 1702 apud
986 1647 1169 1701 majores
1202 1655 1370 1687 nostros
1402 1646 1605 1687 fuerunt:
1645 1646 1776 1701 quod,

341 1719 438 1759 quae
463 1704 706 1760 vectigalia,
729 1703 810 1744 illis
832 1703 1094 1753 consulibus,
1117 1703 1277 1759 populo
1301 1703 1497 1744 Romano
1519 1711 1643 1759 parta
1663 1712 1776 1754 sunt,

344 1776 408 1812 ea,
432 1776 500 1801 me
530 1760 717 1812 consule,
741 1775 794 1801 ne
824 1760 997 1801 retineri
1028 1760 1202 1815 quidem
1234 1760 1424 1816 potuisse
1447 1760 1775 1814 judicabuntur.

296 1806 329 1853 2
346 1818 506 1859 Vendit
528 1817 667 1858 Italiae
691 1817 979 1873 possessiones
1000 1831 1054 1858 ex
1086 1817 1235 1858 ordine
1265 1831 1428 1857 omnes.
1452 1831 1552 1857 sane
1573 1826 1639 1856 est
1654 1817 1701 1857 in
1724 1831 1775 1858 eo

305 1875 539 1931 4diligens.
563 1874 722 1915 nullam
753 1875 867 1916 enim
894 1874 1202 1930 praetermittit.
1227 1874 1528 1929 8persequitur
1554 1874 1597 1914 in
1620 1872 1775 1916 tabulis

340 1933 544 1972 censoriis
567 1941 704 1972 totam
727 1931 933 1972 Siciliain.
955 1931 1119 1972 nullum
1143 1930 1389 1982 aedificium,
1407 1930 1544 1972 nullos
1567 1944 1692 1986 agros
1711 1945 1776 1971 re-

338 1988 510 2043 linquit.
570 1988 765 2030 Audistis
788 1989 1033 2030 auctionem
1056 1988 1204 2045 populi
1237 1987 1422 2029 Romani
1447 1988 1729 2044 proscriptam
1751 1989 1777 2029 a

336 2046 511 2087 tribuno
535 2046 685 2102 plebis,
706 2046 987 2087 constitutam
1009 2045 1053 2086 in
1082 2059 1271 2086 mensem
1292 2045 1546 2086 Januarium
1567 2061 1575 2086 :
1607 2052 1664 2095 et,
1685 2059 1778 2086 cre—

337 2103 408 2154 do,
431 2117 517 2144 non
540 2103 762 2155 dubitatis,
788 2103 894 2159 quin
915 2103 1077 2144 idcirco
1098 2103 1209 2154 haec,
1234 2102 1373 2144 aerarii
1395 2117 1536 2153 causa,
1558 2116 1645 2143 non
1674 2116 1775 2143 ven-

1077 2241 1238 2268 consume‚
1262 2235 1295 2262 et
1317 2232 1346 2262 ei
1373 2231 1460 2271 quod
1487 2231 1631 2261 Graevius
1658 2230 1772 2269 edidit,

380 2235 398 2263 3
421 2242 539 2271 regum
565 2236 671 2263 slatus
695 2231 727 2262 d.
754 2231 840 2272 dom]
868 2233 967 2270 Cave,
993 2242 1034 2264 ne

1077 2284 1226 2305 consume
1246 2278 1357 2304 tamen
1379 2283 1469 2310 sane,
1487 2273 1573 2312 quod
1591 2277 1642 2304 est
1664 2273 1697 2304 in
1721 2274 1772 2305 ed.

337 2279 526 2305 nostrorum
541 2275 714 2305 hominum
732 2284 822 2304 more
836 2274 960 2305 dictum
975 2285 1034 2315 pu-

336 2321 397 2347 tes.
444 2316 560 2347 Status
580 2326 712 2355 regum,
729 2321 809 2347 sunt
820 2319 898 2356 jura
920 2326 1034 2356 regum

336 2364 371 2389 et
392 2359 596 2390 conditiones
618 2367 808 2397 regnorum,
829 2359 1035 2399 fortunaeque

336 2410 461 2432 omnes.
495 2400 609 2431 Cicero
624 2401 862 2441 interpretatur
874 2401 940 2440 ipse
956 2401 1034 2441 Agr.

338 2443 385 2480 11,
403 2447 450 2474 13.
466 2453 573 2474 omnes
589 2443 777 2482 provincias
797 2443 944 2480 obeundi,
961 2445 1035 2473 libe-

336 2495 390 2515 ros
406 2487 540 2525 populos
561 2486 655 2524 agris
677 2485 843 2518 multandi
858 2495 1035 2523 regnorum

336 2529 388 2556 vel
401 2528 586 2558 dandorum
603 2528 667 2567 (vel
680 2527 930 2567 eripiendorum)
946 2538 1035 2558 sum-

338 2578 394 2598 ma
403 2574 545 2609 potestas
559 2569 671 2600 datur.
704 2569 863 2599 Similiter
877 2569 959 2600 dixit
970 2570 1035 2600 Ta-

337 2611 422 2641 citus
437 2612 475 2642 A.
490 2612 554 2649 111,
578 2614 629 2643 28.
653 2612 834 2641 mulmwm
854 2615 961 2643 status
982 2622 1035 2642 esc·

337 2662 407 2682 ecsz.

378 2697 398 2725 4
421 2696 543 2725 relictis
550 2695 650 2735 poss]
669 2696 690 2725 i.
706 2695 815 2724 vacuis
830 2699 864 2724 et
877 2694 1034 2734 neglectis

336 2746 356 2766 a
371 2737 492 2777 populo
508 2738 604 2768 Rom.
619 2747 691 2776 quae
716 2746 783 2766 non
804 2746 824 2766 a
846 2737 1034 2767 censoribus

335 2778 500 2816 locantur,
514 2780 565 2809 uti
585 2779 655 2817 illa,
679 2788 754 2819 quae
773 2788 941 2809 censorum
956 2789 1036 2819 pas-

336 2830 400 2850 ma
419 2820 574 2861 appellat.
833 2853 840 2857 ,

379 2865 398 2893 5
433 2872 581 2893 consume
606 2862 698 2901 sane]
738 2861 811 2893 Hoc
837 2861 969 2902 praetuli
995 2873 1034 2892 ex

335 2903 408 2935 edd.
435 2906 532 2936 Rom.
560 2905 616 2935 ΒΓ.
645 2904 734 2934 Med.
764 2904 899 2944 vulgato
924 2909 1036 2934 tamen

1081 2319 1172 2347 1480.
1184 2317 1308 2346 Victor.
1324 2317 1382 2346 ἃς.
1395 2325 1591 2356 quamquam
1607 2315 1641 2345 in
1655 2315 1705 2345 ed.
1718 2316 1776 2347 W.

1077 2363 1127 2389 est
1143 2363 1253 2389 tamen
1267 2368 1416 2388 consume
1427 2367 1517 2395 sane,
1529 2355 1640 2398 paullo
1655 2357 1773 2388 melius

1079 2410 1155 2431 nam
1170 2405 1280 2430 tamen
1293 2401 1439 2440 languet.

1120 2443 1139 2473 6
1161 2443 1313 2482 quoniam
1326 2443 1454 2482 quidem
1469 2446 1507 2472 tu
1521 2440 1568 2480 α.]
1585 2439 1646 2472 Ed.
1662 2440 1702 2472 R.
1716 2440 1773 2472 Br.

1082 2487 1172 2515 1480.
1189 2485 1443 2524 quandoquidem
1457 2488 1493 2514 tu
1508 2493 1538 2512 a.
1668 2521 1671 2524 ἱ

1120 2530 1138 2560 7
1162 2529 1219 2557 hoc
1241 2537 1292 2556 me
1314 2527 1499 2556 inertiorem
1526 2527 1687 2556 cons-ulem
1709 2523 1773 2565 ju-

1077 2568 1202 2607 dicabo]
1229 2568 1328 2598 Hunc
1350 2568 1457 2598 locum
1479 2577 1688 2598 sannmxnon
1712 2578 1773 2607 pu-

1076 2614 1123 2641 to.
1147 2620 1223 2641 nani
1247 2611 1447 2641 constructio
1458 2619 1528 2639 non
1551 2615 1694 2648 constat,
1711 2619 1771 2640 nec

1078 2662 1201 2683 sensus.
1493 2657 1498 2663 ‘
1680 2666 1683 2668 ¹

1121 2697 1138 2726 8
1156 2695 1362 2736 persequitur
1381 2693 1417 2723 in.
1439 2693 1523 2723 tabb.
1537 2693 1580 2733 6.]
1605 2694 1771 2725 Puteanus

1076 2736 1149 2767 addi
1178 2737 1307 2767 volebat
1344 2739 1393 2772 ut,
1417 2735 1502 2774 quod
1537 2742 1624 2766 recte
1654 2737 1772 2777 probat

1078 2779 1248 2809 Gruterus.
1263 2777 1357 2809 facile
1372 2778 1480 2817 potuit
1494 2777 1535 2807 ab
1557 2778 1677 2809 ultima
1690 2787 1774 2818 prae-

1076 2820 1220 2852 cedentis
1247 2820 1336 2850 verbi
1360 2819 1542 2856 absorberi„
1589 2819 1652 2850 Sed
1677 2825 1711 2851 et
1735 2820 1773 2850 in

1077 2862 1194 2894 melius
1208 2862 1361 2900 abfuerit,
1375 2866 1414 2891 ut
1428 2860 1555 2902 opinor.
