1907 3231
500 100 629 140 ACT.
656 100 709 139 11.
743 99 933 138 LIBER
957 99 1255 140 QUARTUS.
1533 99 1616 143 367

166 219 288 247 mum
309 219 430 247 suam
451 214 704 247 ornamento
726 204 822 246 urbi
845 204 1049 246 futuram.
1109 202 1332 259 Syracusis
1351 211 1493 245 autem
1521 219 1614 261 per-

167 263 304 305 multa
336 273 464 319 atque
494 263 670 319 egregia
701 262 897 319 reliquit:
930 262 1057 304 deum
1088 275 1190 302 vero
1226 259 1390 301 nullum
1420 261 1614 314 violavit,

166 321 334 362 nullum
371 320 534 377 attigit.
596 320 802 362 Conferte
831 320 1032 361 Verrem:
1064 333 1152 360 non
1182 326 1231 359 ut
1262 317 1484 359 hominem
1514 334 1614 360 cum

166 377 343 419 homine
363 378 637 433 comparetis,
659 392 714 419 ne
731 393 817 433 qua
838 377 911 418 tali
934 377 1027 418 viro
1046 384 1218 417 mortuo
1235 374 1312 415 fiat
1333 374 1516 429 injuria3
1540 377 1613 417 sed

168 445 218 476 ut
247 449 400 491 pacem
420 449 518 475 cum
542 434 669 486 bello,
696 435 811 491 leges
834 449 933 476 cum
953 434 1010 485 vi,
1032 433 1175 475 forum
1195 441 1240 474 et
1263 431 1615 488 jurisdictionem

168 507 268 534 cum
299 491 412 533 ferro
442 501 487 533 et
517 492 660 542 armis,
691 494 924 533 adventum
947 500 990 532 et
1020 491 1276 533 comitatum
1298 504 1398 531 cum
1420 490 1614 530 exercitu

166 558 212 590 et
230 549 413 591 victoria
433 549 681 591 conferatis.
724 550 856 591 ⁴Edes
880 549 1096 590 Minervae
1116 559 1181 589 est
1206 548 1250 588 in
1273 546 1434 599 Insula,
1456 547 1509 588 de
1531 562 1616 602 qua
1629 537 1700 587 55

169 615 268 648 ante
287 607 407 659 dixi3
429 622 560 663 quam
583 606 817 648 Marcellus
839 621 926 647 non
948 607 1122 663 attigit3
1145 619 1272 661 quam
1296 605 1469 661 plenam
1487 611 1704 660 atque122

170 673 367 705 ornatam
390 665 587 720 reliquit3
611 680 709 720 quae
734 665 787 705 ab
804 665 887 706 isto
911 664 972 705 sic
995 664 1179 720 spoliata
1199 673 1329 718 atque
1352 662 1520 718 direpta
1538 671 1617 713 est,

168 736 258 763 non
289 731 337 763 ut
368 723 422 763 ab
451 722 577 763 hoste
607 722 767 777 aliquo,
789 722 863 777 qui
896 732 1040 761 tamen
1071 722 1115 762 in
1152 720 1264 761 bello
1295 719 1557 776 religionum
1575 730 1621 762 et

170 780 495 821 consuetudinis
519 780 622 834 jura
642 779 859 829 retineret,
883 779 954 819 sed
983 789 1030 819 ut
1061 793 1086 818 a
1116 778 1308 818 barbaris
1340 777 1620 834 praedonibus

169 846 329 878 vexata
350 851 440 878 esse
462 838 673 879 videatur.
707 835 862 892 Pugna
883 849 974 876 erat
995 835 1204 890 equestris
1225 834 1483 890 Agathoclis
1505 835 1621 891 regis

170 894 214 935 in
238 895 395 936 tabulis
413 894 530 951 picta
549 892 753 950 praeclare
769 910 778 934 ε
803 892 868 933 his
887 903 1031 933 autem
1052 891 1208 934 tabulis
1227 892 1450 933 interiores
1471 892 1622 948 templi

152 952 355 1008 vparietes
378 952 686 993 vestiebantur.
747 950 869 991 Nihil
892 960 983 991 erat
1004 965 1054 991 ea
1076 952 1245 1007 pictura
1266 949 1480 991 nobilius:
1513 949 1622 991 nihil

174 1009 412 1065 SyracusiS,
435 1009 550 1064 quod
573 1008 712 1064 magis
736 1008 959 1048 visendum
979 1017 1216 1064 putaretur.
1250 1006 1344 1049 Has
1364 1006 1531 1048 tabulas
1553 1006 1622 1048 Μ.

173 1066 422 1117 Marcellus,
454 1081 554 1107 cum
585 1066 745 1116 omnia,
777 1065 849 1107 illa
879 1066 1062 1107 victoria
1093 1080 1182 1115 sua,
1224 1065 1407 1121 profana
1435 1064 1624 1115 fecisset,

173 1133 317 1165 tamen
340 1124 548 1180 religione
579 1123 812 1179 impeditus
844 1138 931 1164 non
959 1122 1135 1178 attigit:
1171 1123 1264 1172 iste,
1288 1137 1387 1164 cum
1420 1122 1490 1163 illa
1512 1122 1623 1177 jam,

172 1190 350 1238 propter
371 1182 618 1222 diuturnam
636 1195 801 1236 pacem,
820 1180 1157 1235 fidelitatemque
1181 1179 1330 1235 populi
1350 1180 1624 1235 Syracusani,

174 1254 293 1280 sacra
311 1238 596 1295 religiosaque
615 1238 865 1294 accepisset,
880 1253 1027 1278 omnes
1045 1252 1114 1278 eas
1135 1239 1301 1278 tabulas
1324 1237 1523 1278 abstulit:
1548 1252 1624 1292 pa-

173 1297 315 1347 rietes,
337 1311 522 1352 quorum
544 1305 719 1337 ornatus
753 1305 817 1336 tot
848 1295 1005 1336 saecula
1035 1306 1264 1344 manserat,
1288 1303 1354 1335 tot
1384 1294 1493 1335 bella
1515 1295 1623 1335 cffu-

176 1363 312 1410 gerat,
333 1354 472 1395 nudos
503 1369 552 1394 ac
583 1351 846 1394 deformatos
879 1352 1064 1407 reliquit.
1126 1351 1184 1393 Et
1214 1351 1465 1403 'Marcellum
1487 1352 1561 1407 qui
1589 1353 1623 1393 si
1640 1351 1711 1386 123

176 1412 409 1467 Syracusas
431 1411 629 1467 cepisset,
646 1410 731 1450 duo
756 1410 916 1465 templa
938 1424 981 1450 se
1005 1409 1159 1451 Romae
1177 1409 1476 1451 dedicaturum
1495 1423 1624 1451 vove-

175 1477 255 1520 rat,
287 1469 344 1520 id,
367 1468 482 1524 quod
513 1477 620 1508 eratx
635 1467 942 1518 aedificaturus,
963 1467 1030 1507 his
1063 1468 1188 1508 rebus
1221 1481 1387 1516 ornare,
1419 1482 1523 1522 quas
1555 1481 1626 1507 ce-

174 1536 311 1582 perat,
349 1525 509 1567 noluit:
542 1525 710 1576 Verres,
741 1526 814 1581 qui
853 1539 940 1566 non
972 1524 1158 1574 Honori,
1193 1539 1330 1579 neque
1366 1524 1545 1573 Virtuti,
1577 1534 1627 1565 ut

175 1582 259 1634 ille,
299 1583 372 1624 secl
413 1583 585 1633 Veneri,
621 1594 665 1623 et
703 1582 911 1639 Cupidini
953 1592 1057 1623 vota
1097 1583 1287 1632 deberet,
1330 1582 1364 1622 is
1409 1580 1626 1623 Minervae

174 1640 385 1697 templum
417 1640 599 1697 spoliare
629 1650 808 1681 conatus
831 1649 910 1681 est.
942 1639 1012 1680 ille
1042 1640 1145 1680 deos
1177 1640 1356 1680 deorum
1388 1638 1536 1694 spoliis
1559 1640 1758 1681 orm-2²29·

174 1713 278 1739 nare
309 1698 471 1740 noluit:
504 1698 577 1739 hic
611 1708 863 1739 ornamenta
897 1697 1113 1738 Minervae
1144 1697 1326 1753 virginis
1357 1697 1402 1737 in
1433 1694 1669 1738 meretri-²¹·

176 1756 288 1796 ciam
310 1756 488 1797 domum
512 1756 743 1797 transtulit.
802 1755 1030 1812 44Viginti
1060 1763 1104 1795 et
1136 1765 1299 1810 septem
1333 1763 1543 1811 praeterea
1564 1764 1629 1795 ta-

176 1813 298 1854 bulas
320 1813 606 1869 pulcherrime
635 1814 772 1870 pictas
795 1828 850 1854 ex
872 1814 1021 1854 eadem
1054 1812 1145 1853 aede
1171 1812 1369 1854 sustulit:
1402 1813 1447 1852 in
1469 1812 1627 1867 quibus

177 1880 300 1912 erant
321 1871 532 1927 imagines
556 1871 715 1913 Siciliae
742 1886 895 1928 regum
926 1886 976 1912 ac
1000 1881 1296 1926 tyrannorum,
1318 1884 1416 1924 quae
1449 1883 1535 1910 non
1559 1884 1629 1910 so-

176 1927 266 1970 lum
299 1929 516 1984 pictorum
546 1929 730 1970 artificio
753 1929 1040 1978 delectabant,
1065 1927 1137 1968 sed
1160 1927 1291 1967 etiam
1313 1941 1627 1968 commemora-

177 1986 297 2027 tione
319 1986 560 2037 hominum,
582 1997 626 2027 et
646 1987 898 2043 cognitione
921 1986 1171 2028 formarum.
1222 1984 1289 2025 Ac
1312 1984 1467 2034 videte,
1490 1999 1626 2039 quan-

178 2052 224 2085 to
255 2044 422 2085 taetrior
450 2044 522 2085 hic
553 2045 810 2100 45tyrannus
853 2043 1133 2099 Syracusanis
1164 2041 1309 2092 fuerit,
1347 2056 1478 2097 quam
1507 2042 1625 2096 quis-

178 2116 308 2157 quam
339 2102 633 2157 superiorum:
667 2117 767 2143 cum
796 2101 855 2144 illi
880 2112 1023 2142 tamen
1046 2100 1240 2142 ornarint
1262 2099 1424 2155 templa
1445 2099 1626 2140 deorum

178 2159 504 2210 immortalium,
536 2159 608 2200 hic
640 2160 771 2200 etiam
800 2159 978 2200 deorum
1017 2167 1299 2199 monumenta
1336 2167 1466 2211 atque
1500 2171 1627 2198 orna-

178 2226 326 2258 menta
356 2217 590 2258 sustulerit.
649 2217 750 2260 Jam
783 2231 882 2258 vero
904 2216 1009 2272 quid
1035 2231 1116 2272 ego
1140 2211 1192 2256 de
1214 2214 1349 2256 valvis
1381 2214 1493 2254 illius
1516 2225 1625 2255 tem·
1639 2213 1712 2268 56

178 2274 240 2331 pli
263 2278 627 2318 commemorem?
658 2275 834 2325 Vereor,
857 2288 925 2325 ne,
956 2273 1051 2315 haec
1082 2274 1157 2329 qui
1187 2287 1276 2313 non
1298 2272 1511 2323 viderunt,
1534 2286 1626 2313 om·
1641 2291 1716 2327 124

177 2333 252 2373 nia
286 2347 356 2374 me
386 2333 515 2373 nimis
554 2347 711 2390 augere
749 2340 879 2387 atque
911 2345 1063 2372 ornare
1096 2330 1382 2371 arbitrentur:
1416 2329 1531 2384 quod
1564 2339 1629 2370 ta-

177 2404 279 2431 men
301 2405 429 2432 nemo
451 2391 659 2448 suspicari
678 2391 821 2441 debet,
845 2399 932 2430 tam
955 2404 1046 2430 esse
1074 2403 1143 2429 me
1165 2387 1387 2443 cupidum,
1410 2397 1457 2428 ut
1479 2396 1545 2428 tot
1568 2387 1633 2427 vi-

178 2462 248 2488 ros
291 2448 518 2504 primarios
551 2449 695 2499 velim,
736 2447 973 2504 praesertim
1007 2461 1062 2487 ex
1095 2446 1297 2501 judicum
1330 2459 1525 2496 numero,
1558 2445 1634 2499 qui

182 2505 406 2561 Syracusis
429 2506 604 2557 fuerint,
627 2507 701 2562 qui
732 2506 826 2547 haec
848 2504 1047 2554 viderint,
1071 2518 1161 2544 esse
1183 2502 1417 2543 temeritati
1441 2511 1483 2542 et
1513 2516 1635 2542 men-

181 2562 306 2604 dacio
327 2577 426 2605 meo
447 2564 659 2606 conscios.
721 2562 991 2604 Confirmare
1013 2561 1096 2602 hoc
1126 2560 1307 2616 liquido,
1324 2559 1512 2614 judiceS,
1535 2574 1638 2615 pos-

222 2694 266 2722 44
302 2692 432 2733 Viginti
457 2698 489 2724 et
520 2693 654 2734 septem]
686 2692 880 2733 Legendurn
925 2692 1043 2721 vitium
1090 2690 1140 2721 ed.
1182 2690 1405 2727 Gruterianae,
1447 2690 1636 2731 (operarum

182 2740 233 2765 est
260 2740 379 2775 septem
403 2742 433 2767 στ’
453 2738 571 2775 vig-inti
594 2748 612 2767 e
631 2747 721 2767 more
745 2736 882 2766 Latino·
925 2734 1035 2775 puto,)
1069 2733 1156 2772 quod
1186 2742 1247 2763 nec
1282 2733 1314 2762 J.
1347 2732 1545 2769 Gronovius,
1575 2741 1639 2762 nec

183 2786 267 2810 rum.
283 2778 346 2808 fuit
368 2779 527 2819 scriptum
548 2779 692 2809 XXVII.
706 2778 794 2818 quod
812 2781 885 2808 erat
929 2777 1078 2806 Graevius
1127 2774 1372 2806 animadvertit.
1414 2784 1529 2805 ornnes
1564 2774 1637 2805 edd.

185 2820 231 2851 sic
245 2819 435 2859 legendum,
449 2829 488 2851 ut
500 2821 577 2851 dixi.
930 2825 1008 2850 ante
1040 2818 1222 2849 Gruterum
1250 2817 1375 2847 habent
1403 2817 1637 2856 Syracusanis,

223 2864 265 2892 45
302 2867 326 2892 t.
344 2862 565 2902 Syracusanis·
587 2863 640 2903 f.]
679 2864 732 2894 Sic
760 2863 888 2895 correxi
930 2867 970 2891 ut
985 2861 1049 2892 ΜΞ.
1064 2861 1128 2891 Gu.
1143 2859 1196 2891 vel
1212 2859 1400 2899 Syracusis,
1415 2865 1455 2890 ut
1465 2860 1583 2900 prima.
