1907 3231
588 64 708 103 PRO
741 62 788 103 L.
819 62 1091 103 MURENA.
1480 68 1558 109 '729

112 185 235 216 meus
257 169 440 228 collega,
462 169 529 212 vir
556 168 835 221 fortissimus,
856 167 942 210 hoc
963 171 1004 203 39
1019 167 1222 210 Catilinae
1253 168 1469 213 nefarium
1497 171 1559 213 la-

112 228 348 279 trocinium
370 236 560 270 armatus
589 227 834 283 opprimat!
865 239 949 283 ego
972 233 1163 282 togatus,
1186 226 1324 279 vobis,
1347 229 1560 286 bonisque

110 287 316 329 omnibus
346 284 635 342 adjutoribuS‚
659 285 757 336 hoc,
778 285 896 340 quod
925 293 1188 340 conceptum
1218 286 1462 341 respublica
1482 301 1558 343 pe-

110 344 298 387 riculum
329 343 529 402 parturit,
560 341 742 384 consilio
779 341 1011 384 discutiam
1040 349 1085 383 et
1114 342 1423 397 comprimam!
1469 344 1553 386 Sed
1567 348 1616 382 85

49 423 55 431 ·
108 402 216 459 quid
237 402 413 444 tandem
434 400 524 452 fiet,
547 401 582 441 si
601 400 697 442 haec
715 399 861 456 elapsa
881 400 934 441 de
965 399 1164 441 manibus
1185 400 1359 451 nostris,
1381 402 1425 443 in
1456 417 1556 443 eum

108 474 287 511 annum,
318 459 394 514 qui
424 458 718 514 consequitur,
754 457 1063 499 redundarint?
1123 457 1246 499 Unus
1278 457 1360 497 erit
1391 459 1556 512 consul,
1569 465 1600 496 b.

107 527 153 559 et
175 518 210 558 is
232 530 320 558 non
342 515 387 557 in
418 515 761 557 administrando
793 515 921 567 bello,
943 515 1017 557 sed
1039 515 1082 556 in
1106 514 1362 556 sufficiendo
1392 516 1559 573 collega

109 581 364 630 occupatus.
395 573 512 614 hunc
523 573 619 630 jam
641 573 714 629 qui
738 573 990 630 impedituri
1013 573 1113 625 sint,
1132 572 1199 599 *²¹²
1220 570 1292 612 illa
1322 574 1455 628 pestis
1477 574 1558 615 im·-

106 631 263 683 manis,
287 631 538 687 importuna
561 630 763 673 Catilinae
786 638 1053 688 prorumpet.
1080 646 1167 687 qua
1184 630 1374 687 poterit:
1405 640 1449 672 et
1462 631 1558 687 jam

106 688 272 746 populo
296 687 499 730 Romano
526 689 741 732 minatur:
774 689 819 730 in
841 703 968 745 agros
991 689 1261 730 suburbanos
1284 696 1460 744 repente
1483 689 1558 731 ad-

105 746 298 789 volabit:
331 746 574 787 versabitur
595 747 640 787 in
661 746 812 787 castris
843 745 976 797 furor,
1007 746 1053 787 in
1073 746 1194 788 curia
1214 745 1359 798 timor,
1383 746 1428 788 in
1462 746 1558 788 foro

57 831 59 833 -
105 803 371 859 conjuratio,
411 803 456 844 in
497 818 654 859 campo
692 804 926 856 exercitus,
957 804 1003 845 in
1035 804 1150 861 agris
1189 803 1393 845 vastitas:
1437 805 1556 846 omni

105 870 253 903 autem
291 861 336 902 in
376 861 477 903 sede
518 875 569 902 ac
606 860 703 902 loco
744 861 904 903 ferrum
956 861 1262 917 flammamque
1300 863 1556 903 metuemus.

104 918 219 966 Quae
230 917 406 974 jamdiu
428 927 750 975 comparantur,
772 919 922 961 eadem
946 920 1029 961 ista
1051 919 1212 970 omnia,
1236 919 1271 959 si
1294 928 1447 961 ornata
1469 921 1556 961 suis

102 975 320 1033 praesidiis
342 975 426 1017 erit
447 976 706 1032 respublica,
723 976 849 1018 facile
870 986 914 1018 et
932 977 1267 1033 magistratuum
1297 977 1489 1019 consiliis
1512 987 1556 1018 et

101 1033 375 1091 privatorum
393 1032 623 1090 diligentia
639 1034 953 1091 opprimentur.
1589 1060 1592 1063 -

164 1091 279 1138 Quae
302 1105 404 1133 eum
423 1090 485 1132 ita
503 1091 604 1143 sint,
621 1091 810 1147 judices,
830 1094 1016 1149 primum
1035 1092 1287 1148 reipublicae
1306 1106 1448 1144 causa,
1470 1107 1555 1148 qua
1567 1078 1639 1128 40

104 1147 224 1190 nulla
240 1163 311 1190 ,res
340 1148 547 1204 cuiquam
579 1150 725 1206 potior
745 1150 875 1191 debet
904 1165 1010 1202 esse,
1036 1165 1127 1202 vos,
1151 1164 1228 1206 pro
1261 1164 1357 1191 mea
1387 1164 1554 1191 summa
1566 1153 1616 1188 86

100 1214 146 1248 et
189 1206 313 1248 vobis
349 1207 530 1263 cognita
560 1207 603 1248 in
634 1207 947 1264 rempublicam
989 1208 1231 1264 diligentia,
1268 1221 1441 1259 moneo,
1475 1222 1553 1264 pro

103 1264 366 1306 auctoritate
386 1264 602 1307 consulari
621 1265 786 1317 hortor,
806 1280 884 1322 pro
906 1265 1208 1322 magnitudine
1230 1265 1409 1322 periculi
1432 1266 1555 1307 obte-

102 1328 210 1374 stor,
231 1330 281 1363 ut
301 1321 411 1374 otio,
436 1330 484 1363 ut
505 1322 619 1379 paci,
641 1332 690 1364 ut
712 1322 853 1374 saluti,
873 1333 922 1365 ut
944 1324 1046 1365 vitae
1070 1331 1224 1365 vestrae
1248 1334 1291 1364 et
1313 1333 1555 1364 ceterorum

101 1378 282 1432 civium,
300 1380 563 1422 consulatis:
595 1380 752 1422 deinde
773 1395 856 1437 ego
873 1384 914 1412 40
926 1381 1055 1423 fidem
1087 1388 1287 1431 vestram,
1310 1380 1376 1422 vel
1407 1380 1555 1422 defen-

67 1474 69 1476 .
106 1436 216 1478 soris
239 1446 284 1478 et
315 1437 447 1479 amici
469 1438 616 1479 officio
647 1438 876 1489 adductus,
897 1453 973 1480 oro
1003 1446 1133 1495 atque
1157 1439 1352 1489 obsecro,
1369 1438 1556 1494 judices,

102 1501 152 1535 ut
173 1509 231 1535 ne
259 1494 450 1536 hominis
481 1496 643 1547 miseri,
665 1505 709 1536 et
741 1511 841 1537 cum
872 1496 1066 1552 corporis
1097 1497 1266 1547 morbo,
1301 1505 1391 1537 tum
1424 1496 1557 1538 animi

103 1550 254 1594 dolore
275 1551 483 1604 confecti,
508 1553 560 1594 L.
584 1552 803 1604 Murenae,
828 1564 1045 1595 recentem
1075 1553 1409 1610 gratulationem
1444 1568 1558 1595 nova

105 1608 418 1651 lamentatione
440 1611 651 1652 obruatis.
683 1611 816 1652 modo
838 1611 1032 1652 maximo
1054 1610 1268 1652 beneficio
1292 1610 1443 1667 populi
1467 1611 1558 1652 Ro-

103 1667 223 1708 mani
235 1675 428 1719 ornatuS‚
446 1667 691 1709 fortunatus
708 1668 950 1720 videbatur,
969 1668 1086 1724 quod
1105 1668 1268 1724 primus
1282 1669 1326 1709 in
1348 1668 1558 1711 familiam

106 1732 313 1775 veterem,
332 1724 497 1780 primus
520 1725 566 1766 in
588 1726 875 1782 municipium
898 1726 1264 1781 antiquissimum,
1283 1726 1555 1768 consulatum

103 1781 350 1833 attulisset;
378 1796 495 1823 nunc
526 1782 641 1824 idem
674 1782 871 1838 squalore
903 1783 1114 1835 sordidus,
1136 1782 1361 1825 confectus
1384 1785 1554 1836 morbo,

102 1838 306 1895 lacrymis
328 1852 379 1880 ac
401 1854 583 1882 maerore
599 1841 807 1897 perditus,
821 1850 961 1882 vester
976 1850 1041 1882 est
1058 1841 1256 1898 suppleX,
1272 1841 1458 1897 judices,
1482 1856 1553 1882 ve-

102 1906 237 1939 stram
251 1895 381 1937 fidem
401 1898 659 1950 obtestatur,
681 1898 1019 1940 misericordiam
1040 1899 1256 1956 implorat,
1275 1908 1458 1940 vestram
1474 1914 1552 1955 po-

104 1962 306 1996 testatem
330 1968 380 1995 ac
403 1964 565 1997 vestras
583 1970 687 2013 opes
706 1956 913 1998 intuetur.
938 1955 1101 2008 Nolite,
1120 1971 1196 2013 per
1213 1956 1314 1998 deos
1329 1956 1552 1998 immorta-
1564 1980 1614 2016 35

102 2011 185 2055 les!
201 2010 391 2068 judiceS,
405 2013 486 2055 hac
504 2029 602 2055 eum
622 2028 681 2066 re,
695 2029 780 2069 qua
798 2028 841 2055 se
863 2014 1156 2055 honestiorem
1175 2013 1268 2055 fore
1289 2015 1474 2070 putavit,
1488 2024 1551 2055 et-

72 2102 78 2107 .
104 2070 192 2112 iam
215 2069 370 2111 ceteris
402 2079 503 2112 ante
526 2072 659 2128 partis
692 2072 993 2113 honestatibus
1022 2080 1152 2127 atque
1184 2073 1304 2112 omni
1338 2072 1552 2128 dignitate

104 2126 368 2182 fortunaque
390 2129 573 2186 privare.
612 2132 651 2161 41
671 2128 817 2185 Atque
848 2130 908 2171 ita
929 2144 1003 2170 vos
1029 2129 1232 2180 Murena,
1256 2129 1428 2184 judices
1458 2139 1553 2171 orat

103 2193 236 2242 atque
253 2184 469 2238 obsecrat,
483 2187 517 2228 si
532 2187 694 2243 injuste
715 2188 931 2228 neminem
951 2187 1087 2240 laesit3
1111 2188 1145 2228 si
1168 2186 1326 2228 nullius
1340 2199 1462 2229 aures
1479 2203 1551 2229 vo-

1568 1783 1600 1813 p.
1622 1775 1690 1804 145.

1567 1827 1585 1847 a

144 2313 187 2346 39
214 2312 377 2353 Catilium]
393 2312 460 2344 Alii
479 2312 636 2350 Catilina,
654 2317 692 2342 ut
707 2311 807 2343 Lam·
849 2312 1024 2342 Manutius
1039 2310 1213 2342 dubitabat
1235 2311 1298 2342 dici
1321 2323 1416 2353 posse
1430 2324 1484 2344 oro
1499 2318 1551 2344 at-

103 2352 213 2392 binus,
228 2355 294 2386 Ms.
310 2356 364 2386 Fr.
380 2355 466 2394 quod
479 2354 595 2385 melius
609 2361 705 2394 puto:
730 2355 807 2394 quia
849 2363 910 2394 que
937 2355 1060 2384 obsecro
1078 2354 1200 2395 fidem,
1227 2355 1278 2385 cui
1311 2356 1553 2388 assentiebatur

100 2400 137 2426 et
161 2398 311 2437 sequitur
346 2399 509 2434 minatur,
537 2397 712 2428 advolabit.
768 2397 780 2427 1
786 2407 807 2427 n
851 2397 1010 2426 Graevius.
1035 2396 1179 2427 Frustra.
1224 2397 1361 2429 Plautus
1383 2399 1550 2439 Amphitr.

103 2437 168 2469 Ms.
183 2440 294 2471 Guelf.
310 2446 361 2471 est
373 2445 408 2471 et
423 2440 544 2471 lacuna
556 2443 631 2480 post
643 2449 708 2479 qua
718 2444 808 2480 pole·
851 2438 880 2475 1,
900 2441 924 2469 1.
942 2441 1014 2472 217.
1037 2439 1161 2469 obsecro
1170 2440 1371 2480 tuamfidem
1383 2455 1392 2471 :
1415 2441 1551 2472 dicitur-

72 2487 77 2493 '·
99 2481 161 2518 rit,
176 2488 211 2512 et
225 2483 319 2514 abest
333 2482 446 2523 etjam
449 2484 569 2523 populo
583 2481 679 2513 Rom.
849 2491 912 2521 que
928 2482 976 2512 ita
988 2486 1028 2511 ut
1041 2483 1188 2520 obtestor,
1199 2487 1235 2512 et
1249 2483 1282 2512 in
1298 2482 1370 2514 aliis
1379 2484 1506 2515 formis.

132 2526 186 2560 ,40
196 2524 306 2564 fldem
318 2529 464 2556 vestram
477 2525 530 2554 vel
543 2523 606 2564 def.
623 2529 653 2554 ει
665 2522 712 2563 α.]
725 2523 805 2554 Mss.
891 2526 927 2554 41
944 2524 1050 2563 Aeque
1061 2526 1111 2555 ita
1122 2534 1176 2554 vos
1190 2524 1237 2555 Μ.
1250 2525 1325 2565 &c.]
1351 2526 1392 2557 In
1403 2526 1464 2558 hoc
1478 2526 1551 2557 loco

101 2575 155 2606 ap.
172 2566 348 2609 Grut.fide
361 2568 396 2598 in
417 2578 472 2598 vos
493 2568 545 2597 vel
568 2568 628 2597 &c.
655 2566 720 2597 Ms.
743 2566 806 2596 Gu.
850 2576 979 2606 semper
993 2566 1084 2604 haesi,
1100 2572 1135 2596 et
1149 2576 1262 2598 vereor
1273 2568 1374 2599 etiam
1390 2579 1491 2606 nunc,
1508 2579 1550 2600 ne

102 2607 219 2639 habuit
231 2620 252 2641 a
263 2620 309 2641 m.
325 2620 374 2651 pr.
375 2611 484 2651 fidem
495 2611 546 2640 vel
557 2608 677 2648 defens.
687 2618 805 2640 manus
848 2609 983 2639 vitiosus
994 2609 1049 2640 sit.
1093 2610 1222 2650 Nempe
1236 2609 1319 2640 illud
1341 2612 1391 2642 ita
1413 2612 1551 2651 requirit

100 2658 165 2682 sec.
177 2651 256 2682 fecit
255 2653 331 2693 fide
345 2653 381 2683 in
392 2663 457 2685 vos.
494 2652 614 2683 Veram
627 2651 805 2682 lectionem
847 2652 883 2681 in
895 2651 1104 2692 sequentibus
1118 2656 1169 2692 ut,
1184 2652 1211 2682 si
1227 2651 1260 2682 id
1273 2654 1415 2686 maxime
1426 2654 1551 2685 intelli-

99 2697 182 2732 puto
201 2703 272 2726 esse
285 2695 396 2736 fidem
409 2699 555 2727 vestram
577 2692 642 2734 dff·
666 2698 698 2724 et
719 2704 753 2725 a.
778 2704 804 2724 o.
847 2703 923 2733 gere
939 2694 1076 2724 velimus
1098 2695 1132 2725 in
1155 2701 1377 2734 consequente
1397 2697 1440 2727 sit
1461 2697 1553 2735 apud

100 2733 189 2767 Nam
213 2738 268 2768 vel
285 2737 419 2778 quidem
441 2737 496 2769 hic
518 2737 628 2768 locum
655 2745 723 2767 non
746 2735 804 2767 ha·
845 2747 900 2767 vos
919 2737 1082 2768 modestice
1096 2737 1184 2768 locus
1205 2738 1266 2768 &m
1307 2738 1455 2769 Primum
1472 2743 1549 2769 ante

64 2801 73 2808 .
100 2775 174 2816 bet,
184 2783 300 2820 estque
321 2785 434 2812 ortum
455 2791 474 2811 e
496 2779 691 2821 compendio
714 2779 802 2810 verbi
846 2778 978 2810 deberet
993 2788 1061 2809 esse
1085 2780 1216 2817 laeserit,
1230 2781 1414 2819 violaverit,
1418 2780 1548 2821 fuerit:

100 2825 258 2860 vestram,
279 2822 367 2862 quod
392 2823 480 2855 varie
509 2822 637 2854 lectum*
657 2826 720 2855 est.
765 2821 802 2852 P.
846 2821 961 2852 deinde
978 2821 1035 2853 illa
1047 2824 1090 2852 sit
1103 2822 1195 2863 apud
1204 2833 1258 2854 vos
1270 2824 1328 2855 ἃς.
1344 2825 1448 2863 magis
1470 2832 1548 2853 con-

161 2877 345 2907 v0L.11.
786 2870 811 2905 3
839 2878 864 2905 B
