1907 3231
572 138 692 177 PRO
718 138 764 176 Α.
793 136 1120 177 CLUENTIO³
1504 142 1579 178 533

132 246 248 289 tilius
280 248 434 300 Varus,
454 247 587 289 homo
622 264 790 290 summa
823 246 1033 304 religione
1066 256 1110 289 et
1131 261 1300 288 summa
1320 248 1578 291 auctoritate

162 305 352 359 raeditus,
374 307 426 347 de
449 306 630 358 insidiis,
653 322 749 362 quae
775 307 927 347 fierent
948 304 1097 356 Avito,
1119 315 1163 346 et
1194 304 1247 345 de
1272 305 1577 348 sollicitatione

178 363 359 419 iogenis,
389 363 550 405 recenti
573 378 632 416 rc,
655 379 800 405 secum
824 363 1145 420 Cleophantum
1160 361 1366 411 ,locutum
1397 377 1488 404 esse
1510 365 1575 405 di-

124 420 267 462 cebat.
326 421 472 477 Atque
501 422 543 463 in
568 421 640 462 illo
657 421 829 477 judicio
851 436 951 463 cum
983 420 1296 463 Scamandrum
1326 434 1405 461 nos
1427 420 1575 462 defen—
1589 420 1638 453 54

123 477 223 518 dere
243 477 498 531 videremur,
521 480 652 521 verbo
676 480 745 520 ille
767 494 862 520 reus
884 488 989 531 erat,
1004 494 1048 520 re
1076 478 1250 537 quidem
1274 492 1388 529 vera,
1411 488 1455 518 et
1477 493 1574 534 per-

123 534 252 586 iculo,
285 548 328 577 et
361 546 454 578 tota
478 538 753 578 accusatione
780 537 1065 594 Oppianicus.
1127 536 1281 592 Neque
1318 535 1362 576 id
1392 536 1575 578 obscure

123 592 306 649 ferebat,
329 609 407 635 nee
429 595 697 636 dissimulare
711 595 796 636 ullo
813 595 944 636 modo
963 603 1156 652 poterat:
1190 594 1337 634 aderat
1358 592 1574 649 frequens,

122 650 380 702 advocabat,
402 652 521 693 omni
553 653 697 694 studio
728 653 954 710 gratiaque
986 652 1232 709 pugnabat:
1265 657 1501 709 postremo,
1531 651 1572 692 id

124 708 242 763 quod
264 710 458 751 maximo
482 711 595 752 malo
630 710 689 751 illi
721 725 863 752 causae
887 710 985 760 fuit,
1007 710 1092 751 hoc
1122 711 1217 766 ipso
1251 710 1295 750 in
1317 708 1429 760 loco,
1452 709 1575 764 quasi

123 779 219 807 reus
255 767 347 823 ipse
383 778 510 820 esset,
541 768 733 809 sedebat.
796 767 925 808 Oculi
961 768 1156 808 omnium
1183 766 1385 821 judicum
1417 767 1575 811 nonin

122 826 450 877 Scamandrum,
493 827 566 867 sed
605 827 649 867 in
682 825 977 882 Oppianicum
1014 824 1387 879 conjiciebantur:
1439 824 1572 865 timor

118 881 227 936 cju5‚
263 884 547 940 perturbatio,
581 898 810 940 suspensus
843 882 1119 937 incertusque
1143 881 1300 933 vultus,
1323 882 1472 923 crebra
1495 897 1570 923 co-

119 938 221 981 loris
255 942 455 992 mutatio,
485 956 583 997 quae
616 951 739 981 erant
771 950 898 981 antea
930 940 1183 996 suspiciosa,
1218 939 1313 980 haec
1347 949 1495 996 aperta
1517 955 1568 980 ac

119 997 350 1039 manifesta
370 999 603 1040 faciebant.
666 998 777 1039 Cum
799 997 840 1039 in
865 997 1094 1039 consilium
1118 997 1167 1038 iri
1191 1006 1425 1054 oporteret,
1448 1012 1567 1052 quae-
1581 992 1652 1040 ΞΟ

119 1055 223 1096 sivit
255 1057 309 1097 ab
340 1071 412 1097 reo
451 1056 502 1097 C.
525 1055 699 1108 Junius,
731 1055 995 1112 4³quaesito1·
1027 1069 1081 1095 ex
1114 1054 1210 1110 lege
1242 1054 1314 1096 illa
1349 1054 1567 1106 Cornelia,
1582 1065 1630 1098 55

117 1127 217 1167 quae
242 1122 332 1154 tum
355 1124 460 1165 erat,
484 1113 609 1166 clam,
626 1129 681 1155 an
706 1113 929 1170 palam,de
952 1127 995 1154 se
1018 1112 1277 1154 sententiam
1300 1111 1401 1153 ferri
1424 1112 1567 1154 vellet.

120 1169 188 1211 De
222 1170 458 1227 Oppianici
490 1172 704 1213 sententia
735 1185 989 1228 responsum
1022 1181 1102 1222 est,
1135 1171 1251 1226 quod
1275 1171 1310 1211 is
1344 1169 1466 1211 Aviti
1499 1170 1565 1211 fa-

88 1251 91 1253 >
116 1227 328 1269 miliarem
351 1229 534 1272 Junium
556 1244 648 1271 esse
667 1229 854 1281 dicebat,
872 1229 980 1270 clam
1005 1228 1112 1269 velle
1135 1228 1250 1269 ferri.
1294 1224 1409 1269 Itum
1434 1237 1498 1269 est
1521 1229 1565 1269 in

116 1285 362 1328 consilium.
396 1288 598 1328 omnibus
627 1288 868 1339 sententiis,
905 1295 1062 1343 praeter
1100 1301 1245 1337 unam,
1281 1301 1412 1341 quam
1446 1301 1566 1327 suam

115 1343 316 1384 Stalenus
338 1342 639 1396 esse'dicebat,
663 1345 926 1386 Scamander
949 1344 1088 1401 prima
1110 1344 1282 1385 actione
1305 1344 1567 1389 condemua-
1603 1373 1608 1376 .

115 1410 183 1442 tus
206 1410 285 1445 est.
347 1403 457 1450 Quis
480 1413 573 1444 tum
604 1413 694 1444 erat
717 1403 928 1453 omnium,
950 1402 1040 1457 qui,
1070 1401 1335 1443 Scamandro
1358 1401 1566 1442 condem-

113 1468 233 1510 nato,
256 1474 342 1502 non
357 1461 576 1515 judicium
598 1461 651 1502 de
675 1459 923 1517 Oppianico
946 1459 1111 1501 factum
1135 1472 1226 1500 esse
1256 1459 1564 1501 arbitraretur?

110 1516 217 1571 quid
244 1526 309 1559 est
331 1518 403 1559 illa
430 1517 989 1574 damnationejudicatum,
1011 1517 1091 1558 nisi
1123 1530 1335 1557 venenum
1365 1517 1422 1567 id,
1445 1517 1671 1573 (μυᾶν-99-

111 1574 246 1616 Avito
268 1575 456 1627 daretur,
483 1590 574 1617 esse
604 1577 862 1632 quaesitum?
895 1575 1008 1622 Quae
1042 1589 1169 1632 porro
1193 1574 1445 1615 tenuissima
1467 1576 1603 1615 sus-⁵²·

110 1632 227 1687 picio
261 1633 418 1675 collata
442 1634 486 1675 in
510 1634 823 1675 Scamandrum
846 1643 925 1685 est,
956 1642 1030 1673 aut
1063 1632 1250 1674 conferri
1273 1632 1432 1689 potuit,
1455 1641 1502 1673 ut
1525 1634 1560 1674 is

110 1704 187 1730 sua
210 1700 364 1747 sponte
386 1706 539 1737 necare
571 1691 757 1733 voluisse
773 1691 955 1733 Avitum
979 1693 1231 1747 putaretur?

169 1747 329 1804 Atque,
353 1749 435 1791 hoc
459 1749 735 1805 tumjudicio
767 1749 899 1800 facto,
921 1758 965 1789 et
989 1748 1254 1805 Oppianico,
1276 1762 1321 1789 re
1343 1755 1386 1789 et
1407 1748 1558 1790 existi·
1573 1758 1622 1793 56

109 1806 316 1858 mationc,
349 1807 470 1862 jam;
510 1807 605 1863 lege
642 1818 684 1847 et
728 1806 1098 1864 pronuntiatione,
1129 1806 1322 1847 nondum
1354 1807 1560 1848 condem-

110 1874 239 1916 nato;
274 1874 415 1906 tamen
453 1865 608 1906 Avitus
643 1866 938 1922 Oppianicum
973 1879 1093 1905 reum
1132 1864 1280 1905 statim
1312 1879 1414 1905 nonv
1440 1864 1559 1906 fecit.

110 1920 259 1962 Voluit
291 1937 568 1979 cognoscere,
590 1932 733 1964 utrum
748 1923 921 1979 judices
941 1922 984 1963 in
1007 1937 1080 1964 eos
1110 1922 1222 1963 solos
1245 1931 1387 1963 essent
1409 1923 1561 1974 severi,

108 1994 217 2034 quos
240 1993 454 2021 venenum
477 1980 679 2022 habuisse
701 1981 818 2037 ipsos
841 1980 1169 2037 comperissent,
1192 1994 1245 2020 an
1268 1979 1399 2020 etiam
1419 1981 1560 2021 eonsi-

108 2036 166 2078 lia
187 2038 561 2094 conscientiasque
579 2038 793 2098 ejusmodi
816 2038 1058 2083 facinorum
1081 2037 1294 2094 supplicio
1317 2037 1470 2094 dignas
1486 2038 1561 2094 ju-

106 2095 319 2137 dicarent.
380 2096 534 2152 Itaque
555 2097 606 2138 C.
632 2096 895 2148 Fabricium,
918 2110 1048 2153 quem
1080 2106 1258 2154 propter
1292 2095 1560 2136 familiarita-

109 2162 198 2193 tem
233 2153 470 2210 Oppianici
501 2155 724 2196 conscium
758 2155 818 2196 illi
853 2154 1034 2196 facinori
1081 2153 1214 2195 fuisse
1255 2154 1560 2204 arbitrabatur,

108 2225 230 2251 reum
252 2212 399 2253 statim
423 2212 550 2256 fecit:
581 2216 623 2243 4⁴
635 2213 784 2268 utique
806 2212 844 2253 ei
874 2212 994 2254 locus
1018 2212 1180 2268 primus
1209 2212 1560 2262 constitueretur,

108 2278 285 2326 propter
307 2285 449 2317 causae
472 2269 828 2326 conjunctionem
852 2270 1117 2327 impetravit,
1178 2268 1267 2310 Hic
1293 2280 1383 2310 tum
1407 2269 1559 2310 Fabri-

106 2325 200 2367 cius
222 2341 309 2367 non
344 2328 474 2370 modo
497 2330 549 2371 ad
574 2343 644 2370 me
664 2343 784 2370 meos
816 2328 982 2370 vicinos
1005 2336 1049 2368 et
1075 2327 1254 2378 amieos,
1277 2326 1558 2378 AletrinateS,

106 2398 194 2425 non
217 2384 415 2437 adduxit,
438 2387 511 2429 sed
532 2387 623 2443 ipse
645 2386 696 2427 iis
725 2401 865 2442 neque
887 2386 1186 2431 defensoribus
1209 2384 1272 2426 uti
1298 2394 1460 2441 postea,
1484 2400 1557 2426 ne-

103 2456 188 2497 que
208 2441 504 2491 laudatoribus
527 2444 686 2501 potuit.
747 2444 858 2485 Rem
881 2445 996 2485 enim
1022 2443 1235 2499 integram
1255 2442 1443 2483 hominis
1469 2458 1552 2483 non
1568 2461 1617 2499 57

104 2499 249 2552 alieni,
283 2502 479 2557 quamvis
519 2502 818 2560 suspiciosam,
861 2500 1106 2553 defendere,
1141 2500 1426 2547 humanitatis
1465 2514 1557 2542 esse

101 2677 170 2717 ipse
193 2675 439 2716 intelligendus.
484 2678 524 2712 In
538 2678 630 2709 libris
645 2676 803 2717 antiquis,
890 2678 932 2707 43
956 2675 1106 2716 quoesllor
1127 2675 1250 2714 exlege
1268 2673 1377 2715 Corra]
1397 2685 1424 2705 v.
1442 2674 1556 2716 paullo

100 2725 140 2748 ut
154 2718 204 2749 ed.
222 2721 321 2753 1471:
334 2722 424 2750 1480.
447 2723 607 2762 scriptum
630 2729 701 2751 erat
720 2721 805 2750 forte
852 2725 928 2760 post
942 2729 970 2749 c.
987 2720 1040 2752 27.

102 2761 148 2792 P.
164 2761 208 2801 L).
228 2763 344 2792 ἴαν-ας.
359 2767 393 2792 et
408 2763 482 2794 inde
498 2771 615 2795 natum
632 2763 805 2804 Quintius.
891 2764 933 2792 44
961 2761 1073 2801 ufique
1098 2760 1142 2800 ez]
1165 2760 1222 2791 Sic
1247 2760 1328 2791 Mss.
1341 2760 1482 2801 aliquot,
1510 2766 1544 2791 et

100 2803 264 2834 Similiter
291 2805 367 2834 infr.
394 2815 422 2835 c.
446 2807 498 2837 62.
522 2817 581 2848 pro
605 2806 804 2848 Quintilius,
850 2803 921 2834 ezld.
941 2813 988 2844 pr.
1034 2803 1144 2843 Vulgo
1166 2807 1266 2843 utque
1287 2805 1330 2834 ei.
1372 2803 1461 2835 Illud
1487 2814 1556 2834 rne-

101 2846 166 2876 Ms.
193 2846 324 2885 quidam
349 2847 520 2889 Quintius.
581 2849 698 2890 Itaque
729 2857 805 2879 cum
849 2847 913 2877 lius
927 2853 961 2878 et
976 2857 1009 2878 :n
1023 2846 1085 2878 hae
1101 2846 1208 2881 forma
1223 2846 1387 2878 usitatius.

99 2888 208 2927 Bruto
225 2890 342 2937 recepi.

736 2955 882 2992 sth
