1907 3231
505 107 630 148 ACT.
659 109 710 148 II.
745 105 924 146 LIBER
949 105 1220 145 TERTIUS.
1294 108 1302 117 '
1508 111 1581 146 241

558 298 1174 345 ACCUSATIONIS
1539 353 1550 362 ·
1594 294 1712 367 13:142.

837 405 891 433 IN

363 488 1398 558 C.VERREM

595 618 803 662 LIBER
844 617 1140 660 TERTIUS

838 712 902 740 DE

514 792 1244 857 FRUMENTO,

824 907 914 937 SEU

392 984 688 1034 ORATIO
732 983 1330 1033 FRUMENTARIA.

616 1094 848 1132 ORATIO
874 1093 1124 1132 OCTAVA,

670 1289 1076 1327 ARGUMENTUM.

149 1372 319 1408 Continet
337 1370 396 1406 hic
424 1369 512 1406 liber
520 1368 633 1418 furta
655 1367 775 1405 Verris
803 1371 840 1405 in
873 1370 970 1404 omni
992 1367 1177 1419 frumenti
1216 1382 1355 1418 genere.
1410 1369 1593 1407 Frumenti

199 1428 331 1466 autem,
351 1423 447 1470 quod
459 1427 596 1470 praetor
613 1422 757 1458 Siculus
778 1423 821 1458 ab
836 1423 1042 1458 aratoribus
1059 1423 1201 1469 exigere
1218 1426 1361 1470 poterat
1379 1428 1412 1458 et
1432 1424 1594 1466 debebat,

177 1498 181 1500 v
197 1480 279 1512 erat
301 1477 422 1523 primo
438 1473 708 1517 decumanum,
729 1475 825 1522 quod
842 1479 1004 1510 aratores
1022 1486 1088 1522 pro
1107 1475 1208 1521 agris
1225 1476 1294 1511 sibi
1313 1476 1501 1512 attributis
1529 1477 1593 1511 da-

199 1529 309 1567 bant:
348 1528 502 1563 alterum
521 1532 599 1563 erat
627 1531 813 1575 emptum,
834 1527 930 1575 quod
947 1529 984 1563 vi
1015 1527 1104 1574 legis
1125 1526 1285 1575 Rupiliae
1304 1528 1514 1564 tenebantur
1526 1540 1594 1576 po-

194 1581 278 1629 puli
305 1580 443 1616 Siciliae
460 1581 577 1627 vectig
556 1580 652 1616 cales
675 1580 812 1640 populo
840 1579 945 1615 Rom.
975 1584 1071 1615 certo
1097 1582 1216 1626 pretio
1235 1582 1395 1617 vendere.
1455 1580 1498 1616 ld
1515 1585 1596 1616 erat

196 1633 256 1670 vet
277 1633 533 1669 decumanum
551 1632 728 1674 alterum,
749 1635 807 1668 cui
821 1634 982 1680 pretium
1000 1636 1079 1667 erut
1097 1643 1120 1666 α
1142 1637 1270 1668 senatu
1298 1632 1402 1669 Rom.
1422 1635 1594 1668 constitu-

199 1690 277 1721 tum
291 1687 330 1722 in
350 1687 485 1722 modios
511 1686 672 1733 singulos
700 1685 795 1721 H-S.
822 1686 942 1724 terni;
973 1685 1030 1720 vel
1047 1684 1294 1732 impelatum,
1316 1687 1373 1721 cui
1388 1685 1484 1721 H-S.
1505 1697 1595 1733 qua-

199 1740 294 1774 terni
308 1739 496 1778 constituti
515 1742 629 1774 erunt.
686 1738 980 1773 Constituebutur
998 1741 1120 1773 autem
1139 1749 1161 1772 α
1179 1742 1307 1773 senatu
1336 1740 1372 1773 in
1391 1749 1503 1774 annos
1519 1739 1595 1774 sin-

196 1790 301 1838 gulos
319 1802 338 1826 e
356 1790 432 1838 lege
454 1790 624 1826 Terentia
638 1795 673 1826 et
694 1790 818 1826 Cassia
830 1788 1093 1840 frumentaria,
1115 1795 1254 1837 quanta
1276 1792 1438 1838 pecuniae
1455 1802 1596 1826 summa

198 1845 238 1879 in
265 1847 456 1890 utrumque
495 1843 589 1879 emti
615 1854 726 1890 genus
763 1854 807 1878 ex
837 1843 966 1878 aerurio
998 1843 1289 1890 impenderetur.-
1335 1845 1483 1879 tertium
1514 1849 1595 1879 erat

198 1895 444 1937 aestimatum,
459 1897 532 1932 sive
544 1895 584 1931 in
595 1895 743 1938 cellam,
761 1896 856 1943 quod
867 1907 909 1931 ex
924 1895 962 1931 S.
981 1895 1017 1931 C.
1040 1899 1075 1930 et
1091 1894 1226 1942 legibus
1239 1897 1391 1943 praetori
1410 1897 1447 1931 in
1466 1895 1595 1932 cellam.

197 1949 247 1984 ad
274 1959 357 1983 usus
381 1959 463 1983 suos
492 1948 749 1996 imperabatur.
805 1948 935 1983 Dabat
962 1947 1118 1983 Senatus
1147 1949 1317 1995 quaestori
1331 1949 1502 1996 praetoris
1519 1959 1594 1983 cer-

197 2004 274 2037 tam
291 2012 332 2036 esc
353 2003 483 2037 aerario
498 2002 702 2048 pec-uniam,
721 2001 814 2036 unde
832 2001 876 2036 ab
895 1999 1100 2036 aratoribus
1128 2006 1272 2043 emeret,
1292 2004 1327 2035 et
1346 2001 1490 2048 quidem
1517 2012 1592 2036 mo-

196 2053 297 2089 dium
312 2054 428 2089 tritici
441 2052 537 2089 H-S.
558 2052 655 2088 IIII.
674 2053 798 2089 hordei
813 2058 933 2089 autem
948 2052 1042 2088 H-S.
1064 2050 1118 2088 II.
1174 2053 1284 2088 Illam
1296 2055 1488 2100 pecuniam
1507 2065 1592 2088 ανα-

197 2106 334 2142 toribus
352 2105 626 2148 adnumerabat‚
648 2110 683 2141 et
711 2106 839 2141 deinde
855 2105 1092 2154 frumentum
1109 2106 1314 2147 vehebatur,
1336 2117 1505 2153 quorsum
1529 2117 1592 2141 vo—

198 2158 305 2195 lebat.
363 2158 515 2194 Licebat
547 2163 667 2194 autem
695 2159 846 2205 praetori
874 2163 1009 2194 certam
1030 2160 1237 2208 pecuniam,
1258 2163 1434 2206 quantun
1451 2158 1591 2194 scilicet

196 2222 338 2271 aeq'uum
364 2215 456 2253 erat,
477 2211 520 2247 ab
550 2211 755 2247 aratoribus
770 2222 839 2258 pro
855 2210 1048 2260 frumento
1074 2218 1110 2249 et
1126 2216 1274 2247 vectura
1296 2212 1446 2259 pacisci.
1500 2210 1590 2247 Jarn

191 2265 355 2311 primum
372 2275 396 2299 α
414 2276 442 2300 c.
461 2267 498 2300 6.
518 2265 566 2299 acl
583 2267 645 2304 70.
655 2261 813 2312 fraudes
832 2262 988 2311 etfzcrta
1006 2265 1128 2301 Verris
1148 2265 1185 2300 in
1204 2265 1413 2305 decumano,
1434 2275 1456 2299 α
1475 2274 1504 2298 c
1523 2267 1587 2303 70.

195 2317 245 2352 ad
261 2319 324 2353 81
344 2317 382 2352 in
399 2321 506 2359 emto,
527 2321 561 2351 et
579 2316 736 2352 cleincle'
726 2328 763 2351 ιη
781 2317 957 2352 (estimato
977 2319 1144 2354 ostendit

148 2400 408 2477 OMNES,
430 2425 505 2482 qui
541 2425 736 2477 alterum,
760 2425 946 2482 judiees,
975 2427 1102 2469 nullis
1124 2425 1299 2483 impulsi
1327 2425 1629 2482 inimicitiis‚1

142 2482 260 2525 nulla
281 2483 484 2540 privatim
517 2483 608 2526 laesi
644 2484 817 2541 injuria,
838 2484 956 2526 nullo
986 2485 1167 2542 praemio
1199 2483 1390 2535 adducti,
1408 2484 1595 2540 injudi-
1601 2507 1619 2541 1

142 2541 260 2584 cium
282 2540 532 2597 reipublicae
555 2557 684 2583 causa
706 2552 876 2591 vo‚cant
900 2543 1125 2598 providere
1147 2542 1321 2592 debent,
1338 2556 1424 2582 non
1448 2541 1586 2584 solum

143 2598 248 2654 quid
281 2613 421 2639 onerls
460 2599 504 2640 in
547 2600 778 2655 plaesentia
816 2599 983 2651 tollant,
1019 2599 1092 2641 sed
1127 2600 1257 2641 etiam
1293 2609 1504 2654 quantum
1543 2601 1589 2642 in

142 2669 317 2697 omnem
336 2656 471 2697 vitam
492 2657 659 2713 negotii
683 2657 898 2721 suscipere
913 2668 1138 2699 conentur.
1191 2657 1353 2713 Legem
1367 2657 1483 2697 enim
1506 2658 1588 2700 sibi

142 2713 227 2769 ipsi
247 2712 398 2754 dicunt
427 2715 705 2765 innocentiae,
728 2715 1026 2778 continentiae,
1049 2715 1347 2770 xistutumque
1377 2715 1589 2767 omnium,

142 2770 219 2825 qui
242 2769 297 2811 ab
318 2770 451 2813 altero
472 2772 685 2813 rationem
721 2772 822 2814 vitae
847 2782 1106 2829 reposcunt:
1139 2782 1268 2827 atque
1296 2785 1348 2813 eo
1376 2772 1530 2828 magis,
1553 2774 1588 2814 si

144 2827 204 2879 id,
224 2836 273 2867 ut
294 2837 393 2869 ante
413 2828 521 2882 dixi,
545 2828 711 2875 faciunt
732 2829 849 2873 nulla
869 2845 912 2872 re
943 2831 1152 2874 commoti
1176 2829 1272 2881 alia,
1295 2829 1378 2871 nisi
1400 2830 1590 2872 utilitate

205 2898 313 2927 v01.
340 2898 394 2927 11.
848 2900 875 2928 R
