1907 3231
288 119 366 161 376
813 121 885 161 ΙΝ
923 119 1207 159 VERREM

291 234 460 263 v1RG1s
499 235 743 266 NEMINEM
781 238 1099 267 CECIDISSET:
1132 239 1157 264 a
1188 237 1274 279 quo
1296 224 1617 280 “sscognoseetis
1646 239 1727 266 no-

288 277 520 321 bilissimos
554 280 748 322 homines
780 292 907 338 atque
938 281 1312 322 innocentissimos
1347 282 1482 323 securi
1515 296 1605 322 esse
1629 295 1726 338 perf

287 349 456 377 cussos:
491 351 625 389 ouon
657 351 967 380 VIGILANTER
1004 351 1322 379 PROVINCIAM
1356 351 1725 381 ADMINisTRAs-

291 406 404 435 SET:
435 394 557 450 cujus
587 410 734 435 omnes
757 395 924 451 vigilias
956 394 1000 434 in
1033 394 1191 450 stupris
1224 405 1394 436 constat
1421 395 1726 451 adulteriisque

286 463 378 490 esse
399 462 658 493 consumtas.
720 451 820 493 Hoc
840 461 981 492 autem
1004 452 1211 506 scriptum
1233 453 1377 503 etiam,
1395 453 1509 508 quod
1532 451 1724 510 proferre

280 521 372 547 ⁴non
409 509 583 549 auderet
615 523 722 559 reus,
755 517 978 549 accusator
1007 508 1185 550 recitare
1218 523 1303 550 non
1337 509 1561 561 desineret,
1586 521 1723 562 9001)

288 577 561 607 PRAEDONES
596 578 788 606 PROCUL
814 578 874 605 ΑΒ
913 578 1097 606 INSULA
1133 579 1318 607 SICILIA
1355 578 1723 609 PROHIBUISSET

290 635 478 663 VERRES
498 639 506 663 :
539 637 644 676 quos
666 622 795 663 etiam
814 623 926 663 intra
943 622 1252 677 Syracusanam
1273 623 1454 664 insulam
1473 624 1720 681 recepisset.

202 687 274 721 145
289 677 400 724 Quae
421 687 701 734 posteaquam
723 694 778 720 ex
801 679 883 720 illis
905 680 1107 736 cognovi,
1130 680 1303 721 discessi
1327 695 1425 722 cum
1448 680 1578 722 fratre
1599 696 1622 722 e
1644 695 1721 722 cu-

202 737 273 791 65
289 736 362 786 ria,
386 746 446 786 ut,
468 735 593 776 nobis
615 736 879 788 absentibus,
903 736 937 777 si
960 736 1063 792 quid
1087 736 1257 788 vellent,
1279 738 1568 779 decernerent.
1631 736 1721 793 De-

285 800 466 832 cernunt
505 793 670 834 statim:
704 795 906 850 primum,
939 796 1055 835 801JT
1098 808 1199 835 cun
1243 808 1283 835 L.
1319 808 1508 835 FRATRE
1550 808 1723 837 nosm-

281 862 408 890 TIUM
435 864 646 891 PUBLICE
683 865 877 902 FlERET,
909 852 1024 906 quod
1059 851 1093 891 is
1121 851 1299 892 eandem
1323 851 1589 892 voluntatem
1618 866 1723 907 erga

281 906 572 960 Syracusanos
606 909 874 964 suscepisset,
908 923 1036 963 quam
1071 922 1153 964 ego
1187 923 1354 964 semper
1387 908 1647 949 habuissem.
1675 908 1720 950 id

279 977 367 1004 non
405 965 533 1005 modo
569 966 968 1020 tuin'scripserunt,
1000 980 1147 1006 verum
1180 966 1310 1007 etiam
1341 966 1383 1006 in
1421 980 1506 1006 aere
1536 965 1720 1007 incisum

277 1020 405 1060 nobis
440 1021 720 1063 tradiderunt.
784 1022 916 1062 Valde
950 1021 1092 1063 hercle
1128 1032 1170 1063 te
1209 1023 1466 1079 Syracusani
1504 1023 1582 1074 tui,
1611 1037 1721 1077 quos

277 1078 428 1118 crebro
458 1093 795 1119 commemorare
831 1079 953 1130 soles,
987 1079 1196 1135 diligunt:
1229 1081 1303 1135 qui
1336 1095 1434 1121 cum
1470 1088 1720 1121 accusatore

278 1143 353 1174 tuo
377 1135 477 1175 satis
493 1135 658 1190 justam
675 1151 844 1177 causam
865 1136 960 1192 conj
970 1137 1181 1192 ungendae
1199 1136 1525 1178 necessitudinis
1548 1145 1717 1193 putant,

277 1191 392 1245 quod
416 1201 457 1232 te
478 1202 752 1234 accusaturus
775 1194 845 1244 sit,
867 1202 911 1233 et
931 1194 1047 1249 quod
1070 1194 1174 1235 8lad
1196 1194 1498 1249 inquirendum
1520 1194 1564 1234 in
1581 1203 1622 1234 te
1646 1208 1717 1235 ve-

276 1248 402 1289 nerit.
464 1249 623 1291 Postea
655 1251 912 1302 decernitur,
935 1266 984 1292 ac
1016 1265 1104 1292 non
1138 1251 1266 1302 varie,
1290 1251 1362 1292 sed
1399 1253 1581 1306 82prope
1613 1265 1718 1292 con-

271 1315 437 1359 junctis
461 1317 698 1359 sententiis,
722 1321 783 1349 UT
809 1322 1080 1359 LAUDATIO,
1107 1322 1214 1360 911AE
1241 1322 1281 1349 c.
1307 1321 1456 1349 vERm
1486 1321 1716 1349 DECRETA

193 1378 266 1413 146
283 1375 438 1414 ESSET,
462 1378 805 1406 TOLLERETUR.
865 1364 927 1405 At
954 1380 1070 1416 vero,
1092 1380 1191 1406 cum
1218 1365 1313 1421 jam
1346 1380 1433 1406 non
1462 1364 1596 1406 solum
1631 1365 1719 1406 dis-

277 1420 413 1461 cessio
443 1420 559 1462 facta
581 1431 705 1473 esset,
737 1422 809 1462 sed
839 1423 970 1463 etiam
1001 1423 1300 1478 perscriptum,
1332 1432 1460 1478 atque
1481 1422 1526 1463 in
1549 1422 1716 1463 tabulas

276 1477 471 1529 relatum,
495 1489 654 1534 praetor
675 1479 927 1535 appellatur.
986 1480 1048 1520 At
1074 1480 1168 1534 quis
1191 1479 1405 1536 appellat?
1437 1482 1475 1510 83
1488 1480 1718 1536 magistra-

275 1542 345 1574 tus
359 1534 518 1590 aliqui?
549 1551 690 1577 nemo.
714 1540 909 1579 senator?
939 1540 1042 1577 84ne
1061 1536 1105 1577 id
1126 1537 1314 1591 quidem.
1348 1536 1715 1591 Syracusanorum

275 1590 453 1646 aliquis?
484 1593 676 1634 minime.
693 1593 787 1648 quis
804 1594 938 1650 igitur
954 1602 1182 1649 praetorem
1199 1593 1411 1649 appellat?
1432 1593 1505 1648 qui
1525 1602 1715 1649 quaestor

275 1647 399 1688 istius
422 1649 576 1700 fuerat,
601 1650 818 1691 Caecilius.
881 1650 921 1692 O
952 1665 1040 1691 rem
1065 1651 1314 1692 ridiculam!
1347 1666 1372 1692 o
1400 1651 1615 1692 desertum
1636 1650 1716 1691 ho-

144 1726 177 1759 p,
191 1705 434 1751 934.minem
452 1709 460 1749 !
493 1722 519 1747 o
541 1708 813 1763 desperatum
835 1723 885 1749 ac
907 1707 1102 1749 relictum
1120 1723 1145 1748 a
1164 1708 1418 1763 magistratu
1439 1707 1609 1749 Siculo!
1643 1707 1712 1748 Ne

231 1772 445 1803 ²·senatus
468 1765 711 1805 consultum
743 1765 875 1807 Siculi
906 1765 1102 1806 homines
1131 1763 1271 1805 facere
1302 1774 1492 1820 possent,
1513 1778 1568 1805 ne
1590 1778 1715 1805 suum

265 1818 340 1873 jus
363 1821 448 1861 suis
470 1822 677 1873 moribus,
700 1823 786 1863 suis
812 1822 980 1878 legibus
1002 1822 1198 1863 obtinere
1219 1831 1408 1878 possent,
1438 1835 1526 1863 non
1547 1821 1712 1862 amicus

270 1876 408 1929 istius,
431 1893 518 1919 non
541 1879 712 1935 hospeS,
733 1895 821 1921 non
843 1880 1027 1934 denique
1044 1879 1200 1934 aliquis
1223 1878 1406 1930 Siculus,
1429 1878 1501 1919 sed
1523 1886 1714 1933 quaestor

267 1943 499 1989 praetorem
527 1937 729 1993 appellat.
790 1937 900 1984 Quis
933 1936 1017 1978 hoc
1040 1937 1172 1979 vidit?
1204 1936 1349 1992 85quis
1371 1935 1560 1978 audivit?
1593 1934 1712 1976 Prae-

1007 2106 1183 2136 contrariae
1197 2106 1305 2142 variis,
1323 2105 1469 2136 Graevius
1486 2107 1585 2144 negat
1610 2114 1644 2136 se
1658 2105 1709 2135 in-

1006 2147 1167 2187 telligere.
1191 2149 1223 2178 Si
1239 2158 1314 2178 vera
1339 2151 1389 2178 est
1416 2146 1528 2184 lectio,
1545 2147 1711 2186 significat

1007 2190 1252 2221 consentientes
1277 2191 1365 2221 inter
1386 2199 1420 2219 se
1444 2190 1635 2220 sententias.
1663 2189 1710 2220 Et

1007 2231 1046 2262 de
1064 2232 1278 2263 consensione
1291 2233 1478 2263 animorum
1493 2231 1616 2262 dicitur
1631 2241 1710 2262 con-

1001 2274 1148 2312 junctio,
1166 2276 1375 2314 conjunctus·
1409 2274 1470 2304 Sed
1483 2278 1532 2304 est
1546 2280 1661 2304 tamen
1675 2274 1710 2304 in

306 2106 346 2135 79
368 2104 572 2143 cognoscetis]
612 2106 664 2135 Sic
691 2115 749 2146 pro
775 2106 964 2144 cognoscitis

264 2145 439 2176 rescribere
453 2156 518 2176 non
534 2146 699 2177 dubitavi:
725 2157 801 2178 nam
816 2148 963 2178 nondum

263 2193 505 2225 cognoverant:
535 2195 586 2219 est
611 2191 699 2219 enim
728 2190 760 2220 id
787 2199 963 2229 argumen-

263 2233 336 2258 tum
351 2230 508 2260 orationis
522 2233 697 2269 sequentis.
721 2231 813 2261 Vidit
826 2238 859 2262 et
875 2232 964 2262 Grae-

263 2271 345 2301 vius.
381 2271 421 2302 In
437 2272 499 2302 Gu.
514 2278 562 2302 est
583 2273 813 2314 compendium
835 2284 965 2313 cognos-

263 2313 328 2342 m's:
362 2323 380 2343 e
407 2314 495 2352 quali
521 2316 725 2355 compendio,
753 2321 793 2346 ut
819 2326 904 2357 saepe
930 2317 964 2347 in

263 2355 479 2395 temporibus,
493 2357 611 2388 vitiosa
624 2361 786 2398 scriptura
796 2363 874 2390 orta
889 2364 949 2390 est,

307 2399 347 2427 80
374 2402 411 2427 ut
437 2408 512 2428 cum
540 2400 581 2430 L.
597 2399 716 2439 fratre
756 2401 830 2440 δια]
878 2400 962 2431 Cum

264 2437 393 2468 Graevio
409 2442 513 2480 recepi
530 2448 603 2481 post
616 2442 829 2479 Lambinmn,
855 2444 910 2482 qui
927 2444 961 2474 in

261 2479 326 2510 Ms.
354 2481 466 2520 Cujac.
492 2489 668 2524 repererat,
693 2490 733 2515 ut
756 2484 902 2515 Graevius
926 2486 960 2516 in

263 2532 329 2561 reg.
355 2532 432 2552 nam
455 2524 524 2555 haec
551 2533 601 2556 est
623 2527 730 2557 forma
755 2529 960 2567 perpetuain

260 2563 322 2594 hac
338 2575 381 2594 re.
397 2576 427 2594 v.
443 2567 622 2605 Graevium,
643 2569 670 2599 si
684 2568 785 2600 lubet.
815 2569 880 2600 Ms.
895 2570 959 2602 Gu.

248 2605 369 2645 fratre
382 2608 423 2637 L.

303 2652 339 2679 81
355 2650 656 2692 adinquirendum]
674 2652 738 2683 Ms.
754 2653 814 2684 Gu.
828 2658 858 2684 et
875 2655 962 2695 quod

259 2691 449 2730 inquisitum
464 2693 485 2721 z'.
499 2697 520 2722 t.
534 2704 564 2724 v.

303 2735 343 2763 82
360 2743 461 2774 prope
484 2735 664 2776 conjunctis
679 2737 859 2777 sententiis]
906 2738 958 2768 Sic

259 2775 331 2806 edd.
356 2786 469 2806 omnes
495 2783 614 2816 praeter
640 2778 859 2817 Graevianam,
884 2790 957 2818 quae

258 2827 276 2847 e
292 2817 355 2847 Ms.
372 2818 452 2857 Reg.
470 2819 568 2849 habet
581 2822 729 2856 cunetis,
754 2821 841 2862 quod
865 2827 899 2852 et
923 2825 958 2852 in

259 2860 321 2890 Gu.
337 2865 397 2893 est.
416 2860 600 2902 Conjuuctoe
613 2864 778 2894 sententiae
791 2874 862 2903 quae
877 2864 958 2902 sint,

1006 2321 1077 2364 tani
1097 2316 1237 2356 simplici
1262 2316 1449 2347 narratione
1463 2315 1654 2356 exquisitius
1668 2326 1707 2347 ac

1007 2358 1266 2439 dugglsoiagistr.
1279 2399 1412 2441 aliquis]
1428 2399 1492 2430 Hic
1503 2403 1538 2430 et
1549 2409 1625 2430 mox
1640 2399 1707 2430 Ms.

1007 2442 1068 2473 Gu.
1086 2444 1199 2482 aliqui.
1245 2444 1354 2474 Primo
1369 2443 1441 2473 loco
1454 2441 1578 2472 habent
1593 2451 1709 2472 omnes

1006 2483 1079 2532 edd.
1099 2495 1153 2533 pr.
1198 2484 1314 2526 Itaque
1336 2486 1381 2516 sic
1395 2483 1490 2515 edidi.
1518 2494 1547 2514 v.
1565 2483 1656 2515 Clav.
1669 2484 1704 2514 in

1002 2527 1091 2599 ‘12qu
1093 2537 1138 2599 ἷξε
1151 2570 1188 2600 id
1198 2568 1340 2611 quidem]
1359 2568 1548 2608 Suspicatus
1560 2577 1646 2604 sum,
1662 2578 1704 2599 ne

1000 2611 1028 2640 is
1050 2612 1200 2650 quidem:
1222 2612 1277 2643 sed
1301 2615 1335 2641 et
1357 2610 1531 2649 vulgatum
1555 2610 1632 2640 ferri
1646 2620 1704 2652 po-

1000 2658 1083 2725 tesssti'i
1116 2700 1175 2726 aut
1202 2696 1272 2735 quis
1299 2694 1440 2734 audivit]
1471 2693 1500 2724 A
1527 2692 1592 2724 MS.
1618 2693 1703 2734 Reg.

1001 2737 1093 2767 abest
1108 2742 1178 2768 aut.
1192 2738 1374 2776 delevitque
1389 2736 1545 2768 Graevius.
1560 2740 1610 2765 est
1625 2745 1703 2766 sane

1000 2779 1171 2810 efficacius.
1210 2780 1254 2810 Et
1269 2780 1344 2819 quia
1357 2778 1457 2810 etiam
1474 2778 1537 2808 Ms.
1553 2778 1615 2808 Gu.
1632 2787 1700 2810 non

1000 2820 1113 2860 habet,
1128 2822 1278 2854 imitatus
1290 2831 1365 2853 sum
1379 2819 1559 2865 Graevium.
