1907 3231
309 115 387 150 432
665 140 667 142 -
837 116 907 155 IN
946 113 1230 155 VERREM

311 215 658 275 timidioremque
680 219 864 262 fecerat?
894 221 966 276 qui
1001 234 1138 275 nuper
1166 233 1246 279 pro
1275 219 1537 272 testimonio,
1559 218 1647 262 n'on
1670 216 1745 260 ad·-

312 287 480 326 venam,
499 277 800 334 nescioquem,
814 292 892 318 nec
911 278 1111 327 alienum,
1133 277 1206 318 sed
1219 292 1316 319 eum
1329 279 1467 319 civem
1483 277 1744 327 Romanum,

313 331 386 385 qui
419 333 619 378 omnibus
652 334 696 375 in
729 335 800 375 illo
835 342 1050 374 conventu
1081 345 1222 386 notus,
1248 336 1321 390 qui
1359 336 1581 391 Syracusis
1618 343 1745 375 natus

227 389 301 430 157
313 397 438 440 esset,
456 405 482 431 a
499 398 542 431 te
564 392 699 432 securi
722 405 969 447 percussum
992 404 1083 430 esse
1111 391 1240 432 dixit.
1302 392 1407 434 Post
1430 393 1540 434 hanc
1573 392 1744 433 illorum

315 446 683 498 vociferationem,
713 458 811 503 post
833 447 944 488 hanc
966 461 1239 490 communem
1261 448 1420 490 famam
1442 462 1571 505 atque
1600 448 1745 505 queri-

308 504 514 555 moniam,
532 520 618 545 non
638 505 786 545 mitior
807 504 850 544 in
881 504 1108 560 supplicio,
1146 506 1217 546 sed
1250 506 1498 563 diligentior
1528 521 1620 548 esse
1648 521 1743 548 coe-

309 560 388 617 pit.
449 562 678 617 Capitibus
708 561 912 602 involutis
942 563 1057 602 cives
1082 561 1303 605 Romanos
1332 564 1383 605 ad
1410 579 1560 606 necem
1582 564 1743 621 produ-

309 632 404 658 cere
427 618 637 659 instituit:
670 633 776 673 quos
800 628 943 659 tamen
966 619 1126 660 idcirco
1146 621 1327 661 necabat
1349 621 1503 677 palam,
1525 622 1641 677 quod
1663 621 1741 662 ho-

307 675 444 715 mines
478 675 521 715 in
555 685 771 716 conventu
794 676 856 729 (id
893 677 1009 731 quod
1037 686 1164 718 antea
1192 677 1401 729 diximus)
1433 679 1614 719 nimium
1644 678 1742 719 dili·

173 748 207 781 p.
223 739 294 770 268.
307 742 458 787 genter
488 732 740 787 praedonum
770 747 996 774 numerum
1027 735 1315 789 requirebant.
1376 735 1586 777 Haeccine
1623 735 1740 792 plebi

262 792 291 811 ³·
307 789 533 840 Romanae,
557 799 598 830 te
621 800 820 846 praetore,
850 800 915 832 est
944 794 1182 833 constituta
1205 792 1427 835 conditio?
1456 790 1552 834 haec
1573 793 1740 849 negotii

302 846 477 902 gerendi
514 850 637 902 spes?
676 848 759 889 hoc
797 849 951 904 capitis
985 848 1172 904 vitaeque
1207 849 1452 891 discrimen.
1524 849 1740 893 Parumne

300 902 437 943 multa
475 906 786 946 mercatoribus
847 915 947 946 sunt
993 907 1234 948 necessario
1285 907 1475 963 pericula
1517 907 1742 948 subeunda

300 959 502 1011 fortunae,
524 961 604 1002 nisi
628 963 757 1003 etiam
782 962 848 1003 hae
872 963 1122 1004 formidines
1153 964 1207 1005 ab
1238 966 1395 1006 nostris
1416 964 1743 1020 magistratibus

300 1027 430 1072 atque
462 1018 506 1059 in
540 1020 696 1059 nostris
730 1020 963 1076 provinciis
998 1021 1337 1077 impendebunt?
1377 1021 1446 1063 Ad
1468 1036 1619 1062 eamne
1650 1035 1740 1062 rem

301 1074 386 1115 fuit
412 1075 506 1116 haec
529 1077 774 1118 suburbana
793 1092 843 1118 ac
874 1077 1010 1118 fidelis
1042 1079 1265 1134 provincia
1285 1079 1448 1131 Sicilia,
1470 1079 1597 1135 plena
1625 1079 1740 1135 opti-

300 1147 468 1173 morum
503 1134 732 1185 sociorum,
774 1134 1261 1191 honestissimorumque
1294 1138 1469 1188 civium,
1492 1151 1589 1192 quae
1622 1137 1742 1178 cives

302 1189 525 1231 Romanos
556 1206 704 1233 omnes
734 1192 818 1233 suis
850 1192 943 1248 ipsa
964 1192 1136 1234 sedibus
1168 1193 1450 1235 libentissime
1479 1208 1648 1250 semper
1667 1208 1738 1235 ac-

301 1247 431 1303 cepit,
454 1256 515 1299 ut,
538 1250 611 1304 qui
635 1264 769 1304 usque
791 1264 844 1290 ex
871 1250 1023 1291 ultima
1046 1250 1171 1306 Syria
1191 1259 1321 1306 atque
1341 1251 1538 1307 AEgypto
1559 1251 1738 1307 naviga·

300 1313 410 1355 rent,
442 1307 516 1361 qui
549 1307 663 1362 apud
697 1308 913 1358 barbam,
946 1317 1122 1364 propter
1143 1318 1259 1364 togae
1295 1323 1464 1359 nomen,
1496 1309 1540 1349 in
1574 1308 1739 1350 honore

301 1361 445 1418 aliquo
468 1362 670 1416 fuissent3
703 1364 775 1420 qni
794 1379 848 1405 ex
870 1366 1121 1420 praedonum
1140 1365 1320 1417 insidiis,
1341 1368 1415 1422 qui
1430 1381 1485 1407 ex
1507 1374 1740 1421 tempesta-

300 1427 392 1460 tum
425 1420 624 1475 periculis
659 1422 966 1478 profugissent,
999 1423 1097 1463 69in
1131 1423 1279 1464 Sicilia
1319 1425 1456 1466 securi
1495 1422 1740 1474 ferirentur,

300 1491 396 1517 cum
421 1478 573 1533 sejam
593 1479 769 1520 domum
786 1480 951 1520 venisse
970 1480 1304 1521 arbitrarentur?

217 1524 283 1576 61
357 1534 472 1575 Nam
505 1537 608 1591 quid
646 1551 727 1592 ego
751 1537 803 1578 de
833 1537 882 1577 P.
921 1537 1078 1588 Gavio,
1113 1537 1285 1578 Cosano
1313 1537 1550 1594 municipe,
1579 1537 1738 1588 dicam,

214 1589 490 1645 issjudices?
521 1604 594 1634 aut
613 1608 698 1648 qua
719 1594 758 1634 vi
784 1594 914 1644 vocis,
936 1609 1021 1649 qua
1052 1595 1263 1649 gravitate
1287 1596 1529 1646 verborum,
1551 1609 1637 1651 quo
1659 1595 1736 1636 do-

296 1649 384 1690 lore
406 1650 537 1690 animi
560 1651 729 1692 dicam?
763 1652 931 1692 tametsi
965 1651 1086 1692 dolor
1120 1667 1188 1692 ine
1212 1667 1295 1693 non
1328 1652 1490 1693 deficit.
1524 1663 1572 1694 ut
1594 1660 1739 1694 cetera

293 1706 401 1747 mihi
424 1707 523 1747 70in
557 1708 738 1750 dicendo
762 1709 893 1764 digua
928 1723 984 1759 re,
1016 1709 1147 1764 digna
1180 1709 1326 1750 dolore
1357 1724 1454 1751 meo
1487 1719 1735 1766 suppetant,

294 1764 432 1819 magis
456 1765 760 1806 elaborandum
786 1777 864 1806 est.
896 1766 1008 1821 quod
1030 1767 1192 1807 crimen
1214 1766 1427 1821 ejusmodi
1449 1776 1529 1818 est,
1550 1776 1614 1818 ut,
1635 1781 1735 1808 cum

293 1822 482 1891 primum
504 1823 558 1863 ad
589 1837 655 1863 me
688 1823 875 1863 delatum
909 1832 987 1873 est,
1012 1837 1184 1864 usurum
1209 1838 1277 1865 me
1308 1823 1380 1864 illo
1415 1839 1500 1865 non
1522 1833 1734 1880 putarem.

302 1878 481 1920 sarnetsi
518 1880 631 1920 enim
669 1881 934 1922 verissimum
972 1894 1062 1922 esse
1091 1881 1407 1937 intelligebam,¹
1425 1891 1568 1922 tamen
1598 1881 1737 1924 credi-

294 1935 378 1976 bile
401 1936 491 1977 fore
508 1952 593 1977 non
618 1938 869 1979 arbitrabar.
924 1937 1113 1978 Coactus
1137 1939 1335 1995 lacrymis
1358 1939 1552 1980 omnium
1572 1939 1736 1980 civium

296 1992 607 2046 Romanorum,
623 1995 694 2051 qui
715 1996 756 2035 in
780 1995 924 2036 Sicilia
951 1996 1241 2051 negotiantur,
1259 1995 1469 2037 adductus
1483 1995 1736 2037 Valentino-

292 2066 401 2101 rum,
421 2051 646 2094 hominum
670 2052 1084 2103 honestissimorum,
1109 2054 1390 2109 omniumque
1417 2053 1734 2109 Rheginorum,

291 2109 612 2165 multorumque
633 2110 827 2165 equitum
854 2110 1164 2161 Romanorum,
1183 2111 1255 2167 qui
1278 2126 1377 2152 casu
1403 2120 1494 2152 tum
1518 2110 1736 2151 Messanae

296 2165 483 2217 fuerunt,
499 2167 780 2218 testimoniis;
803 2168 900 2209 dedi
917 2177 1081 2208 tainum
1106 2168 1245 2224 priore
1267 2169 1438 2210 actione
1461 2167 1651 2219 testium,
1670 2182 1738 2209 res

211 2224 282 2259 159
299 2224 661 2266 utneminidubia
674 2239 764 2266 esse
782 2235 940 2282 posset.
982 2225 1096 2271 Quid
1115 2241 1228 2266 nunc
1246 2229 1400 2282 agam?
1439 2225 1551 2266 Cum
1561 2225 1653 2280 jam
1670 2233 1736 2265 tot

295 2281 421 2322 horas
443 2282 497 2323 de
519 2297 605 2323 uno
629 2297 801 2338 genere,
822 2298 871 2324 uc
894 2283 946 2323 de
969 2282 1090 2323 istius
1110 2283 1274 2324 nefaria
1295 2283 1548 2324 crudelitate
1569 2283 1708 2324 dicam
1723 2297 1737 2323 :

294 2353 392 2381 cur-n
414 2354 549 2396 prope
571 2355 744 2381 omnem
771 2340 859 2380 rim
885 2341 1114 2381 verborum
1147 2340 1377 2396 ejusmodi,
1398 2344 1435 2374 71
1452 2354 1548 2394 quae
1578 2338 1735 2380 scelere

294 2396 416 2436 istius
438 2397 572 2453 digna
591 2397 692 2448 sint,
707 2397 799 2439 aliis
820 2398 863 2438 in
886 2398 1012 2438 rebus
1028 2398 1353 2448 consumserim,
1371 2411 1509 2451 neque
1531 2395 1613 2437 hoc
1636 2411 1736 2451 pro-

295 2453 488 2505 viderim,
513 2467 560 2495 ut
574 2455 780 2496 varietate
804 2455 1033 2496 criminum
1052 2471 1126 2496 vos
1142 2465 1330 2496 attentos
1349 2465 1535 2495 tenerem
1557 2470 1566 2494 ε
1584 2467 1733 2508 quem-

246 2523 274 2553 b.
290 2510 526 2552 admodum
547 2512 600 2554 de
623 2521 744 2554 tanta
776 2526 820 2554 re
850 2512 1018 2554 dicam?
1072 2511 1256 2570 Opinor,
1279 2526 1388 2553 unus
1411 2511 1565 2551 modus
1603 2521 1732 2566 atque

327 2646 368 2679 69
383 2646 417 2676 in
434 2645 564 2687 Sicz'ha]
591 2647 780 2678 Sufficiebat
796 2648 828 2678 in
844 2657 894 2684 ea,
911 2647 988 2686 quia
1031 2658 1140 2679 errore
1165 2656 1337 2688 operarum
1360 2646 1490 2685 irrepsit
1512 2646 1546 2675 in
1563 2645 1735 2676 Grutcria-

284 2687 318 2718 in
333 2689 493 2729 principio
508 2695 557 2720 est
566 2690 740 2729 prowm-ia
765 2690 901 2721 Sicilia:
924 2689 985 2719 sed
1031 2699 1120 2728 nam,
1145 2695 1179 2721 et
1204 2701 1221 2720 a
1239 2689 1406 2720 Gronovio
1428 2695 1462 2718 et
1477 2688 1607 2718 Graevio
1625 2697 1734 2718 serva·

282 2730 412 2761 videtur
426 2732 591 2772 repetiisse
613 2741 748 2769 nomen,
763 2733 841 2772 quia
855 2732 987 2772 lougius
1029 2737 1100 2763 tum
1115 2739 1175 2763 est.

281 2773 406 2804 aberat.
942 2800 945 2803 ,
1071 2778 1107 2808 71
1133 2783 1204 2814 quoe
1232 2783 1274 2804 sc.
1303 2774 1397 2804 istius
1419 2773 1525 2810 digna
1551 2769 1642 2811 sunl]
1681 2772 1735 2802 An

321 2818 363 2847 70
394 2816 432 2845 in
454 2816 586 2846 dicendo
611 2817 715 2854 digna
739 2815 790 2855 re]
828 2815 881 2846 Sic
907 2806 979 2846 edd.
1024 2818 1128 2857 digna
1140 2817 1229 2849 sinc!
1265 2816 1318 2849 Sic
1329 2826 1406 2848 vero
1421 2815 1564 2847 mmm.
1600 2815 1734 2856 Recepi.

277 2862 358 2888 vett.
389 2858 434 2889 sic
457 2859 521 2891 ΜΞ.
547 2859 609 2890 Gu.
632 2867 701 2891 non
717 2859 867 2900 dicenda,
891 2857 979 2898 quod
