1907 3231
291 116 368 153 '368
818 115 884 153 IN
913 116 1187 154 VERREM

225 270 228 274 .
290 218 553 268 sum,valvas
573 218 978 276 magnificentiores,
996 235 1050 260 ex
1069 235 1171 260 auro
1189 228 1319 275 atque
1340 221 1468 262 ebore
1490 219 1723 277 perfectio-³

287 289 354 316 res
380 275 515 317 nullas
556 291 757 333 umquam
792 277 876 318 ullo
912 276 1071 331 templo
1102 275 1246 317 fuisse.
1307 277 1564 320 Incredibile
1599 279 1718 320 dictu

287 340 366 383 est,
393 348 521 387 quam
553 334 677 375 multi
708 335 851 376 Gt-aeci
885 334 936 373 (lc
969 333 1063 374 valv
1067 347 1187 373 arum
1219 333 1369 376 harum
1401 335 1720 391 pulchritudine

288 389 494 446 scriptum
524 391 785 447 reliquerint.
806 391 985 430 nimium
1008 389 1187 430 forsitan
1214 390 1305 432 haec
1329 393 1385 433 illi
1411 392 1631 442 mirentur,
1653 402 1719 433 at-

287 461 369 501 que
401 447 594 489 eflerant
633 459 748 498 esto;
782 456 1074 487 verumtamen
1109 446 1330 489 honestius
1365 459 1430 490 est
1468 449 1717 505 reipublicae

285 513 443 545 nostrae
449 504 657 559 ,judices,
680 519 742 554 ea,
765 519 861 558 quae
894 503 975 543 11115
1007 503 1184 559 pulchra
1209 519 1299 546 6556
1323 506 1559 556 videantur,
1582 506 1721 562 impe-

285 570 468 602 ratorem
492 571 682 602 nostrum
708 562 748 601 in
775 560 883 600 bello
905 559 1279 616 leliquisse,quam
1303 572 1528 617 [1161016111
1546 563 1589 604 in
1606 577 1718 620 pace

285 619 522 659 abstulisse.
585 618 650 658 Ex
682 619 810 658 ebore
841 616 1169 672 diligentissime
1201 618 1389 673 pellecta
1408 620 1717 677 46-11gumenta

283 686 404 715 ciunt
435 676 477 715 in
502 674 646 715 valvis.
669 690 719 715 6-1
739 673 1001 715 detrahenda
1021 675 1188 715 curavit
1209 676 1366 716 omnia.
1427 675 1646 733 Gorgonis
1668 693 1716 718 05

282 733 353 787 pul
344 732 631 783 1611611111111111,
663 732 867 772 crinitum
899 732 1128 787 anguibus,
1160 732 1324 773 revellit
1351 741 1479 788 atque
1510 734 1715 776 abstulit:

281 799 484 829 ettamen
508 789 728 840 indicavit,
752 803 794 828 se
824 803 910 829 non
943 789 1078 829 50111111
1102 789 1299 840 artificio,
1322 790 1393 830 sed
1414 789 1544 830 etiam
1576 791 1716 846 pretio

281 856 534 901 quaestuque
564 846 677 888 duci.
711 860 810 886 nam
844 845 978 886 bullis
1008 861 1154 887 aureas
1193 862 1340 887 01111165
1373 862 1427 887 ex
1467 847 1534 887 his
1567 847 1713 899 valvis,

281 917 377 957 quae
400 913 521 944 erant
541 914 583 944 et
605 904 768 954 multae,
790 912 833 944 et
854 918 1019 959 graves,
1042 919 1127 944 non
1150 904 1365 945 dubitavit
1387 903 1577 945 auferre:
1610 919 1715 967 qua-

238 969 268 999 b.
282 975 377 1000 rum
400 961 478 1001 iste
498 976 585 1001 non
607 975 735 1017 opere
757 960 1062 1011 delectabatur,
1084 961 1156 1002 sed
1178 962 1380 1016 pondere.
1430 960 1580 1016 Itaque
1601 975 1715 1016 ejus,-

282 1017 398 1058 modi
432 1017 573 1059 valvas
604 1018 789 1073 reliquit,
812 1026 874 1069 ut,
895 1032 992 1071 quae
1021 1017 1124 1058 olim
1154 1019 1205 1058 ad
1236 1019 1474 1059 ornandum
1507 1019 1714 1074 templum

282 1084 403 1115 erant
431 1075 635 1127 maxime,
656 1089 770 1115 nunc
802 1083 968 1115 tantum
999 1075 1051 1115 ad
1078 1074 1358 1116 claudendum
1382 1076 1509 1117 't'actae
1537 1090 1629 1116 esse
1649 1076 1715 1116 vi-

197 1130 268 1164 1‘25
281 1132 475 1173 deantur.
536 1131 735 1173 Etiamne
765 1131 1004 1187 gramineas
1035 1130 1206 1174 hastas?
1242 1133 1329 1173 vidi
1360 1133 1473 1173 enirn
1507 1148 1582 1173 vos
1613 1135 1652 1167 47
1669 1133 1714 1174 in

278 1188 362 1229 hoc
393 1190 581 1241 nomine,
612 1204 710 1231 cum
745 1198 872 1229 testes
902 1189 1106 1239 dicerent,
1137 1190 1415 1240 commoveri,
1446 1190 1560 1244 quod
1591 1198 1713 1230 erant

275 1245 540 1300 hujusmodi,
573 1256 620 1287 ut
658 1246 787 1288 semel
820 1246 976 1287 vidisse
1009 1246 1109 1286 satis
1145 1257 1279 1287 esset:
1313 1247 1355 1287 in
1385 1246 1540 1302 quibus
1573 1261 1713 1301 neque

273 1317 404 1344 manu
436 1304 599 1345 factum
630 1304 879 1359 quidquam,
910 1318 1048 1358 neque
1084 1303 1358 1359 pulchritudo
1389 1313 1479 1344 erat
1507 1303 1606 1355 ulla,
1638 1304 1712 1345 sed

275 1370 443 1402 tantum
464 1361 719 1417 magnitudo
737 1361 1012 1412 incredibilis,
1028 1361 1079 1401 de
1100 1376 1184 1415 qua
1203 1361 1268 1401 vel
1286 1361 1432 1402 audire
1454 1361 1555 1401 satis
1577 1370 1709 1403 esset:

233 1418 473 1473 111111111111,
505 1420 648 1459 videre
678 1418 786 1474 plus,
817 1433 946 1472 quam
977 1417 1119 1458 semel.
1150 1418 1335 1459 etiamne
1366 1418 1408 1459 id
1439 1417 1711 1473 concupisti?

194 1461 261 1515 51
280 1475 393 1515 Nam
416 1476 607 1532 Sappho,
629 1490 725 1531 quae
747 1475 914 1516 sublata
934 1475 986 1515 de
1009 1484 1215 1530 prytaneo
1237 1486 1315 1526 est,
1338 1476 1411 1516 dat
1441 1475 1518 1515 tibi
1543 1475 1715 1530 justam

275 1534 614 1607 excusationem,
642 1547 775 1588 prope
805 1541 852 1572 ut
883 1532 1204 1573 concedendum
1238 1542 1366 1587 atque
1398 1532 1710 1588 ignoscendum

190 1596 263 1629 1526
276 1604 366 1630 esse
388 1591 595 1631 videatui.
638 1589 868 1630 Silanionis
890 1604 997 1645 opus
1022 1599 1105 1629 tam
1131 1590 1384 1644 perfectum,
1409 1599 1496 1629 tam
1519 1589 1707 1644 elegans,

274 1657 361 1688 tam
385 1647 665 1697 elaboratum,
697 1647 922 1701 quisquam
953 1661 1040 1687 non
1071 1647 1199 1687 modo
1231 1647 1435 1702 privatuS,
1467 1645 1538 1686 sed
1570 1660 1708 1701 popu-

271 1703 335 1744 1115
360 1705 502 1759 potius
525 1705 716 1753 haberet,
738 1718 866 1758 quam
891 1703 1020 1744 homo
1042 1703 1384 1758 elegantissimus
1412 1712 1540 1758 atquc
1563 1702 1705 1743 e1udi-

272 1761 461 1801 tissimus
486 1762 519 1801 V
525 1764 664 1802 erres?
695 1761 897 1801 nimirum
919 1770 1069 1801 contra
1090 1761 1174 1801 dici
1202 1761 1309 1801 nihil
1332 1769 1488 1816 potest.
1510 1759 1706 1800 nostrum

270 1818 384 1858 enim
415 1819 721 1873 uuusquisque,
747 1818 820 1872 qui
855 1827 941 1858 tam
975 1819 1034 1858 be·
1027 1817 1100 1868 ati,
1131 1833 1260 1873 quam
1290 1819 1370 1859 iste
1401 1826 1479 1868 est,
1517 1831 1605 1857 non
1637 1831 1707 1856 su-

269 1889 379 1924 mus,
403 1886 488 1917 tam
510 1879 550 1906 48
563 1875 734 1916 delicati
767 1889 857 1915 esse
887 1889 973 1915 non
1006 1889 1254 1931 possumus:
1288 1876 1320 1915 si
1351 1874 1522 1930 quando
1544 1873 1707 1929 aliquid

268 1932 510 1973 istiusmodi
533 1933 676 1973 xidere
699 1932 826 1982 volet,
848 1941 918 1972 eat
946 1932 998 1973 ad
1031 1932 1167 1972 aedem
1200 1932 1450 1982 Felicitatis,
1472 1931 1524 1972 ad
1551 1945 1705 1971 monu-

268 2000 461 2030 mentum
493 1989 651 2040 Catuli,
683 1989 726 2030 in
758 1989 1016 2054 porticum¹
1006 1988 1198 2030 Metelli:
1231 1991 1303 2030 det
1334 2003 1522 2046 operam,
1553 1997 1601 2028 ut
1630 1988 1706 2029 ad-

266 2047 465 2087 mittatur
499 2048 544 2088 in
585 2046 765 2110 alicujus
802 2047 982 2087 istorum
1019 2045 1335 2089 Tusculanum.
1366 2053 1532 2102 spectet
1562 2044 1705 2085 forum

266 2115 480 2155 ornatum,
499 2104 531 2144 si
554 2104 656 2159 quid
680 2105 760 2144 iste
781 2118 954 2144 suorum
977 2103 1174 2144 aedilibus
1196 2103 1563 2145 accommodavit:
1597 2101 1705 2142 Ver-

266 2174 331 2200 res
364 2161 457 2202 haec
490 2160 646 2201 habeat
677 2161 822 2202 domi?
855 2160 1005 2201 Verres
1044 2161 1306 2202 ornamentis
1341 2160 1538 2201 fanorum
1573 2167 1704 2214 atque

266 2218 523 2273 oppidorum
550 2218 705 2258 habeat
727 2218 896 2274 plenam
918 2217 1110 2269 domuin,
1128 2217 1246 2259 villas
1268 2217 1470 2259 refertas?
1502 2215 1704 2257 Etiamne

265 2273 392 2329 hujus
425 2276 606 2330 operarii
641 2276 782 2316 studia
822 2289 872 2315 ac
904 2273 1092 2338 delicias,
1123 2275 1310 2330 judices,
1345 2273 1598 2331 perferetis?
1627 2273 1702 2328 qui

264 2333 325 2372 ita
356 2342 480 2372 natus
502 2343 580 2383 cst,
602 2333 663 2372 ita
684 2333 903 2381 educatus,
935 2332 994 2372 ita
1025 2331 1163 2373 factus
1195 2343 1238 2373 et
1269 2333 1412 2373 animo
1434 2340 1476 2371 et
1506 2344 1701 2385 corpore,

265 2399 313 2428 ut
339 2389 475 2430 inulto
498 2390 736 2445 appositior
757 2389 808 2429 ad
830 2388 1073 2439 deferenda,
1095 2404 1220 2444 quam
1252 2390 1306 2431 ad
1328 2387 1558 2430 auferenda
1579 2401 1703 2442 signa

182 2446 255 2486 1‘27
266 2460 355 2486 esse
379 2447 586 2488 videatur.
634 2446 778 2501 Atque
799 2445 894 2487 haec
918 2445 1094 2501 Sappho
1117 2446 1284 2487 sublata
1305 2455 1512 2508 quantum
1535 2443 1700 2484 deside-

265 2503 373 2543 rium
409 2503 472 2543 sui
508 2503 740 2559 reliquerit,
773 2503 858 2544 dici
892 2517 966 2542 vix
1001 2512 1158 2558 potest.
1220 2505 1333 2544 Nam
1361 2517 1460 2543 cum
1493 2515 1599 2564 ipsa
1618 2500 1701 2540 fuit

261 2560 434 2615 egregie
464 2559 593 2612 facta„
617 2570 708 2601 tum
739 2560 1006 2616 epiglamma
1030 2559 1234 2602 Graecum
1267 2559 1486 2617 pernobile
1516 2558 1703 2599 incisum

299 2689 341 2719 46
363 2698 450 2726 argi
455 2694 562 2719 menta
586 2691 620 2720 in
638 2691 957 2720 ἰιιΙι-ἰε-ιίρίναῆοη-
1003 2690 1036 2719 in
1060 2691 1116 2719 hoc
1134 2700 1195 2720 non
1217 2690 1358 2719 minime.
1403 2688 1454 2717 Sic
1476 2687 1591 2719 habet
1598 2687 1700 2718 etiam

258 2730 456 2769 damam-ir]
476 2731 587 2761 postes
601 2732 802 2772 templorum
819 2732 958 2763 nudatos
1002 2732 1064 2761 Gu.

258 2775 360 2804 etiam
377 2779 539 2803 memorat
555 2774 678 2810 fixius,
696 2776 749 2810 38,
764 2777 817 2805 43.
1043 2777 1082 2804 43
1123 2773 1252 2803 delicati
1288 2771 1366 2803 esse‘l
1402 2771 1538 2803 Talibus
1577 2771 1698 2802 deliciis

319 2819 335 2849 7
361 2815 397 2844 in
422 2815 478 2844 hoc
502 2816 644 2855 nomine]
674 2817 726 2846 Sic
755 2817 837 2847 bene
867 2816 956 2844 C-rae-
1001 2815 1185 2845 abundare:
1225 2825 1300 2844 mox
1336 2814 1477 2845 heminis
1504 2815 1616 2845 studia
1647 2819 1702 2844 a!

259 2857 329 2887 'vius
363 2855 464 2888 edidit
500 2868 518 2890 e
547 2858 611 2888 Ms.
640 2867 706 2898 reg.
734 2868 792 2902 pro
822 2859 956 2897 vulgatu
1003 2868 1063 2901 quc
1078 2858 1197 2888 delta-ize
1212 2864 1525 2888 commemorantur.
1574 2883 1576 2885 .
