1907 3231
512 125 634 163 ACT.
663 125 714 162 11.
758 125 948 162 LIBER
973 125 1271 166 QUARTUS.
1524 132 1601 167 323

160 242 246 283 que
269 228 439 284 privati,
461 242 600 283 neque
629 229 807 285 publici,
830 244 969 285 neque
992 230 1179 286 profani,
1200 244 1339 285 neque
1363 232 1486 283 sacri,
1510 242 1603 274 tota

162 285 206 325 in
229 285 377 327 Sicilia
397 285 631 341 reliquisse.

220 343 346 384 Unde
368 343 500 399 igitur
522 344 665 399 potius
696 344 916 401 incipiam,
948 360 1074 400 quam
1110 346 1164 386 ab
1197 359 1248 385 ea
1280 344 1470 395 civitate,
1503 355 1636 400 quaess

158 399 242 440 tibi
265 414 350 440 una
371 401 414 441 in
437 415 581 441 amore
602 411 732 455 atque
753 402 798 442 in
831 402 996 443 deliciis
1029 402 1136 444 fuit?
1167 412 1243 442 aut
1263 417 1317 442 ex
1341 417 1426 457 quo
1457 404 1645 457 potiusb·

159 470 353 507 numerO,
375 472 504 512 quam
524 473 577 498 ex
602 459 704 514 ipsis
723 459 1016 500 laudatoribus
1040 460 1147 501 tuis?
1179 459 1347 500 facilius
1369 460 1480 500 enim
1507 474 1602 515 per-

162 513 382 569 spicietur,
414 515 550 570 qualis
579 517 693 572 apud
727 531 800 557 eos
830 517 975 567 fueris,
999 518 1071 573 qui
1096 527 1138 558 te
1160 518 1357 567 oderunt,
1380 517 1453 571 qui
1476 531 1603 557 accu-

160 580 270 621 sant,
301 571 374 626 qui
406 583 733 628 persequuntur,
758 589 855 615 cum
889 575 1002 630 apud
1036 585 1130 615 tuos
1164 573 1452 615 Mamertinos
1485 574 1603 615 inve-

139 627 278 669 -niare
314 629 636 685 improbissima
667 632 834 672 ratione
866 647 956 672 esse
992 633 1222 688 praedatus.
1285 631 1337 672 C.
1363 631 1506 687 Hejus
1539 635 1648 680 est2

159 682 449 728 RIamertinus
470 693 639 740 (omnes
669 688 752 729 1100
781 689 889 729 1111111
913 688 1038 730 facile
1058 689 1313 739 concedent,
1335 690 1409 744 qui
1435 689 1604 730 Messa-

156 756 256 783 nam
274 747 563 795 accesserunt)
578 746 778 786 omnibus
798 747 923 786 rebus
944 747 986 786 in
1005 746 1076 786 illa
1093 747 1270 787 civitate
1288 747 1603 788 ornatissimus.

158 798 304 855 Hujus
338 802 490 843 domus
523 813 588 843 est
624 803 690 843 vel
720 804 882 858 optima
914 802 1146 854 Messanae,
1178 804 1403 844 notissima
1427 804 1603 858 quidem

140 868 285 908 certe,
309 867 351 899 et
371 860 526 901 nostris
546 860 794 900 hominibus
811 861 1094 915 apertissima,
1114 861 1389 916 maximeque
1410 861 1602 916 hospita-

154 913 222 955 li-S.
276 915 338 956 Ea
359 917 512 958 domus
535 927 634 958 ante
656 917 887 958 adventum
912 917 1034 958 istius
1060 918 1120 958 sio
1142 927 1294 958 ornata
1311 918 1410 968 fuit,
1434 927 1481 958 ut
1506 920 1600 961 urbi

153 986 329 1027 quoque
362 984 472 1015 esset
510 984 778 1015 ornamento.
815 990 914 1015 nam
948 975 1041 1031 ipsa
1073 974 1290 1026 Messana,
1338 979 1462 1030 lquae
1499 976 1599 1031 situ,

153 1032 390 1081 moenibus,
422 1041 635 1087 portuque
654 1041 804 1072 ornata
826 1033 894 1082 sit,
917 1033 972 1073 ab
995 1032 1061 1073 his
1084 1033 1224 1083 rebus,
1247 1033 1404 1087 quibus
1428 1033 1507 1073 iste
1526 1033 1600 1074 de-

154 1085 350 1138 lectatur,
374 1103 474 1129 sane
496 1105 631 1130 vacua
653 1100 782 1145 atque
803 1091 918 1131 nuda
939 1100 1018 1131 est.
1081 1089 1185 1130 Erat
1206 1091 1319 1146 apud
1345 1090 1508 1144 Hejum
1533 1106 1634 1142 ssi-4

154 1145 340 1185 crarium
362 1160 521 1203 magna
542 1162 640 1188 cum
662 1147 876 1203 dignitate
910 1148 954 1187 in
988 1147 1168 1197 aedibus,
1202 1163 1226 1188 a
1254 1147 1490 1202 majoribus
1514 1157 1599 1188 tra-

151 1201 308 1252 ditum,
348 1205 675 1260 perantiquum:
708 1207 751 1246 in
793 1220 878 1260 quo
922 1205 1045 1260 signa
1077 1204 1365 1260 pulcherrima
1401 1214 1600 1260 quatuor,

153 1272 324 1300 summo
347 1261 546 1313 artificio,
580 1276 747 1302 summa
770 1262 1019 1303 nobilitate:
1053 1277 1149 1317 quae
1185 1277 1271 1303 non
1304 1262 1434 1303 modo
1469 1264 1600 1304 istum

152 1315 390 1369 hominem,
423 1319 696 1375 ingeniosum
737 1328 867 1374 atque
910 1319 1238 1375 intelligentem,
1279 1334 1428 1360 verum
1466 1321 1600 1362 etiam

149 1376 348 1428 quemvis
371 1376 581 1427 nostrum,
614 1391 721 1431 quos
745 1377 826 1417 iste
849 1376 1005 1417 idiotas
1028 1376 1229 1432 appellat,
1264 1376 1476 1418 delectare
1499 1393 1600 1434 pos-

152 1441 274 1474 sent:
306 1447 439 1474 unum
482 1433 726 1489 Cupidinis,
767 1448 1070 1484 marmoreum,
1110 1434 1362 1476 Praxitelis:
1395 1436 1600 1477 nimirum

151 1488 285 1530 didici
327 1491 471 1542 etiam,
511 1492 614 1532 dum
658 1492 702 1532 in
744 1491 874 1532 istum
916 1491 1103 1546 inquiro,
1139 1491 1354 1532 artificum
1396 1493 1598 1535 nomina:

150 1545 281 1597 idem,
303 1549 471 1603 opinor,
504 1548 661 1590 artifex
685 1549 999 1604 ejusdemmodi
1025 1548 1288 1605 Cupidinem
1323 1549 1429 1590 fecit
1464 1549 1599 1602 illum,

149 1605 225 1658 qui
247 1613 312 1646 est
333 1605 547 1662 Thespiis,
578 1616 755 1663 propter
777 1621 904 1662 quem
931 1606 1133 1662 Thespiae
1161 1608 1369 1647 visuntur.
1394 1622 1493 1648 nam
1515 1608 1600 1649 alia

149 1661 316 1703 visendi
360 1679 489 1705 causa
525 1665 641 1705 nulla
678 1674 757 1705 est.
819 1664 973 1719 Itaque
1012 1664 1081 1705 ille
1120 1664 1168 1704 L.
1200 1664 1459 1716 Mummius,
1497 1679 1598 1707 cum

149 1720 170 1750 2
193 1718 471 1777 ThespiadaS,
493 1737 590 1777 quae
614 1722 666 1763 ad
689 1723 827 1763 aedem
853 1721 1088 1763 Felicitatis
1112 1730 1225 1772 sunt,
1248 1734 1475 1778 ceteraque
1497 1737 1597 1778 pro-

149 1774 251 1817 fana
267 1791 321 1818 ex
344 1778 416 1819 illo
440 1780 601 1835 oppido
619 1780 743 1836 signa
762 1780 943 1831 tolleret,
966 1779 1081 1820 hunc
1101 1794 1388 1821 marmoreum
1413 1779 1596 1836 Cupidi-

147 1847 263 1885 nem,
295 1836 411 1890 quod
433 1847 524 1877 erat
550 1847 840 1888 consecratus,
863 1852 950 1878 non
973 1837 1137 1893 attigit.
1199 1837 1375 1888 Verum,
1399 1847 1447 1878 ut
1470 1838 1521 1878 ad
1544 1838 1640 1893 il-3

147 1890 220 1933 lud
245 1893 476 1934 sacrarium
499 1895 684 1946 redeam,
707 1896 877 1952 signum
902 1904 993 1943 erat
1014 1894 1113 1945 1100,
1136 1895 1252 1950 quod
1275 1895 1387 1945 dico,
1412 1895 1630 1951 Cupidi-5

146 1949 215 1989 nis
239 1963 262 1990 e
290 1965 526 1994 marmore:
560 1967 613 1993 ex
647 1953 779 1994 altera
812 1962 932 2009 parte
967 1952 1192 2003 Hercules,
1224 1953 1398 2009 egregie
1420 1952 1593 1994 issfaetus

145 2020 203 2047 ex
243 2022 341 2049 aere.
379 2009 412 2049 is
448 2009 672 2051 dicebatur
706 2025 797 2051 esse
834 2010 1051 2065 Myronis,
1083 2020 1131 2050 ut
1166 2011 1346 2065 opinor:
1384 2019 1427 2050 et
1462 2019 1593 2053 certe.

146 2066 167 2102 4
192 2063 303 2105 Item
325 2076 424 2107 ante
448 2067 576 2108 hosce
598 2067 699 2108 deos
721 2077 843 2108 erant
865 2068 1011 2119 arulae,
1044 2083 1140 2123 quae
1163 2068 1300 2108 cuivis
1324 2068 1495 2108 sacrarii
1527 2082 1592 2108 re-

145 2121 352 2178 ligionem
373 2125 617 2180 significare
634 2134 823 2181 possent.
842 2135 964 2166 erant
989 2140 1108 2166 aenea
1127 2125 1432 2181 praetereaduo
1451 2125 1588 2181 signa,
1599 2153 1633 2184 p.
1649 2145 1723 2178 201.

145 2193 234 2220 non
256 2182 462 2233 maxima,
497 2197 644 2223 verum
665 2183 827 2223 eximia
847 2192 1087 2233 venustate,
1124 2182 1321 2239 virginali
1352 2182 1503 2223 habitu
1526 2192 1590 2224 at-
1601 2202 1632 2222 a.

145 2251 229 2291 que
269 2240 441 2290 vestitu,
474 2255 571 2295 quae
606 2241 805 2281 manibus
847 2240 1025 2281 sublatis
1070 2255 1189 2281 sacra
1226 2240 1440 2295 quaedam,
1473 2255 1591 2282 more

145 2294 478 2338 Atheniensium
504 2298 735 2354 virginum,
766 2297 955 2353 reposita
987 2298 1031 2337 in
1066 2298 1282 2353 capitibus
1306 2298 1591 2340 sustinebant.

146 2351 427 2410 Canephoroe
455 2355 561 2411 ipsae
587 2356 868 2396 vocabantur.
891 2355 964 2396 sed
995 2369 1142 2396 earum
1176 2355 1402 2406 artificem,
1435 2358 1592 2411 quem?

150 2552 153 2555 ,
190 2530 202 2557 l
228 2538 298 2568 quae
308 2530 374 2559 situ
390 2540 433 2560 m.
443 2539 478 2571 p.
495 2535 615 2561 ornata
630 2530 685 2570 sit]
705 2531 778 2561 Hoc
793 2541 842 2562 re·
886 2540 949 2560 sec.
986 2530 1086 2570 Vulg.
1104 2530 1251 2570 Thespiis
1263 2540 1312 2561 ea.

142 2576 235 2600 ctum
251 2581 319 2601 esse
341 2582 409 2602 non
424 2577 544 2612 potest.
567 2583 685 2614 nempe
701 2583 772 2613 quoe
793 2579 843 2604 est
930 2575 948 2603 3
961 2571 1083 2613 factus
1096 2583 1136 2602 em
1149 2573 1224 2612 cere]
1241 2573 1358 2604 Delevi
1373 2584 1448 2604 cum
1461 2575 1592 2605 Graevio

143 2613 312 2650 vitiosum,
348 2613 588 2655 legendumque
634 2626 748 2656 quum,
786 2621 845 2646 aut
888 2619 949 2648 est;
974 2615 1060 2654 quod
1085 2625 1153 2645 non
1176 2621 1226 2646 est
1249 2615 1283 2645 in
1306 2615 1378 2646 edd·
1398 2627 1446 2657 pr·
1471 2627 1531 2648 nec
1554 2619 1591 2649 in

142 2656 303 2694 quamvis.
889 2657 952 2687 Ms.
972 2659 1035 2688 Gu.
1051 2668 1111 2688 nec
1131 2668 1189 2698 per
1202 2658 1405 2689 latinitatem
1425 2664 1513 2691 stare
1533 2671 1593 2702 po·

185 2699 205 2727 2
229 2697 443 2738 Thespiadas]
463 2700 515 2729 Sic
532 2707 620 2731 recte
634 2700 736 2731 edidit
751 2701 844 2731 Grae-
888 2704 967 2730 test.

142 2739 213 2769 vius
239 2750 256 2770 e
281 2742 426 2781 vestigiis
452 2742 523 2772 edd.
544 2753 593 2783 pr.
620 2753 695 2782 quae
721 2744 845 2774 habent
930 2745 951 2772 4
973 2742 1059 2772 Item
1074 2742 1165 2781 ante]
1185 2743 1270 2774 Item
1283 2748 1409 2775 temere
1423 2744 1590 2777 exciditin

144 2780 338 2821 Tltespiade,
352 2790 386 2814 et
400 2784 464 2815 Ms.
479 2784 561 2825 Reg.
584 2786 620 2815 M
624 2795 648 2815 s.
664 2786 728 2816 Gu.
745 2786 845 2816 habet
889 2784 939 2815 ed.
955 2785 1052 2815 Grut.
1069 2784 1155 2824 quod
1171 2784 1294 2817 habent
1310 2786 1384 2819 edd.
1399 2792 1535 2818 veteres·

139 2823 237 2865 plane
255 2824 467 2866 Thespiadas,
484 2828 540 2858 sed
563 2829 706 2869 primum
722 2838 744 2858 a
765 2839 785 2859 a
799 2839 843 2859 m.

829 2885 859 2911 Y
884 2877 911 2912 2
