1907 3231
294 118 371 165 434
824 116 895 163 ΪΝ
928 118 1207 162 VERREM

299 229 473 286 saepius,
502 236 809 286 usurparetque
830 243 987 270 nomen
1009 226 1220 278 civitatis;
1252 240 1374 278 crux,
1403 239 1526 278 crux,
1545 221 1740 282 inquam,

301 288 464 329 infelici
492 297 536 328 et
557 301 815 337 aerumnoso,
836 288 877 319 74
889 285 962 340 qui
984 298 1219 338 numquam
1242 284 1366 325 istam
1396 292 1654 340 potestatem
1675 284 1740 325 vi·

219 343 290 398 63
304 346 440 396 derat,
468 346 811 401 comparabatur.
874 342 914 383 Ο
932 355 1090 381 nomen
1111 341 1485 383 dulce-libertatis!
1519 356 1545 382 ο
1560 341 1634 396 jus
1646 340 1741 383 exi'-

217 420 291 455 163
305 403 440 444 mium
458 412 615 444 nostrae
644 400 852 442 civitatis!
885 413 910 438 o
932 398 1002 438 lex
1028 397 1196 450 Porcia,
1217 398 1418 455 legesque
1451 395 1739 454 Semproniffi!

305 475 331 502 o
354 461 544 517 graviter
571 458 824 507 desiderata,
854 464 898 496 et
919 455 1148 510 aliquando
1181 456 1348 496 reddita
1379 456 1494 513 plebi
1528 451 1741 501 Romame

305 517 539 559 tribunicia
567 514 779 572 potestas!
827 512 1027 554 Huccine
1048 513 1222 554 tandem
1248 513 1394 554 omnia
1411 513 1677 563 reciderunt,
1692 505 1744 553 dt

304 575 412 617 civis
456 574 678 614 Romanus
720 572 764 611 in
807 569 1030 626 provincia
1069 570 1219 626 populi
1263 569 1466 622 Romani,
1504 571 1549 611 in
1579 569 1743 626 oppido

306 633 633 680 foederatorum,
665 629 719 668 ab
750 642 816 678 eo,
848 627 922 682 qui
954 628 1166 668 beneficio
1199 626 1348 683 populi
1386 626 1573 669 Romani
1607 627 1744 668 fasces

306 699 351 731 et
389 701 555 729 secures
597 686 790 735 haberet,
831 685 1044 741 deligatus
1083 685 1127 725 in
1169 684 1264 725 foro
1304 685 1435 740 virgis
1479 684 1745 726 caederetur?

310 746 443 796 Quid,
473 758 573 785 cum
606 744 727 800 ignes
748 743 1030 797 ardentesque
1064 742 1250 792 laminae,
1284 741 1499 797 ceterique
1530 743 1747 784 cruciatus

310 803 678 844 admovebantur?
739 801 784 841 Si
808 811 850 840 te
871 800 983 841 illius
1002 800 1156 841 acerba
1178 799 1422 855 imploratio
1443 808 1488 840 et
1510 814 1597 841 vox
1620 799 1749 841 mise-

310 859 457 901 rabilis
491 862 631 899 75n0n
662 857 902 909 inhibebat,
939 872 992 898 ne
1023 857 1184 898 civium
1219 857 1392 912 quidem
1436 856 1750 908 Romanorum,

313 919 387 972 qui
418 926 510 957 tum
545 917 735 964 aderant,
757 915 862 955 fletu
894 924 938 955 et
971 915 1135 971 gemitu
1168 914 1361 955 maximo
1394 913 1752 956 commovebare?

316 975 370 1016 In
392 987 563 1016 crucem
586 983 632 1014 tu
654 986 780 1028 agere
801 986 927 1012 ausus
941 986 984 1012 es
998 986 1271 1027 quemquam,
1285 972 1416 1026 quise
1428 973 1565 1013 civem
1589 971 1752 1013 Roma-

314 1047 421 1074 num
450 1045 540 1072 esse
561 1031 749 1072 diceret?
782 1029 914 1070 Nolui
948 1038 1036 1070 tam
1069 1029 1341 1070 vehementer
1363 1044 1489 1085 agere
1508 1029 1593 1071 hoc
1616 1029 1754 1086 prima

317 1088 709 1143 actione‚judices:
742 1086 875 1127 nolui.
935 1086 1115 1127 Vidistis
1137 1087 1266 1137 enim,
1288 1095 1337 1126 ut
1357 1087 1488 1127 animi
1511 1085 1754 1127 multitudi-

317 1148 384 1188 nis
406 1146 450 1187 in
483 1146 613 1186 istum
650 1143 810 1194 dolore,
841 1153 884 1185 et
917 1144 1032 1194 odio,
1062 1154 1106 1185 et
1137 1144 1378 1184 communis
1412 1142 1589 1200 periculi
1619 1151 1755 1195 metu,

317 1204 652 1245 concitarentur.
714 1202 857 1242 Statui
888 1210 1062 1256 egomet
1098 1200 1205 1242 mihi
1238 1210 1330 1241 tum
1362 1202 1539 1242 modum
1569 1201 1755 1242 orationi

275 1274 443 1313 umere,
475 1269 520 1302 et
552 1259 605 1301 C.
640 1259 904 1309 Numitorio,
926 1259 1059 1313 equiti
1094 1259 1307 1309 Romano,
1339 1258 1543 1314 primario
1574 1257 1757 1308 homini,

321 1319 421 1360 testi
443 1332 562 1359 meo:
595 1327 638 1358 et
661 1316 956 1367 Glabrionem,
974 1317 1015 1357 id
1035 1316 1150 1371 quod
1170 1315 1483 1372 sapientissime
1503 1314 1622 1366 fecit,
1643 1314 1759 1356 face·-

322 1391 367 1418 re
389 1376 559 1417 laetatus
583 1389 691 1425 sum,
714 1384 761 1415 ut
783 1382 972 1430 repente,
994 1374 1174 1414 consilio
1197 1374 1239 1414 in
1262 1373 1420 1424 medio,
1437 1382 1588 1414 testem
1611 1371 1760 1414 dimit·

323 1442 446 1475 teret.
508 1432 682 1474 Etenim
705 1432 944 1481 verebatur,
968 1445 1019 1471 ne
1042 1431 1225 1487 populus
1258 1430 1480 1471 Romanus
1511 1431 1565 1472 ab
1587 1430 1671 1471 isto
1689 1442 1762 1470 eas

324 1505 480 1548 poenas
502 1491 544 1531 vi
577 1489 832 1545 76repetisse
860 1489 1088 1539 videretur,
1121 1503 1225 1543 quas
1260 1488 1419 1528 veritus
1452 1497 1577 1539 esset,
1598 1502 1653 1528 ne
1678 1486 1762 1528 iste

240 1549 509 1605 164legibus‚
541 1555 585 1588 et
617 1556 758 1587 vestro
787 1546 956 1601 judicio
991 1561 1075 1586 non
1108 1555 1218 1586 esset
1247 1544 1554 1601 persoluturus.
1617 1544 1762 1594 Nunc,

325 1605 532 1661 quoniam
547 1604 642 1660 jam
669 1604 942 1660 exploratum
975 1613 1040 1643 est
1062 1603 1277 1653 omnibus,
1299 1617 1385 1658 quo
1415 1602 1512 1644 loco
1531 1616 1660 1644 causa
1689 1610 1765 1642 tua

325 1664 396 1714 sit,
426 1671 484 1714 et,
506 1662 610 1717 quid
632 1661 684 1702 de
714 1671 756 1701 te
786 1661 978 1701 futurum
1012 1661 1092 1712 sit3
1124 1661 1184 1701 sio
1205 1670 1349 1701 tecum
1371 1674 1512 1715 agam.
1573 1658 1765 1701 Gavium

327 1722 473 1770 istum,
495 1733 623 1775 quem
657 1718 927 1774 repentinum
961 1717 1271 1773 speculatorem
1304 1716 1436 1758 fuisse
1468 1716 1590 1768 dicis,
1620 1723 1767 1757 osten-

327 1779 441 1829 dam,
466 1778 507 1817 in
531 1776 757 1817 lautumias
782 1775 1003 1831 Syracusis
1025 1791 1050 1816 a
1071 1784 1113 1815 te
1135 1789 1225 1816 esse
1254 1775 1524 1830 conjectum:
1555 1787 1695 1829 neque
1723 1771 1769 1813 id

327 1836 465 1876 solum
479 1849 532 1874 ex
554 1831 706 1874 litteris
720 1834 943 1874 ostendam
964 1833 1353 1888 Syracusanorum:
1384 1846 1439 1873 ne
1452 1831 1589 1889 possis
1610 1831 1768 1880 dicere,

326 1907 410 1944 me,
428 1892 530 1947 quia
552 1891 608 1931 sit
629 1891 782 1946 aliquis
805 1891 847 1931 in
869 1891 1023 1931 litteris
1047 1890 1227 1941 Gavius,
1249 1889 1333 1930 hoc
1363 1889 1528 1946 fingere
1547 1898 1591 1929 et
1611 1887 1769 1944 eligere

326 1964 501 1999 nomen,
525 1958 574 1989 ut
592 1948 707 1989 hunc
731 1948 848 1988 illum
871 1962 962 1989 esse
979 1948 1137 2003 possim
1161 1948 1320 1989 dicere:
1354 1947 1425 1988 sed
1448 1946 1683 1988 secundum
1705 1958 1771 1985 ar-

329 2007 508 2049 bitrium
528 2017 651 2046 tuum
682 2015 810 2046 testes
830 2006 957 2056 dabo,
980 2005 1053 2060 qui
1077 2005 1207 2046 istum
1230 2006 1369 2061 ipsum
1391 2003 1612 2061 Syracusis
1634 2003 1710 2043 abs
1729 2011 1772 2042 te

331 2065 376 2106 in
400 2063 628 2105 lautumias
651 2063 898 2118 conjectum
922 2077 1012 2103 esse
1034 2063 1195 2103 dicant.
1229 2062 1461 2118 producam
1484 2061 1614 2102 etiam
1637 2059 1773 2101 Cosa-

332 2137 427 2173 nos,
462 2121 701 2176 municipes
737 2120 848 2161 illius
879 2136 928 2161 ac
961 2120 1235 2171 necessarios,
1268 2120 1341 2175 qui
1375 2129 1416 2160 te
1444 2133 1560 2159 nunc
1582 2132 1675 2158 sero
1696 2116 1774 2158 do-

335 2188 476 2229 ceant,
501 2178 672 2233 judices
695 2192 777 2218 non
804 2192 912 2228 sero,
935 2177 1053 2217 illum
1082 2177 1131 2217 P.
1155 2177 1360 2227 Gavium,
1384 2191 1512 2232 quem
1535 2187 1580 2217 tu
1612 2175 1656 2215 in
1678 2182 1774 2216 c'ru-

336 2252 432 2279 cem
453 2235 597 2292 egisti,
624 2235 762 2275 civem
793 2235 1053 2285 Romanum,
1072 2244 1114 2275 et
1136 2235 1398 2290 municipem
1423 2233 1657 2283 Cosanum,
1686 2245 1776 2272 non

255 2293 651 2352 64speculatorem
686 2291 971 2348 fugitivorum
1011 2292 1155 2333 fuisse.
1216 2291 1328 2332 Cum
1363 2291 1458 2332 haec
1489 2289 1648 2339 omnia,
1678 2302 1777 2343 quae

252 2376 325 2409 165
340 2351 558 2408 polliceor,
581 2348 796 2390 cumulate
816 2352 855 2383 77
871 2349 955 2390 tuis
978 2349 1188 2405 proximis
1211 2349 1337 2405 plana
1353 2348 1520 2390 fecero:
1553 2356 1642 2387 tum
1665 2347 1778 2386 istuc

338 2410 480 2465 ipsum
509 2408 680 2458 tenebo,
714 2406 829 2462 quod
863 2408 939 2448 abs
970 2416 1011 2447 te
1035 2407 1142 2447 mihi
1173 2407 1312 2447 datur.
1344 2421 1395 2447 eo
1429 2404 1680 2446 contentum
1712 2416 1781 2443 me

336 2481 428 2507 esse
450 2466 606 2507 dicam.
668 2464 785 2511 Quid
808 2464 923 2505 enim
944 2479 1082 2521 nuper
1103 2474 1148 2505 tu
1171 2465 1276 2521 ipse,
1293 2478 1392 2505 cum
1412 2461 1561 2519 populi
1594 2459 1781 2501 Romani

383 2620 421 2650 74
453 2617 508 2656 qui
532 2625 702 2656 nunqnam
733 2616 833 2645 istam
853 2620 1045 2655 potestatem
1089 2616 1232 2645 inhibere
1246 2615 1321 2651 dici,
1335 2614 1436 2646 etiam
1452 2613 1571 2644 Lexica
1586 2611 1717 2642 docent.

339 2659 483 2697 viderat]
506 2658 634 2698 Nempe
650 2664 687 2687 ut
702 2658 785 2694 cives
809 2658 932 2688 indicta
948 2667 1045 2688 causa
1129 2658 1170 2691 76
1197 2658 1346 2696 fiepetisse
1377 2655 1556 2694 videretur]
1598 2653 1785 2683 Artificiosa

341 2701 605 2731 verberarentur.
630 2700 692 2730 Sed
719 2701 801 2731 mihi
837 2705 948 2730 totum
977 2710 1044 2730 non
1087 2709 1146 2740 pro
1175 2703 1345 2740 repeteret,
1369 2698 1455 2737 quod
1477 2702 1548 2728 erat
1571 2695 1783 2731 invidiosum,

340 2744 420 2776 natis
436 2743 554 2783 placet.
1084 2743 1191 2782 posito
1219 2746 1438 2780 consequente
1460 2750 1518 2781 pro
1543 2749 1576 2769 re
1591 2738 1660 2778 ipsa
1673 2741 1708 2767 et
1723 2745 1781 2766 an-

384 2789 424 2819 75
450 2794 514 2814 non
524 2782 704 2822 inhibebat]
728 2783 756 2813 E
772 2782 881 2814 Gellio
905 2785 1042 2825 corrigit
1084 2784 1266 2815 tecedente.
1311 2784 1363 2813 Sic
1392 2783 1477 2813 infra
1502 2783 1574 2812 nolo
1595 2782 1630 2810 in
1652 2781 1709 2810 hoc
1730 2778 1783 2809 de·

342 2827 524 2858 Lambinus
560 2835 625 2856 non
653 2827 801 2856 leniebat.
859 2826 1042 2865 Vulgarum
1087 2825 1406 2867 lectojudiciff-esse
1418 2825 1635 2855 commis-mm.

342 2879 455 2901 verum
481 2873 544 2907 est,
570 2875 629 2909 pio
654 2868 840 2907 cohibebat,
855 2878 919 2909 quo
944 2869 1043 2900 modo
1127 2873 1145 2903 7
1150 2873 1166 2902 7
1184 2869 1248 2899 tuis
1258 2868 1435 2910 proximis]
1454 2879 1482 2898 v.
1498 2867 1644 2899 Clavem.

1882 1219 1885 1231 ⁴
1880 1187 1885 1195 -.
1883 1167 1885 1181 ἡ
1857 687 1885 1158 zm-„ss-ffl-ae-sQ—ffl„
1861 457 1884 678 ,nm—A&
1872 438 1883 451 z
1864 332 1882 431 »Αἵ-αἲ·
1867 268 1881 326 o—w'
1877 258 1881 262 .
1859 0 1883 250 &Ze-m
