1907 3231
294 119 371 154 314
814 112 886 151 IN
911 105 1189 150 VERREM

300 216 581 258 defendendae
603 216 879 272 relinquatur,
901 230 1044 270 quam,
1077 223 1120 255 te
1150 211 1364 264 absoluto,
1386 212 1473 264 alii,
1502 210 1618 269 quod
1646 227 1722 254 au-

220 275 291 329 89
303 274 528 316 dacissime
570 272 778 324 fecerunt,
822 282 936 314 recte
974 272 1126 313 fecisse
1162 269 1479 312 existimentur.
1553 269 1724 325 Lugent

214 346 293 384 207
305 346 453 374 omnes
485 331 742 388 provinciae:
775 337 1011 385 queruntur
1042 342 1189 369 omnes
1217 327 1340 369 liberi
1371 326 1553 383 populi:
1591 341 1726 383 regna

173 405 206 436 p.
224 389 594 445 195-deniquejan1
617 388 762 429 omnia
783 388 835 427 de
856 386 1013 426 nostris
1051 384 1363 442 cupiditatibus
1385 393 1429 425 et
1450 384 1618 440 injuriis
1647 398 1725 426 ex-

261 447 291 467 ³·
304 446 546 502 postulant:
579 445 697 486 locus
720 445 833 484 intra
853 457 1061 483 oceanum
1077 442 1173 498 jam
1199 441 1337 483 nullus
1367 449 1447 493 est,
1476 455 1615 496 neque
1636 450 1726 481 tam

302 504 581 560 longinquus,
602 515 740 556 neque
766 509 852 540 tam
885 499 1144 549 reconditus,
1165 514 1251 554 quo
1273 513 1375 549 non,
1397 513 1472 556 per
1492 498 1588 539 haec
1618 506 1727 539 tem-

304 575 425 618 pora,
447 572 693 601 nostrorum
722 557 948 598 hominum
981 557 1115 597 libido
1148 556 1437 611 iniquitasque
1478 555 1727 612 pervaserit.

305 618 515 660 sustinere
541 616 635 671 jain
670 614 853 671 populus
891 613 1113 655 Romanus
1154 613 1347 654 omnium
1383 613 1610 654 nationum
1640 627 1729 653 non

307 676 412 726 vim,
434 689 521 714 non
544 687 675 724 arma,
706 686 793 712 non
824 670 999 722 bellum,
1029 671 1102 712 sed
1133 670 1312 720 luctum,
1342 669 1566 725 lacrymas,
1589 669 1732 726 queri-

309 731 477 773 monias
505 745 592 771 non
615 739 772 786 potest.
833 728 884 769 In
907 728 1119 785 ejusmodi
1141 743 1185 768 re
1206 742 1257 769 ac
1278 726 1496 779 moribus3
1516 727 1562 768 si
1584 728 1634 778 is,
1656 726 1731 782 qui

308 789 393 830 erit
422 788 631 829 adductus
651 787 694 828 in
710 786 942 841 judicium,
965 801 1064 827 cum
1084 784 1323 827 manifestis
1343 784 1385 824 in
1405 784 1582 840 flagitiis
1614 793 1733 825 tene-

312 846 444 896 bitur,
474 845 580 886 alios
598 845 747 885 eadem
767 843 920 885 fecisse
949 843 1089 895 dicet3
1121 842 1182 883 illi
1204 840 1404 897 exempla
1421 856 1508 882 non
1529 841 1735 892 deerunt3

310 902 561 958 reipublicae
595 902 705 943 salus
727 900 877 952 deerit,
910 900 943 941 si
978 900 1274 956 improborum
1307 897 1516 954 exemplis
1547 897 1735 953 improbi

222 960 476 1016 208judicio
497 975 547 1001 ac
571 959 762 1015 periculo
784 958 1094 999 liberabuntur,
1157 956 1336 998 Placent
1364 956 1488 997 vobis
1510 955 1737 996 hominum

311 1020 477 1059 mores?
508 1017 648 1072 placet
670 1016 731 1057 ita
748 1015 839 1071 geri
858 1014 1149 1071 magistratus,
1171 1023 1220 1055 ut
1241 1015 1476 1070 geruntur?
1508 1011 1649 1069 placet
1669 1025 1738 1055 so-

311 1075 403 1116 cios
426 1075 487 1115 sic
511 1073 698 1123 tractari,
729 1072 844 1128 quod
867 1081 1012 1123 restat,
1035 1080 1084 1112 ut
1103 1086 1179 1128 per
1199 1070 1292 1112 haec
1315 1080 1510 1126 tempora
1532 1078 1739 1111 tractatos

313 1132 500 1174 videtis?
550 1130 640 1172 Cur
661 1130 756 1171 haec
789 1145 814 1170 a
844 1144 912 1170 me
943 1143 1074 1185 opera
1103 1128 1398 1169 consumitur?
1429 1126 1532 1182 quid
1555 1126 1740 1168 sedetis?

314 1204 392 1230 cur
410 1203 497 1230 non
516 1187 561 1228 in
583 1187 724 1228 media
745 1187 940 1228 oratione
956 1201 1052 1227 mea
1064 1185 1325 1241 consurgitis
1348 1192 1477 1240 atque
1495 1183 1741 1226 disceditis?

316 1246 460 1288 Vultis
481 1254 626 1287 autem
649 1245 828 1285 istorum
848 1243 1048 1285 audacias
1070 1258 1120 1284 ac
1142 1242 1342 1284 libidines
1372 1241 1516 1297 aliqua
1535 1256 1590 1282 ex
1622 1249 1744 1298 parte

316 1306 537 1350 resecare?
562 1302 759 1344 Desinite
773 1301 985 1352 dubitare,
1007 1309 1150 1342 utrum
1173 1300 1229 1342 sit
1251 1299 1413 1350 utilius,
1436 1307 1612 1356 propter
1632 1297 1745 1340 mul-

319 1369 386 1402 tos
409 1361 630 1418 improbos
652 1360 726 1401 uni
750 1373 938 1415 parcere,
961 1373 1015 1399 an
1038 1358 1164 1399 unius
1185 1356 1374 1414 improbi
1397 1356 1610 1413 supplicio
1634 1354 1746 1396 mul·

229 1443 307 1478 209
320 1428 463 1460 torum
506 1417 829 1474 improbitatem
863 1416 1075 1457 coercere.
1146 1414 1338 1456 Tametsi
1377 1429 1475 1470 quae
1524 1413 1607 1454 ista
1647 1419 1748 1459 sunt

318 1475 519 1532 exempla
547 1475 806 1516 multorum?
836 1488 936 1514 nam
967 1488 1066 1514 cum
1089 1473 1133 1514 in
1155 1487 1284 1513 causa
1314 1481 1448 1522 tanta,
1469 1485 1569 1512 cum
1589 1471 1634 1512 in
1665 1469 1749 1511 cri-v

320 1533 439 1575 mine
473 1532 668 1574 maximo
700 1531 786 1573 dici
826 1546 851 1572 a
882 1529 1107 1571 defensore
1139 1538 1338 1585 coeptum
1379 1537 1459 1580 est,
1500 1527 1748 1569 factitatum

322 1605 415 1632 esse
432 1589 621 1645 aliquid3
653 1597 909 1645 exspectant
931 1587 975 1638 ii,
997 1588 1071 1642 qui
1090 1587 1287 1637 audiunt,
1311 1584 1512 1641 exempla
1527 1599 1582 1627 ex
1607 1593 1750 1625 vetere

323 1647 533 1689 memoria
554 1656 598 1688 et
618 1645 910 1687 monumentis
942 1659 991 1686 ac
1022 1644 1190 1694 litteris,
1213 1644 1341 1700 plena
1361 1642 1602 1698 dignitatiS‚
1628 1642 1753 1697 plena

239 1707 312 1764 90
325 1704 610 1761 antiquitatiS.
662 1702 810 1744 3Hae0
841 1702 958 1744 enim
994 1701 1227 1758 plurimum
1257 1700 1395 1741 solent
1415 1710 1459 1742 et
1480 1698 1751 1741 auctoritatis

324 1762 483 1805 habere
506 1762 559 1802 ad
582 1760 868 1821 probandum,
887 1767 931 1801 et
939 1758 1229 1815 jucunditatis
1252 1758 1305 1799 ad
1327 1757 1604 1798 audiendum.
1634 1755 1753 1797 Afri-

324 1834 456 1862 canos
478 1818 602 1869 mihi,
632 1827 677 1860 et
707 1817 911 1868 Catones,
934 1826 978 1857 et
1010 1816 1165 1858 Laelios
1196 1815 1583 1857 commemorabis?
1613 1822 1658 1854 et
1679 1826 1754 1854 eos

324 1877 478 1919 fecisse
501 1876 614 1917 idem
635 1875 780 1917 dices?
811 1873 1008 1930 quamvis
1040 1888 1104 1915 res
1135 1873 1243 1914 mihi
1273 1887 1360 1913 non
1384 1872 1576 1928 placeat3
1609 1879 1755 1912 tamen

323 1944 477 1977 contra
506 1933 734 1974 hominum
758 1931 1063 1974 auctoritatem
1098 1944 1292 1987 pugnare
1321 1944 1409 1970 non
1440 1938 1608 1986 potero.
1668 1926 1755 1979 An,

323 2006 424 2034 cum
445 2006 519 2032 eos
552 2005 639 2031 non
674 1989 862 2046 poteris;
896 1987 1085 2044 proferes
1117 1988 1195 2028 hos
1229 1996 1436 2037 recentes,
1469 1986 1526 2033 Q.
1551 1984 1757 2027 Catulum

327 2058 510 2105 patrem,
539 2047 591 2089 C.
624 2047 834 2098 Marium,
867 2046 925 2092 Q.
950 2045 1206 2096 Scaevolam,
1241 2043 1309 2085 Μ.
1330 2044 1555 2094 Scaurum,
1579 2043 1636 2090 Q.
1659 2041 1757 2083 Me-

327 2106 505 2148 tellum?
535 2104 609 2160 qui
640 2118 788 2146 omnes
825 2103 1069 2160 provincias
1110 2103 1370 2152 habuerunt,
1409 2110 1455 2142 et
1492 2100 1758 2141 frumentum

282 2172 314 2202 b.
328 2162 447 2205 cellae
470 2162 646 2203 nomine
664 2162 998 2218 imperaverunt.
1048 2160 1218 2216 Magna
1237 2168 1303 2200 est
1323 2158 1550 2200 hominum
1572 2157 1761 2198 auctori-

329 2230 408 2271 tas,
442 2229 486 2261 et
518 2228 654 2270 tanta,
688 2228 738 2260 ut
767 2218 899 2260 etiam
929 2217 1076 2259 delicti
1109 2217 1399 2272 suspicionem
1431 2224 1578 2272 tegere
1609 2214 1760 2270 possit.

239 2288 318 2322 210
331 2278 433 2319 Non
465 2277 613 2328 habes,
646 2291 700 2317 ne
730 2291 785 2317 ex
818 2275 884 2316 his
907 2275 1081 2330 quidem
1113 2273 1378 2324 hominibus,
1405 2273 1479 2328 qui
1502 2286 1638 2328 nuper
1669 2271 1762 2313 fue-

328 2343 443 2386 runt,
466 2334 600 2376 ullum
623 2342 844 2375 auctorem
866 2332 988 2373 istius
1012 2331 1330 2373 aestimationis.
1390 2331 1492 2377 Quo
1522 2343 1591 2370 me
1613 2328 1763 2384 igitur,

327 2400 403 2433 aut
425 2392 475 2433 ad
502 2406 600 2447 quae
632 2390 832 2446 exempla
863 2392 1063 2432 revocas?
1096 2388 1167 2430 Ab
1186 2387 1268 2429 illis
1290 2387 1556 2437 hominibus,
1576 2387 1650 2442 qui
1669 2394 1764 2427 tum

328 2449 485 2490 versati
509 2457 609 2489 sunt
631 2449 674 2489 in
698 2446 933 2503 republica,
948 2461 1047 2488 cum
1066 2456 1110 2487 et
1131 2445 1286 2502 optimi
1305 2458 1444 2485 mores
1465 2451 1601 2494 erant,
1624 2456 1668 2484 et
1686 2442 1765 2484 ho-

326 2506 494 2547 minum
529 2505 797 2546 existimatio
828 2504 971 2560 gravis
994 2504 1250 2553 habebatur,
1272 2501 1499 2557 etjudicia
1521 2514 1669 2542 severa
1690 2499 1765 2542 fie-

327 2565 448 2614 bant,
471 2563 522 2604 ad
542 2563 654 2603 hanc
677 2561 904 2603 hominum
925 2561 1143 2602 licentiam
1163 2570 1207 2601 et
1228 2559 1452 2600 libidinem
1465 2572 1534 2598 me
1557 2557 1765 2600 abducis?

325 2630 369 2662 et
391 2621 433 2661 in
457 2635 565 2676 quos
587 2619 750 2676 aliquid
782 2618 972 2675 exempli
1005 2619 1191 2675 populus
1229 2616 1457 2657 Romanus
1491 2615 1622 2656 statui
1646 2623 1770 2671 putat

369 2758 388 2786 3
426 2754 510 2785 Haec
545 2755 632 2785 enim
662 2753 729 2793 pL]
768 2752 872 2784 Enim
905 2751 1029 2783 addidit
1070 2751 1226 2782 ctoritate
1252 2750 1315 2781 niti
1343 2749 1538 2790 potuissem.
1568 2749 1766 2782 alterutrum

327 2797 477 2828 Graevius
489 2808 507 2827 e
522 2797 586 2827 Ms.
605 2796 741 2826 Nannii.
770 2795 944 2826 Libentius
959 2804 1030 2824 cor·
1072 2794 1203 2834 quidem
1217 2792 1380 2825 edendum
1392 2796 1476 2824 erat.

332 2841 485 2871 rexissem
512 2848 582 2879 quoe
604 2840 718 2876 solent,
738 2838 765 2868 si
790 2838 951 2869 librorum
972 2846 1031 2867 au-
