1907 3231
324 107 404 144 250
867 105 938 144 IN
971 106 1241 147 VERREM

318 216 452 250 tatem
473 209 696 266 praetoris:
720 208 843 252 faveo
865 212 1036 263 aratori,
1058 213 1187 269 cupio
1209 212 1372 270 octupli
1394 212 1586 255 damnari
1609 212 1748 269 Apro·

271 278 304 309 b.
317 265 450 306 nium.
511 267 630 314 Quid
651 267 822 308 tandem
855 269 1044 323 postulat
1073 273 1242 312 arator?
1272 270 1497 322 nihil,11isi
1528 285 1582 312 ex
1605 271 1746 312 edicto

310 321 527 377 judicium
550 324 594 366 in
617 324 854 380 octuplum.
917 325 1034 371 Quid
1056 325 1302 382 Apronius?
1332 342 1419 369 non
1441 337 1620 369 recusat.
1642 327 1748 382 quid

314 382 502 435 praetor?
526 381 655 437 jubet
676 390 993 436 recuperatores
1015 383 1204 437 rejicere.
1266 384 1473 426 Decurias
1496 385 1745 426 scribamus.

316 437 436 483 Quas
466 438 686 479 decurias?
719 439 819 478 27de
840 438 1017 479 cohorte
1047 454 1142 480 mea
1171 440 1353 495 rejicies,
1383 442 1536 497 inquit.
1597 441 1744 488 Quid?

313 493 397 534 ista
425 494 577 536 cohors
609 509 790 549 quorum
829 493 1054 537 hominum
1089 499 1181 538 est?
1218 498 1377 539 Volusii
1415 498 1668 554 haruspicis,
1699 506 1743 538 et

315 549 505 592 Cornelii
536 552 705 602 medici,
729 561 771 592 et
802 550 953 592 horum
977 567 1147 604 canum,
1171 569 1277 609 quos
1300 556 1485 596 tribunal
1514 570 1658 596 meum
1679 555 1743 596 vi·

313 607 387 648 des
409 608 609 649 lambere.
670 608 783 648 Nam
805 608 858 648 de
879 620 1092 650 conventu
1121 611 1283 652 nullum
1305 627 1506 667 umquam
1531 612 1742 667 judicem,

312 679 391 706 nec
429 673 771 721 recuperatorem
812 664 945 706 dedit.
980 666 1150 721 iniquos
1187 668 1433 709 decumanis
1466 683 1556 710 esse
1597 669 1743 724 ajebat

314 735 479 772 omneS,
517 723 590 777 qui
625 721 753 763 ullam
793 722 883 778 agri
924 723 1094 779 glebam
1134 725 1413 780 possiderent.
1472 726 1741 766 Veniendum

311 786 402 818 erat
423 778 475 819 ad
497 793 569 820 eos
592 789 743 821 contra
763 778 1018 835 Apronium,
1040 781 1113 836 qui
1139 783 1330 823 nondum
1351 783 1481 823 etiam
1501 782 1740 838 Aproniani

232 843 296 891 12
311 835 499 877 convivii
529 836 747 892 crapulam
778 836 1064 879 exhalassent.
1124 839 1165 880 O
1194 839 1445 895 praeclarum
1479 849 1522 880 et
1551 853 1739 880 comme-

310 893 564 934 morandum
587 893 826 949 judicium!
859 909 885 935 o
907 909 1100 937 severum
1129 897 1341 938 edictum!
1375 912 1401 937 o
1423 905 1564 937 tutum
1594 897 1739 954 perfu-

309 949 430 1005 gium
451 952 692 992 aratorum!

245 1018 295 1053 29
363 1005 522 1062 Atque,
560 1016 609 1048 ut
647 1007 913 1064 intelligatiS,
940 1008 1183 1064 cujusmodi
1217 1010 1299 1051 ista
1333 1010 1501 1065 judicia
1535 1009 1579 1050 in
1614 1018 1737 1051 octu-

306 1064 440 1119 plum,
461 1064 704 1119 cujusmodi
735 1065 858 1105 istius
879 1066 932 1106 de
952 1067 1130 1107 cohorte
1160 1078 1478 1123 recuperatores
1499 1067 1736 1108 existimati

305 1121 413 1171 sint,
447 1122 506 1162 sic
529 1122 753 1163 attendite.
786 1120 977 1177 Ecquem
1000 1124 1159 1179 putatis
1182 1124 1479 1175 decumanum,
1503 1124 1582 1165 hac
1603 1124 1736 1166 licen-

302 1178 364 1218 tia
392 1178 612 1233 permissa,
642 1188 689 1219 ut
721 1188 888 1220 tantum
918 1182 972 1221 ab
1003 1190 1184 1231 aratore,
1212 1191 1420 1235 quantum
1452 1182 1734 1237 poposcisset,

302 1235 502 1287 auferret,
544 1236 653 1292 plus,
694 1251 824 1292 quam
863 1237 1103 1288 deberetur,
1139 1239 1411 1294 poposcisse?
1455 1237 1734 1280 Considerate

301 1307 400 1333 cum
425 1294 576 1334 vestris
608 1293 761 1335 animis
792 1295 1059 1350 vosmetipsi,
1082 1309 1259 1349 ecquem
1291 1295 1465 1351 putetis,
1496 1296 1737 1351 praesertim

300 1364 401 1391 cum
430 1349 473 1390 id
501 1353 541 1383 28
553 1365 641 1392 non
671 1350 809 1392 solum
839 1352 1032 1403 avaritia,
1057 1353 1129 1394 sed
1150 1352 1281 1393 etiam
1312 1352 1602 1408 imprudentia
1620 1353 1734 1395 acci-

299 1421 401 1463 pere
421 1409 623 1462 potuerit.
646 1408 804 1450 multos
827 1423 998 1450 necesse
1020 1419 1098 1450 est.
1145 1408 1205 1449 At
1227 1424 1309 1465 ego
1333 1424 1482 1450 omnes
1502 1409 1601 1451 dico
1624 1409 1734 1465 plus,

300 1479 350 1505 ac
370 1464 506 1506 multo
530 1465 639 1521 plus,
662 1480 791 1520 quam
811 1466 1027 1517 decumas,
1049 1466 1288 1507 abstulisse.
1329 1466 1449 1508 Cedo
1470 1467 1576 1507 mihi
1599 1480 1734 1509 unum

300 1535 354 1562 ex
378 1522 562 1563 triennio
583 1532 782 1578 praeturae
813 1532 915 1574 tuae,
936 1524 1009 1579 qui
1031 1524 1194 1580 octupli
1217 1524 1443 1565 damnatus
1465 1524 1534 1564 sit.
1556 1524 1733 1565 damna-

300 1581 397 1620 tus?
427 1579 560 1620 immo
582 1593 699 1631 vero,
720 1580 765 1621 in
787 1595 914 1636 quem
938 1581 1155 1635 judicium
1185 1595 1240 1622 ex
1271 1581 1413 1622 edicto
1436 1590 1511 1621 tuo
1546 1581 1734 1636 postula-

301 1647 390 1676 tum
413 1636 482 1678 sit.
544 1636 684 1677 Nemo
707 1647 797 1678 erat
818 1637 1018 1679 videlicet
1048 1648 1280 1689 aratorum,
1311 1639 1385 1693 qui
1415 1637 1617 1693 injuriam
1647 1639 1730 1680 sibi

298 1692 457 1734 factam
488 1694 607 1748 queri
640 1703 807 1750 posset:
838 1709 966 1736 nemo
997 1695 1347 1746 decumanorum,
1369 1695 1442 1751 qui
1474 1709 1608 1752 grano
1638 1710 1729 1736 am-

298 1749 408 1805 plius
442 1751 538 1801 sibi,
577 1766 707 1806 quam
741 1752 982 1804 deberetur,
1014 1752 1160 1793 deberi
1193 1752 1408 1808 professus
1440 1761 1566 1793 esset.
1596 1752 1730 1794 immo

298 1821 398 1848 vero
420 1818 584 1859 contra,
606 1809 801 1864 rapiebat
827 1820 872 1850 et
901 1811 1162 1865 asportabat,
1186 1820 1395 1864 quantum
1417 1824 1442 1850 a
1461 1823 1632 1865 quoque
1654 1825 1729 1851 vo-

298 1864 426 1915 lebat,
449 1864 692 1921 Apronius:
725 1867 925 1908 omnibus
957 1876 1100 1908 autem
1130 1866 1235 1908 locis
1266 1876 1452 1908 aratore-s
1479 1866 1649 1922 spoliati
1680 1882 1731 1909 ac

298 1922 443 1962 vexati
465 1924 777 1976 querebantur:
810 1939 947 1979 neque
971 1933 1113 1965 tamen
1142 1924 1274 1965 ullum
1298 1924 1515 1980 judicium
1544 1924 1728 1980 reperie-

234 1988 285 2022 30
300 1988 380 2020 tur.
440 1979 558 2025 Quid
589 1990 654 2021 est
684 1980 796 2022 hoc?
831 1990 894 2022 tot
924 1981 1006 2022 viri
1037 1981 1184 2031 fortes,
1220 1981 1406 2032 honesti,
1438 1981 1630 2037 gratiosi,
1661 1990 1728 2023 tot

166 2036 444 2088 plargifflfi,
467 2045 533 2077 tot
561 2038 726 2093 equites
759 2038 946 2079 Romani
977 2039 1030 2079 ab
1061 2053 1146 2079 uno
1179 2038 1353 2080 homine
1383 2038 1644 2093 nequissimo
1674 2053 1725 2080 ac

252 2090 282 2109 ἃ·
296 2094 542 2150 turpissimo
563 2094 669 2145 laesi,
693 2110 870 2151 poenam
892 2095 1054 2152 octupli
1080 2096 1170 2136 sine
1202 2095 1285 2136 ulla
1315 2095 1586 2137 dubitatione
1606 2110 1726 2137 com-

291 2152 480 2202 missam,
510 2166 596 2191 non
629 2154 1023 2207 persequebantur?
1055 2168 1151 2208 quae
1183 2156 1337 2195 causa?
1368 2168 1464 2208 quae
1495 2152 1605 2193 ratio
1632 2156 1725 2195 est?

291 2223 376 2249 una
397 2208 481 2260 illa,
505 2208 690 2263 judices,
713 2224 839 2264 quam
864 2210 1043 2251 videtis:
1075 2210 1189 2265 quod
1213 2210 1324 2252 ultro
1347 2211 1477 2251 etiam
1509 2209 1652 2250 illusos
1679 2225 1724 2252 se

290 2275 332 2306 et
364 2266 506 2307 irrisos
540 2267 594 2307 ab
623 2266 793 2321 judicio
828 2267 1088 2308 discessuros
1122 2267 1339 2308 videbant.
1401 2267 1571 2310 Etenim
1606 2267 1723 2322 quod

289 2332 399 2364 esset
421 2323 652 2379 judicium,
674 2339 773 2365 cum
803 2338 826 2364 e
849 2325 991 2365 Verris
1024 2324 1271 2381 turpissimo
1298 2324 1723 2380 flagitiosissimoque

289 2381 498 2422 comitatu
538 2390 620 2421 tres
654 2390 1000 2437 recuperatorum
1038 2382 1211 2422 nomine
1248 2382 1516 2432 assedissent,
1548 2382 1720 2424 asseclae

290 2438 426 2488 istius,
458 2453 543 2478 non
574 2453 599 2478 a
629 2447 748 2494 patre
780 2438 818 2478 ei
853 2439 1013 2489 traditi,
1046 2439 1117 2480 sed
1151 2453 1176 2478 a
1205 2438 1475 2479 meretricula
1502 2452 1720 2480 cominen-

225 2494 404 2540 31dati?
436 2494 598 2551 Ageret
632 2495 829 2536 videlicet
858 2509 1029 2536 causam
1068 2505 1232 2536 arator:
1266 2495 1369 2536 nihil
1400 2495 1482 2536 sibi
1513 2495 1718 2537 frumenti

287 2552 340 2592 ab
363 2552 558 2608 Apronio
581 2552 790 2604 relictum,
814 2554 928 2594 bona
957 2568 1033 2594 sua
1053 2553 1182 2593 etiam
1205 2553 1396 2608 direpta:
1428 2566 1471 2592 se
1502 2552 1716 2608 pulsatum

323 2684 359 2714 27
385 2682 423 2711 de
437 2684 561 2713 cohorte
581 2692 651 2712 mea
673 2681 812 2722 rejicies]
831 2683 976 2712 Granius
1062 2683 1101 2712 99,
1132 2691 1194 2711 non
1219 2692 1244 2712 s.
1273 2682 1431 2717 avaritia,
1456 2682 1513 2711 sed
1536 2692 1563 2712 e.
1589 2682 1717 2722 impru-

280 2722 361 2753 benc
383 2723 507 2763 rejicies
528 2725 627 2755 deleri
649 2724 731 2754 vult.
776 2725 842 2754 int.
857 2725 976 2755 seriba-
1020 2723 1145 2762 clenna]
1174 2724 1225 2753 Sic
1249 2733 1323 2753 cnm
1344 2724 1472 2753 (iraevio
1495 2734 1512 2754 e
1534 2723 1614 2754 Mss.
1636 2729 1715 2755 vett.

279 2775 365 2801 mus,
382 2775 454 2803 quae
469 2768 535 2796 sint
550 2768 588 2797 de
603 2767 737 2796 cohorte
763 2776 844 2797 mea.
889 2767 977 2796 Nffln
1020 2765 1104 2795 edidi
1141 2775 1199 2805 pro
1233 2766 1320 2804 vulg.
1347 2776 1408 2795 mm
1437 2776 1461 2795 s.
1487 2767 1555 2796 sine
1583 2776 1635 2796 av.
1660 2766 1718 2797 sed

279 2817 355 2838 cum
376 2808 515 2839 decuriis
541 2819 606 2839 non
636 2809 717 2839 bene
746 2809 899 2839 convenit
927 2819 976 2839 re·
1021 2809 1120 2837 etiam
1148 2808 1215 2837 sine
1241 2808 1464 2847 impudentia:
1491 2808 1524 2838 in
1552 2818 1615 2848 quo
1642 2817 1714 2839 Sen-

267 2848 386 2889 jicere.
1021 2859 1073 2879 sus
1089 2848 1278 2880 commodus
1296 2859 1362 2880 non
1378 2855 1436 2881 est.
