1907 3231
451 144 568 182 PRO
598 142 720 180 SEX.
750 141 965 180 ROSCIO
997 144 1291 181 AMERINO.
1536 145 1585 179 81

201 263 270 300 per
299 260 402 299 quem
427 250 611 296 negotium
640 249 875 295 transigeret:
903 259 1021 283 servos
1044 259 1126 284 vero
1157 248 1274 295 ipsum
1300 249 1411 283 etiam
1430 250 1466 283 in
1490 260 1589 296 (μισε-

204 304 356 339 stionem
375 301 575 349 postulare,
606 312 727 347 quum,
746 301 775 335 ii
799 312 843 336 ne
867 300 1008 342 dentur,
1027 300 1227 336 adversarii
1245 311 1460 347 magnopere
1487 313 1588 336 recu-

204 358 293 390 sent.
349 352 511 388 Secundo
532 352 608 388 loco
626 353 681 388 ita
708 364 808 387 reum
818 357 968 400 purgat,
988 356 1029 387 ut
1047 353 1157 387 etiam
1181 353 1219 387 in
1244 351 1282 387 T.
1297 350 1465 387 Roscium
1480 364 1589 399 quen-

204 407 301 447 dam,
321 408 552 452 cognomento
571 403 763 452 Magnum,
783 406 916 440 crimen
930 402 1106 452 conferat,
1126 404 1222 451 quod
1240 408 1275 439 et
1286 407 1418 438 veteres
1437 407 1471 438 et
1490 407 1590 450 capi-

205 457 296 493 tales
321 458 535 493 inimicitias
552 468 631 491 curn
662 455 762 491 Sexti
789 460 897 503 patre
918 457 1127 497 exercuerit,
1147 459 1182 490 et
1210 455 1335 490 Romae
1358 459 1433 490 tum
1452 453 1589 503 fuerit,

201 521 282 545 cum
308 509 372 544 ille
395 510 528 545 occisus
555 509 700 544 dicatur
714 524 726 544 .·
752 520 872 543 servus
888 512 1064 556 praeterea
1089 508 1242 543 sicarius
1261 511 1295 543 et
1312 507 1501 554 gladiator
1526 509 1588 550 sit,

202 573 246 597 ac
262 572 355 609 saepe
367 562 406 596 in
424 561 518 597 caede
534 564 706 596 versatus.
761 560 907 596 Deinde
934 560 978 596 L.
1003 559 1271 607 Chrysogonum
1286 558 1329 595 L.
1353 558 1466 594 Sallae
1484 558 1590 595 liber-

202 617 292 655 tum,
306 617 341 648 et
356 614 454 661 apud
467 613 615 648 eundem
627 613 942 659 gratiosissimum,
962 611 1146 661 interfecti
1165 612 1256 647 bona
1274 612 1378 659 quasi
1390 612 1591 659 proscripti

201 667 379 707 coemisse,
405 665 598 713 possidere,
624 669 768 712 partem
797 676 876 700 cum
900 664 939 700 T.
960 664 1089 700 Roscio
1118 665 1413 699 communicasse:
1441 667 1475 698 et
1503 665 1590 709 quia

201 729 294 752 nunc
320 716 422 752 Sexti
441 715 585 762 hujusce
614 718 727 752 vitam
744 721 894 764 uterque
918 717 985 752 sibi
1012 717 1061 751 ad
1078 728 1121 751 ea
1148 716 1240 751 bona
1253 715 1420 764 fruenda
1447 715 1589 751 obstare

201 773 311 817 atque
329 768 469 817 officere
496 768 692 816 intelligat,
713 769 897 809 Erutium,
917 773 1160 804 accusatorem
1187 772 1340 803 veterem
1361 772 1395 802 et
1414 769 1588 804 exercita-

203 825 278 857 tum
297 822 516 870 apposuisse,
537 822 599 868 qui
623 822 756 856 crimen
775 821 908 855 callide
930 820 1158 869 confingeret,
1180 821 1512 866 accusationemque
1528 831 1588 855 su-

200 875 364 921 sciperet.
421 873 535 908 Reum
551 877 671 908 autem
690 871 861 908 Roscium
879 884 949 908 non
967 873 1073 907 modo
1091 871 1234 906 nullum
1251 872 1527 907 emolumentum
1546 884 1588 908 esc

199 937 283 961 nece
296 927 428 974 patris,
447 925 510 960 sed
524 925 633 960 etiam
656 936 831 961 summam
847 928 1040 971 egestatem
1058 928 1168 972 atque
1185 925 1346 971 inopiam
1363 928 1588 971 reportasse:

199 978 364 1025 ‘iniquum
391 989 475 1019 esse,
495 981 547 1018 ut,
569 974 668 1022 czQJ'us
696 974 831 1022 injuria
854 977 989 1024 patriis
997 975 1165 1026 fortunis
1184 976 1343 1011 omnibus
1370 976 1418 1012 sit
1436 987 1588 1018 eversus,

201 1034 311 1077 atque
341 1030 390 1065 acl
407 1040 582 1064 summam
608 1029 770 1076 inopiam
788 1030 968 1070 redactus,
995 1027 1069 1074 ejus
1100 1040 1194 1063 nunc
1221 1028 1388 1076 potentia
1407 1039 1475 1076 per
1493 1040 1588 1064 sum-

200 1094 298 1117 mum
328 1082 476 1116 dedecus
510 1092 757 1128 summamque
786 1079 961 1126 injuriam
983 1082 1061 1116 vita
1090 1082 1267 1128 privetur.
1297 1080 1422 1115 Causa
1439 1079 1591 1128 publica

201 1135 361 1181 adeoque
388 1135 504 1180 ipsum
522 1130 711 1178 judicium
742 1132 937 1180 publicum
966 1137 1036 1169 est:
1066 1133 1098 1168 h.
1114 1144 1143 1169 e.
1161 1136 1350 1168 accusator
1376 1144 1448 1168 non
1463 1133 1590 1180 priva·-

201 1191 277 1221 tam
304 1184 470 1231 alicujus,
490 1185 553 1220 sed
571 1185 662 1219 laesae
690 1186 801 1220 totius
829 1187 919 1232 reip.
940 1183 1115 1231 injuriam
1146 1186 1386 1232 persequitur,
1414 1185 1510 1232 quod
1526 1184 1592 1220 Iiu-

191 1236 356 1284 jusmodi
373 1239 527 1273 crimina
545 1237 593 1272 ad
620 1238 732 1284 ipsius
751 1238 841 1285 reip.
859 1238 1057 1284 perniciem
1083 1237 1217 1272 valent.
1272 1239 1368 1272 Acta
1384 1241 1436 1272 est
1454 1238 1491 1272 in
1499 1236 1592 1285 foro

202 1293 261 1337 (ut
280 1291 387 1325 moris
406 1294 498 1330 erat,
515 1288 670 1336 publice,
689 1293 726 1323 et
742 1290 779 1323 in
805 1293 993 1336 conspectu
1009 1288 1139 1336 populi
1155 1290 1291 1323 circum
1314 1289 1481 1324 subsellia
1487 1287 1592 1334 judi-

202 1354 282 1378 cum
300 1353 467 1377 coronam
475 1340 668 1390 facientis,
693 1340 766 1375 haec
793 1341 924 1388 capitis
933 1339 1080 1386 judicia
1087 1339 1193 1389 fieri)
1216 1341 1265 1375 ad
1283 1340 1337 1376 M.
1357 1341 1485 1376 Fannii
1496 1352 1591 1388 prce-

202 1395 290 1429 toris
310 1393 481 1429 tribunal.
507 1394 568 1440 qui
588 1393 776 1439 qua’stioni
803 1393 897 1428 inter
923 1393 1073 1428 sicarios
1088 1396 1258 1439 praeerat,
1279 1404 1387 1440 quum
1402 1394 1434 1427 ei
1452 1394 1490 1428 in
1508 1405 1591 1428 con-

199 1446 282 1481 silio
291 1443 434 1492 judices
453 1457 494 1480 ex
513 1445 638 1479 ordine
655 1445 851 1486 senatorio,
871 1446 934 1492 qui
953 1449 1029 1480 tum-
1046 1445 1143 1480 solus
1163 1444 1240 1491 lege
1260 1445 1429 1480 Cornelia
1443 1443 1590 1490 judica-

200 1498 274 1539 bat,
304 1498 511 1533 assiderent.
567 1496 618 1531 Et
645 1500 729 1531 acta
756 1501 819 1536 est,
850 1502 891 1532 ut
912 1497 1050 1533 Gellius
1069 1501 1236 1538 testatur,
1257 1496 1300 1533 L.
1321 1496 1427 1532 Sulla
1442 1499 1596 1540 iterum,

200 1554 234 1586 et
253 1550 295 1591 Q.
311 1549 462 1585 Metello
483 1548 577 1584 Coss.
595 1560 689 1584 anno
705 1552 789 1596 post
805 1560 950 1584 causam
966 1549 1010 1585 P.
1030 1548 1184 1590 Quintii-

154 1665 389 1733 CREDO
419 1707 502 1748 ego
539 1695 658 1744 lvos,
684 1692 876 1747 judices,
912 1692 1072 1742 mirari,
1094 1693 1197 1748 quid
1229 1692 1299 1743 sit,
1335 1690 1466 1747 quod,
1489 1705 1587 1732 cum
1607 1684 1631 1729 l

153 1757 219 1790 tot
255 1749 410 1790 summi
442 1758 631 1791 oratores
652 1749 944 1814 hominesque
983 1749 1239 1791 nobilissimi
1281 1749 1470 1798 sedeant,
1505 1757 1621 1804 egol

150 1806 423 1862 potissimum
453 1807 724 1857 surrexerim,
755 1808 828 1862 qui
859 1821 1017 1871 ‘neque
1037 1816 1180 1857 aetate,
1221 1820 1359 1861 neque
1397 1806 1587 1862 ingenio,

150 1877 290 1918 neque
323 1865 580 1905 auctoritate
614 1864 691 1905 sim
728 1879 826 1905 cum
857 1864 924 1915 iis,
947 1864 1020 1919 qui
1044 1864 1234 1915 sedeant,
1256 1863 1587 1927 comparandus.

151 1919 314 1961 Omnes
337 1921 452 1961 enim
476 1921 535 1972 hi,
556 1936 663 1976 quos
686 1921 840 1963 videtis
873 1897 1049 1962 adesse
1040 1935 1084 1961 m
1115 1921 1196 1963 hac
1219 1935 1361 1971 causa,
1384 1920 1588 1975 injuriam

150 1991 266 2019 novo
289 1978 445 2019 scelere
464 1978 697 2020 conflatam
730 1987 884 2035 putant
906 1988 1105 2034 oportere
1126 1978 1325 2019 defendi:
1357 1977 1587 2018 defendere

150 2034 234 2090 ipsi
265 2046 441 2091 propter
471 2035 746 2090 iniquitatem
769 2046 1012 2091 temporum
1044 2050 1131 2076 non
1151 2036 1324 2077 audent.
1358 2034 1418 2076 ita
1440 2034 1504 2084 fit,
1539 2042 1588 2074 ut

148 2091 307 2142 adsint,
342 2101 569 2148 plopterea
589 2093 705 2148 quod
727 2094 921 2134 officium
945 2102 1207 2149 sequuntur3
1240 2102 1411 2133 taceant
1442 2101 1586 2132 autem

149 2148 327 2201 idcirco,
356 2165 459 2205 qula
489 2150 726 2206 periculum
758 2158 972 2191 metuunt.
1033 2150 1152 2197 Quid
1190 2152 1323 2205 ergo?
1355 2148 1625 2198 audacissi-23

149 2220 245 2247 mus
267 2220 349 2262 ego
381 2221 435 2247 ex
458 2207 686 2248 omnibus?
717 2207 910 2248 minime.
944 2215 989 2248 at
1020 2216 1143 2248 tanto
1176 2184 1425 2257 offiDciosior,
1456 2219 1586 2260 quam

147 2263 308 2305 ceteri?
339 2278 392 2305 ne
426 2264 548 2305 istius
577 2264 752 2319 quidem
786 2264 921 2306 laudis
960 2264 1022 2305 ita
1052 2279 1146 2305 sum
1179 2264 1376 2320 cupidus,
1410 2272 1458 2303 ut
1493 2262 1586 2303 aliis

150 2334 245 2361 eam
269 2330 526 2377 praereptam
557 2321 700 2362 velim.
761 2321 874 2368 Quae
895 2336 964 2362 me
994 2322 1128 2378 igitur
1158 2336 1222 2363 res
1245 2329 1401 2377 praeter
1421 2329 1585 2361 (metelos

149 2377 336 2441 impulit,
367 2389 416 2419 ut
446 2393 619 2419 causam
659 2378 761 2419 Sex.
795 2378 940 2421 Roscii
973 2380 1235 2444 reciperem?
1277 2392 1393 2433 quia,
1426 2377 1461 2417 si
1490 2376 1586 2432 quis

150 2435 330 2476 istorum
352 2435 547 2487 dixisset,
569 2450 677 2490 quos
709 2435 863 2476 videtis
894 2436 1086 2486 adesse,
1077 2451 1121 2477 m
1152 2436 1308 2491 quibus
1328 2449 1494 2475 summa
1512 2443 1695 2479 au-p-19-

150 2492 328 2533 ctoritas
366 2502 431 2534 est
461 2502 590 2548 atque
619 2492 882 2548 amplitudo,
914 2493 948 2535 si
980 2494 1158 2534 verbum
1191 2492 1244 2533 de
1276 2491 1497 2547 republica
1524 2490 1628 2532 fest·

148 2549 292 2600 cisset,
316 2549 356 2590 id
391 2550 539 2605 quod
530 2565 574 2590 m
605 2549 685 2591 hae
716 2565 845 2592 causa
877 2550 968 2591 fieri
994 2564 1167 2591 necesse
1188 2559 1272 2601 est;
1305 2548 1441 2589 multo
1463 2548 1587 2604 plura

149 2605 324 2657 dixisse,
347 2621 476 2662 quam
498 2607 693 2658 dixisset,
717 2616 958 2662 putat-:etur
991 2621 1074 2663 ego
1097 2607 1265 2648 etiamsi
1295 2607 1454 2657 omnia,
1485 2620 1620 2665 quae3

148 2661 331 2704 dicenda
369 2673 482 2715 sunt,
520 2663 652 2705 libere
689 2664 857 2714 dixero,
898 2679 1169 2720 nequaquam
1208 2674 1351 2705 tamen
1390 2662 1586 2704 similiter

150 2720 288 2760 oratio
311 2735 405 2761 mea
426 2721 559 2772 exire,
582 2729 711 2777 atque
733 2722 776 2762 in
810 2721 961 2778 vulgus
993 2736 1191 2763 emanare
1213 2721 1386 2779 poterit.
1417 2719 1585 2769 deinde,

168 2883 178 2912 l
197 2881 294 2914 Credo
309 2883 380 2924 ego]
399 2883 537 2916 Videtur
552 2885 585 2915 in
601 2883 663 2916 hoc
678 2884 808 2916 exordio
824 2885 973 2916 imitatus
988 2893 1055 2925 esse
1071 2884 1202 2916 initium
1219 2883 1407 2916 Archidami
1422 2881 1584 2913 Isocratis.
