1907 3231
604 122 724 161 PRO
750 123 798 159 A.
829 120 1154 158 CLUENTIO.
1527 123 1603 158 565

150 229 334 286 dignum
354 243 448 271 esse
480 227 661 278 facinus,
686 228 718 268 si
744 236 913 268 senator
936 225 1106 282 judicio
1134 238 1394 280 quemquam
1418 225 1604 266 circum-

143 288 329 339 venerit,
352 286 519 343 legibus
550 300 649 325 eum
682 285 841 326 teneri:
875 285 907 325 si
939 298 1067 339 eques
1102 282 1325 322 Romanus
1372 283 1455 323 hoc
1488 283 1601 323 idem

152 344 318 396 fecerit,
341 359 427 385 non
460 343 610 384 teneri.
673 343 733 384 Ut
758 343 836 383 tibi
869 342 1118 390 concedam,
1144 339 1225 379 hoc
1248 339 1475 395 indignum
1497 354 1603 390 esse,
1621 348 1693 380 146

151 402 287 457 (quod
311 401 553 457 cujusmodi
580 401 649 450 sit,
673 401 768 456 jam
790 400 970 451 videro)
994 409 1038 439 tu
1062 397 1168 438 mihi
1193 397 1405 438 concedas
1431 411 1604 438 necesse

153 468 234 509 est,
257 460 394 500 multo
418 473 509 499 esse
539 457 776 513 indignius,
800 458 844 498 in
875 471 925 498 ea
956 457 1147 506 civitate,
1169 457 1209 485 45
1222 469 1318 509 quae
1350 454 1519 510 legibus
1542 464 1605 495 te-

152 526 319 566 neatur,
349 516 513 557 discedi
545 531 570 556 a
599 515 783 572 legibus.
846 514 948 555 Hoc
981 514 1096 555 enim
1131 512 1348 554 vinculum
1380 520 1445 552 est
1475 510 1604 566 hujus
1619 536 1650 566 b·

152 573 396 630 dignitatis,
424 588 509 629 qua
539 573 721 614 fruimur
756 573 799 613 in
831 571 1066 628 republica,
1090 571 1172 611 hoc
1202 569 1531 610 fundamentum
1557 568 1606 609 li-

149 631 346 682 bertatis,
372 631 443 672 hic
473 630 574 683 fons,
599 631 832 686 aequitatis.
865 644 1000 680 menS,
1024 639 1067 670 et
1091 628 1274 679 animus,
1297 636 1341 667 et
1362 625 1607 677 consilium,

152 698 197 729 et
231 688 445 730 sententia
479 689 685 741 civitatis,
716 688 858 745 posita
890 695 955 727 est
992 687 1035 727 in
1075 686 1258 742 legibus.
1320 684 1382 726 Ut
1425 698 1608 740 corpora

149 754 298 787 nostra
331 746 422 787 sine
461 755 634 798 mente;
667 747 728 787 sic
758 744 910 785 civitas
944 744 1034 784 sine
1065 744 1173 799 lege,
1209 742 1294 782 suis
1326 742 1535 798 partibuS,
1559 749 1607 782 ut

147 804 306 854 nervis,
339 819 388 846 ac
423 804 647 860 sanguine,
677 812 721 844 et
749 801 972 851 membris,
996 801 1057 841 uti
1091 815 1180 841 non
1216 809 1375 855 potest.
1438 800 1605 855 Legum

146 861 350 913 ministri,
382 862 694 917 magistratus:
736 859 880 915 legum
916 858 1186 913 interpretes,
1213 856 1412 912 judices:
1457 857 1603 913 legum

150 918 336 974 (lenique
359 919 521 960 idcirco
545 932 693 959 omnes
725 917 835 958 servi
860 930 1021 966 sumus,
1045 925 1092 956 ut
1114 914 1236 955 liberi
1259 928 1351 954 esse
1376 914 1601 971 possimus.

151 976 269 1022 Quid
295 985 374 1027 est,
408 977 465 1023 Q.
490 976 624 1025 Naso,
648 990 724 1016 cur
754 975 795 1005 46
809 982 854 1014 tu
887 974 930 1014 in
962 973 1045 1013 isto
1077 973 1173 1017 loco
1205 971 1380 1014 sedeas?
1417 987 1515 1027 quse
1538 972 1691 1021 visi-17

148 1043 227 1085 est,
250 1049 335 1090 qua
365 1035 441 1074 abs
466 1043 506 1074 te
538 1033 582 1073 hi
608 1032 795 1088 judices,
819 1031 892 1072 tali
926 1031 1140 1087 dignitate
1163 1029 1350 1087 praediti,
1373 1030 1604 1071 co'eicean-

147 1093 249 1132 tur?
282 1106 356 1132 vos
390 1100 549 1142 autem,
577 1090 763 1146 judices,
789 1090 1072 1144 quamobrem
1104 1103 1159 1129 ex
1192 1098 1280 1128 tam
1312 1101 1471 1143 magna
1493 1086 1604 1128 mu]-

146 1148 335 1194 titudine
357 1149 519 1189 civium
543 1158 631 1189 tam
655 1148 779 1204 pauci
804 1147 857 1188 de
879 1146 1104 1187 hominum
1129 1145 1314 1186 fortunis
1338 1145 1599 1186 sententiam

144 1205 294 1248 fertis?
325 1221 411 1262 quo
436 1206 537 1261 jure
572 1205 734 1255 Attius,
758 1220 855 1260 quae
887 1204 1039 1254 voluit,
1062 1204 1210 1244 dixit?
1253 1217 1329 1243 cur
1362 1202 1470 1243 mihi
1494 1211 1604 1243 tam-

144 1263 220 1304 diu
244 1273 435 1320 potestas
458 1264 629 1305 dicendi
652 1264 805 1304 datur?
829 1262 932 1317 quid
956 1262 1037 1302 sibi
1062 1270 1207 1301 autem
1231 1260 1289 1301 illi
1309 1261 1477 1311 scribae,
1497 1260 1601 1315 quid

146 1320 335 1372 lictores,
369 1321 473 1377 quid
505 1321 652 1372 ceteri,
683 1335 790 1376 quos
824 1334 1030 1376 apparere
1064 1318 1165 1359 huic
1203 1317 1435 1373 quaestioni
1460 1318 1602 1368 video,

146 1379 327 1421 volunt?
359 1380 514 1435 opinor
544 1379 641 1419 haec
673 1378 818 1418 omnia
849 1378 943 1433 lege
976 1377 1082 1427 fieri,
1115 1386 1343 1430 totumque
1374 1375 1458 1416 hoc
1483 1374 1605 1430 judi-

147 1436 264 1478 cium
298 1444 366 1490 (ut
400 1446 526 1477 antea
559 1436 672 1485 dixi)
695 1436 813 1490 quasi
838 1438 878 1469 ⁴7
897 1444 1042 1475 mente
1074 1434 1259 1488 quadam
1290 1433 1381 1489 regi
1417 1432 1539 1489 legiS,
1561 1443 1606 1473 et

144 1494 452 1535 administrari.
515 1493 633 1539 Quid
665 1506 769 1548 ergo
801 1495 893 1534 est?
926 1492 1020 1532 haec
1043 1491 1228 1546 quaestio
1252 1490 1342 1530 sola
1364 1491 1424 1530 ita
1447 1491 1604 1546 guber-

145 1554 301 1593 natur?
323 1552 427 1606 quid
452 1550 519 1591 M.
545 1550 738 1591 Plaetorii
762 1559 805 1590 et
826 1549 878 1590 C.
904 1548 1104 1590 Flaminii
1137 1549 1249 1588 inter
1272 1548 1475 1590 sicarios?
1498 1547 1603 1603 quid

146 1608 198 1650 C.
224 1609 425 1650 Orchinii
458 1608 706 1665 peculatus?
737 1611 777 1639 48
789 1607 892 1663 quid
916 1607 1085 1655 meade
1109 1605 1302 1661 pecuniis
1325 1605 1600 1661 repetundis?

141 1667 248 1722 quid
272 1667 324 1708 C.
348 1665 543 1722 Aquillii,
567 1666 680 1722 apud
712 1680 841 1721 quem
874 1679 988 1705 nunc
1011 1666 1051 1698 49
1066 1663 1118 1705 de
1149 1663 1318 1704 ambitu
1342 1678 1471 1705 causa
1491 1662 1600 1704 dici-

142 1727 242 1766 tur?
273 1724 377 1780 quid
418 1724 592 1779 reliquae
630 1723 921 1778 quaestiones?
975 1720 1312 1777 Circumspicite
1345 1735 1493 1762 omnes
1517 1719 1601 1760 rei-

143 1782 332 1838 publicae
364 1791 535 1837 partes:
569 1781 717 1822 omnia
745 1781 891 1837 legum
927 1779 1109 1836 imperio
1143 1788 1186 1819 et
1221 1778 1475 1835 praescripto
1510 1778 1597 1819 fieri

143 1840 363 1881 videbitis.
426 1839 471 1881 Si
504 1839 600 1895 quis
631 1838 745 1894 apud
777 1853 846 1879 me
870 1847 926 1888 te,
949 1837 1000 1878 T.
1024 1836 1134 1887 Atti,
1158 1850 1278 1877 reum
1301 1835 1404 1877 velit
1433 1835 1686 1887 facere3143

140 1898 315 1948 clames,
335 1907 378 1937 te
400 1897 495 1953 lege
518 1897 798 1953 pecuniarum
821 1895 1156 1951 repetundarum
1179 1909 1263 1935 non
1291 1893 1440 1934 teneri.
1460 1907 1600 1948 neque

141 1955 238 1997 haec
262 1964 335 1995 tua
357 1955 569 1996 recusatio
592 1953 808 1996 confessio
842 1954 898 1994 sit
932 1961 1072 2010 captae
1096 1952 1308 2009 pecuniae,
1332 1951 1405 1992 sed
1427 1950 1601 2004 laboris,

140 2123 180 2150 ut
202 2120 382 2158 negotium,
406 2119 444 2150 de
468 2129 514 2150 re.
544 2128 604 2149 nec
631 2119 664 2149 in
694 2117 845 2149 formulis
888 2121 990 2155 terat,
1004 2127 1079 2147 eum
1102 2116 1227 2147 sederet
1242 2116 1276 2147 in
1290 2114 1451 2146 tribunali
1465 2119 1500 2145 et
1514 2123 1599 2154 prae·

139 2162 352 2203 popularibus
397 2162 495 2192 nimis
540 2161 638 2192 verba
668 2160 847 2202 premenda

140 2209 231 2235 sunt.

182 2249 223 2278 45
252 2257 323 2287 quoe
350 2247 474 2286 legibus
496 2246 662 2286 teneatur]
689 2247 742 2276 Sic
765 2246 846 2276 Mss.

138 2298 176 2321 et
197 2289 270 2320 edd.
291 2294 372 2320 vett.
395 2289 606 2320 Recentiores
628 2290 847 2325 contineatur,

141 2342 216 2372 quae
240 2337 291 2363 est
312 2331 545 2372 interpretatio
570 2332 659 2362 verbi
683 2335 847 2368 teneatur,

140 2376 219 2415 quia
233 2375 313 2406 alias
329 2375 453 2414 legibus
477 2375 579 2405 teneri
598 2374 695 2405 aliter
715 2374 846 2404 dicitur.

141 2417 205 2448 Sed
219 2419 324 2448 teneri
337 2418 440 2448 etiam
461 2427 521 2457 pro
543 2418 700 2447 contineri
714 2416 846 2447 dieitur.

139 2469 171 2490 v.
187 2460 281 2491 Clav.

184 2503 227 2533 46
250 2507 286 2533 tu
311 2503 347 2533 in
369 2503 430 2533 isto
445 2504 510 2533 loco
523 2501 647 2541 sedeas]
673 2501 726 2531 Sic
740 2505 790 2531 est
810 2501 844 2531 iu

143 2545 216 2576 edd.
231 2555 279 2586 pr.
296 2545 384 2576 Med.
398 2545 514 2577 Lamb.
532 2549 631 2576 recte.
655 2544 716 2574 Ed.
730 2543 846 2573 Juntae

140 2588 178 2617 in
204 2590 262 2618 hoc
285 2589 361 2618 loco.
375 2588 461 2618 male
477 2593 595 2618 ceterae
616 2588 652 2616 in
678 2588 734 2617 hoc
759 2591 846 2616 se.rto

144 2631 221 2667 loeo,
236 2630 323 2669 quod
339 2630 468 2661 nullum
483 2640 616 2661 sensum
632 2630 742 2659 habet.
760 2629 845 2659 male

142 2672 303 2703 Gruterus
316 2673 351 2702 in
360 2673 511 2703 omnibus
524 2672 687 2703 veteribus
700 2671 770 2702 odd.
780 2681 848 2701 e=se

142 2714 233 2746 dicit.
279 2715 457 2752 Victorius,
471 2716 527 2755 qui
542 2716 610 2755 ipse
625 2714 726 2744 edidit
741 2715 775 2743 in
790 2715 849 2743 isto

141 2758 220 2794 loco,
236 2757 381 2787 defendit
395 2758 472 2788 Var.
488 2758 527 2788 L.
541 2757 667 2794 XXIV,
683 2759 713 2787 2.
736 2757 772 2786 in
787 2758 844 2786 hoc

139 2805 229 2831 sexto
243 2802 318 2836 loeo,
332 2804 366 2830 et
382 2800 422 2830 ad
434 2801 583 2831 ordinem
598 2799 730 2830 sedendi
743 2800 843 2840 perti-

141 2851 219 2873 nere
233 2843 323 2872 dicit.
368 2842 431 2873 Sed
444 2844 615 2882 quaesitor,
630 2843 684 2882 qui
705 2846 775 2872 erat
791 2841 844 2872 hic

141 2884 244 2924 Naso,
260 2885 424 2926 quomodo
446 2891 538 2917 sexto
559 2885 631 2917 loco
653 2884 764 2916 sedere
786 2894 844 2924 po-

891 2159 1011 2190 sideret
1026 2160 1038 2190 ?

933 2206 972 2236 47
998 2206 1104 2232 mente
1127 2200 1412 2242 quadam—Iegis]
1432 2200 1511 2231 Non
1534 2198 1595 2229 du-

891 2244 960 2275 bito
977 2247 1047 2284 lege
1061 2245 1283 2281 scribendum,
1298 2250 1338 2274 ut
1352 2249 1387 2274 et
1401 2243 1457 2273 alii
1470 2241 1596 2283 judica·

891 2292 982 2324 runt,
998 2298 1116 2327 nempe
1137 2292 1272 2328 propter
1284 2286 1421 2318 verbum
1435 2285 1595 2325 quadam,

892 2329 978 2370 quod
1001 2331 1026 2360 si
1050 2330 1189 2367 abesset,
1202 2329 1337 2369 vulgata
1358 2335 1445 2358 stare
1461 2331 1570 2367 posset
1586 2339 1593 2357 :

880 2371 1063 2413 judicium,
1088 2374 1181 2412 quasi
1210 2376 1316 2403 mente
1340 2370 1498 2411 quadam,
1523 2370 1596 2408 regi

890 2417 960 2454 lege
975 2419 1005 2445 et
1020 2415 1109 2445 adm.

932 2461 973 2488 43
996 2458 1075 2497 quid
1096 2467 1169 2487 mea
1191 2457 1230 2486 de
1246 2456 1397 2497 pecuniis
1417 2453 1533 2495 repet]
1551 2453 1597 2484 At

890 2500 1006 2530 Cicero
1021 2506 1092 2531 erat
1115 2504 1238 2540 praetor
1259 2500 1418 2529 urbanus.
1464 2496 1597 2526 Scilicet

888 2543 1055 2573 interdum
1078 2548 1201 2582 praetor
1222 2543 1368 2572 urbanus
1390 2539 1490 2570 etiam
1507 2548 1596 2578 quae-

888 2586 1031 2616 stionem
1056 2585 1200 2623 aliquam
1228 2584 1383 2620 habebat,
1409 2588 1449 2612 ut
1477 2581 1594 2612 Verres

889 2628 1005 2658 habuit
1018 2628 1111 2658 Verr.
1127 2627 1155 2663 Ι,
1170 2628 1222 2658 60.

931 2673 972 2704 49
996 2671 1034 2700 de
1055 2671 1182 2700 ambitu
1210 2680 1238 2699 e.
1264 2669 1310 2708 εἰ]
1337 2668 1389 2698 Sic
1413 2666 1484 2697 edd.
1511 2671 1593 2697 vett.

892 2722 959 2743 non
974 2713 1129 2748 anabuns,
1150 2712 1237 2751 quod
1258 2718 1307 2742 cst
1331 2711 1371 2741 ab
1393 2719 1502 2740 errore
1517 2719 1595 2749 ope·

888 2765 999 2786 rarum
1014 2760 1137 2785 ortum.
1151 2755 1189 2784 (Ie
1201 2755 1344 2785 ambitus
1358 2762 1460 2783 causa
1475 2753 1594 2789 dicere,

888 2808 928 2828 ne
944 2798 1046 2828 latine
1070 2797 1199 2837 quidem
1217 2797 1349 2827 dicitur.
1396 2795 1429 2824 Si
1444 2795 1519 2825 iibri
1538 2794 1596 2823 ha-

887 2841 1004 2871 bereut
1029 2850 1082 2880 ap.
1095 2849 1189 2879 quem
1214 2849 1304 2870 nune
1325 2838 1470 2870 ambitus
1491 2845 1594 2867 caum

889 2884 1023 2921 dicitur,
1041 2883 1228 2924 probarem.

800 2942 926 2979 003
