1907 3231
298 119 348 155 24
885 116 1134 155 ORATIO

303 218 446 260 mandi
468 218 551 260 mei
573 232 701 260 causa
721 218 858 261 dixit:
881 229 925 261 et
946 219 1200 269 mehercule,
1219 216 1253 260 si
1275 218 1383 260 nihil
1399 219 1573 269 diceret,
1594 217 1726 260 tacito

304 276 396 331 ipso
418 274 563 318 officio
581 285 624 317 et
646 275 803 327 studio,
821 277 936 331 quod
955 276 1142 318 habebat
1163 290 1265 331 erga
1283 276 1569 332 propinquum
1589 289 1728 326 suum,

257 333 494 387 nquam-is
520 343 825 374 commoveret.
887 333 1073 383 Etenim,
1095 347 1192 374 cum
1224 332 1379 373 artifex
1411 333 1623 388 ejusmodi
1657 332 1728 382 sit,

302 399 350 430 ut
371 389 482 431 solus
504 388 660 430 dianus
683 389 867 432 videatur
904 405 1008 440 csse,
1031 390 1102 445 qui
1135 390 1178 429 in
1209 403 1336 430 scena
1367 399 1605 446 spectetur:
1638 398 1730 430 tum

303 446 366 487 vir
388 424 598 502 ejus-nmili
621 457 699 497 est,
722 457 770 487 ut
791 447 903 488 solus
926 446 1081 502 dignus
1106 445 1311 497 videatur,
1331 447 1404 501 qui
1425 461 1476 487 eo
1499 461 1584 488 non
1608 459 1729 488 aece—
1772 489 1778 494 ,

302 503 390 544 dat.
440 503 757 555 Verumtamen,
778 503 882 559 quid
905 504 955 554 si,
978 503 1131 558 inquit,
1155 503 1285 544 habes
1307 503 1517 558 ejusmodi
1541 517 1729 552 causam,

303 570 351 600 ut
375 560 455 602 hoc
479 560 556 600 tibi
589 560 760 615 planum
785 561 839 601 sit
861 559 1119 611 faciendum,
1142 561 1354 601 neminem
1377 575 1481 610 esse,
1499 560 1572 615 qui
1596 560 1733 615 possit.

309 617 454 667 biduo,
474 627 546 658 aut
569 631 782 658 summum
803 617 958 667 triduo,
978 617 1251 673 septingenta
1267 617 1399 658 millia
1421 631 1619 674 passuum
1642 630 1732 657 am-

241 676 295 719 79
310 673 478 715 bulare?
511 684 707 715 tamenne
730 674 898 725 vereris,
921 683 970 715 ut
999 674 1134 730 possis
1162 673 1256 715 liaec
1277 683 1428 715 contra
1448 673 1733 715 Hortensium

307 730 589 772 contendere?
621 731 811 781 minime,
833 731 1023 786 inquam.
1084 731 1166 772 Sed
1189 730 1291 785 quid
1315 730 1356 771 id
1379 731 1430 773 ad
1453 733 1569 772 rem?
1599 729 1735 771 8ἳΝἰ-

305 788 475 837 mirum,
500 786 652 843 inquit,
675 789 719 828 in
740 802 790 829 eo
813 803 941 829 causa
961 788 1175 830 consistit.
1209 787 1468 835 Quomodo?
1501 787 1644 830 Docet
1663 801 1733 828 me

304 844 517 900 ejusmodi
549 859 652 896 rem,
674 854 718 886 et
740 844 901 887 factum
924 845 1050 887 simul
1072 847 1173 886 Sex.
1199 845 1356 895 Naevii,
1379 844 1510 900 quod,
1532 845 1565 886 si
1596 843 1734 886 solum

306 900 580 957 proferretur,
602 903 703 943 satis
725 917 814 943 esse
837 902 1025 944 deberet.
1087 902 1217 949 Quod
1239 903 1314 943 abs
1340 912 1395 952 te,
1419 901 1471 942 C.
1493 900 1670 957 Aquilli,
1691 909 1736 942 et

307 974 333 999 a
356 959 491 1010 vobis,
513 959 586 1014 qui
616 959 772 1000 adestis
795 960 838 1000 in
861 959 1055 1011 consilio,
1077 973 1239 1015 quaeso‚
1263 969 1309 1000 ut
1341 958 1570 1023 diligenter
1598 966 1737 999 atten-

305 1016 430 1056 datis.
461 1015 655 1072 profecto
686 1015 948 1072 intelligetis,
974 1016 1090 1057 illinc
1119 1017 1173 1058 ab
1197 1016 1320 1057 initio
1342 1016 1625 1072 cup1ditatem
1658 1029 1738 1071 pu·-

306 1087 457 1128 gnasse
478 1082 522 1113 et
543 1073 792 1124 audaciam3
822 1073 923 1114 hinc
947 1074 1169 1114 veritatem
1190 1083 1234 1114 et
1256 1073 1477 1129 pudorem,
1498 1072 1640 1128 quoad
1659 1086 1738 1128 po-

307 1130 450 1180 tuerit,
474 1130 691 1170 restitisse.
753 1129 877 1171 Bona
898 1130 1102 1185 postulas,
1125 1140 1172 1170 ut
1201 1144 1255 1171 ex
1278 1130 1421 1171 edicto
1445 1129 1659 1186 possidere
1688 1128 1739 1170 li-

308 1196 416 1227 ceat.
439 1201 524 1242 quo
546 1185 639 1228 die?
662 1196 703 1228 te
724 1186 878 1242 ipsum,
895 1187 1037 1238 Naevi,
1058 1187 1153 1228 volo
1176 1186 1342 1228 audire:
1365 1186 1477 1238 volo,
1498 1186 1739 1228 inauditum

307 1242 488 1294 facinus,
512 1243 658 1299 ipsiu5‚
681 1245 755 1300 qui
779 1244 820 1284 id
843 1244 1075 1294 commisit,
1098 1258 1202 1285 voce
1224 1244 1440 1286 convinci.
1473 1242 1573 1294 Dic,
1597 1242 1740 1294 Naevi‚

308 1300 437 1341 diem.
481 1299 595 1341 Ante
615 1300 649 1340 V
678 1300 859 1342 Kalend.
879 1301 1163 1342 intercalares.
1196 1301 1313 1343 Bene
1334 1301 1442 1356 agis.
1461 1314 1591 1356 quam
1611 1299 1740 1356 longe

309 1367 373 1398 est
407 1357 507 1398 hinc
542 1357 585 1398 in
620 1357 773 1399 saltum
810 1367 996 1399 vestrum
1031 1358 1331 1400 Gallicanum?
1364 1358 1506 1409 Naevi,
1542 1367 1584 1398 te
1618 1371 1741 1414 rogo.

314 1427 404 1455 ncc
428 1414 560 1455 millia
583 1430 796 1470 passuum.
842 1415 1034 1472 Optime.
1075 1415 1142 1457 De
1165 1415 1272 1457 saltu
1295 1414 1496 1470 dejicitur
1519 1414 1742 1461 Quintius.

310 1486 396 1527 quo
417 1472 512 1512 die?
544 1487 767 1527 possumus
790 1472 873 1514 hoc
894 1487 1066 1528 quoque
1094 1487 1148 1514 ex
1175 1484 1217 1514 te
1249 1473 1425 1514 audire?
1457 1471 1574 1519 Quid
1599 1474 1741 1513 taces?

311 1529 395 1579 dic,
418 1529 607 1583 inquam,
629 1530 757 1571 diem.
777 1530 910 1585 pudet
927 1530 1082 1571 dicere.
1144 1530 1370 1586 Intelligo:
1404 1544 1548 1571 verum
1568 1538 1612 1570 et
1633 1543 1742 1580 sero,

311 1595 355 1626 et
386 1586 669 1640 nequicquam
702 1589 847 1643 pudet.
870 1587 1071 1641 dejicitur
1099 1587 1151 1628 de
1184 1587 1307 1638 saltu,
1332 1586 1384 1629 C.
1407 1586 1584 1643 Aquilli,
1606 1585 1744 1642 pridie

315 1642 496 1683 Kalend.
520 1644 803 1685 intercalares.
827 1645 958 1685 biduo
982 1654 1092 1700 post,
1115 1655 1189 1685 aut
1211 1654 1258 1686 ut
1291 1644 1435 1685 statim
1462 1644 1514 1685 de
1536 1643 1635 1698 jure
1668 1643 1745 1684 ali-

314 1700 409 1755 quis
431 1702 678 1752 cucurrerit,
701 1716 785 1742 non
819 1710 910 1742 toto
934 1702 1075 1743 triduo
1100 1716 1190 1744 nce
1225 1702 1357 1743 millia
1388 1715 1588 1757 passuum
1609 1699 1756 1749 confi-ff

251 1757 502 1802 sociuntur.
564 1758 603 1798 O
626 1773 713 1799 rem
746 1759 1062 1800 incredibilem!
1087 1774 1112 1800 o
1143 1759 1423 1814 cupiditatem
1458 1757 1746 1799 inconsidera-

318 1816 428 1855 tam!
462 1831 486 1855 ο
521 1816 719 1856 nuntium
758 1816 997 1857 volucrem!
1031 1815 1286 1857 Administri
1324 1826 1366 1856 et
1408 1814 1609 1856 satellites
1643 1814 1760 1860 Sex.¹

318 1871 460 1912 Naevii
502 1872 644 1913 Roma
681 1882 794 1914 trans
832 1873 964 1930 Alpes
1002 1873 1047 1914 in
1086 1874 1344 1914 Sebusianos
1385 1872 1515 1914 biduo
1553 1871 1746 1913 veniunt.

207 1944 238 1972 r·
257 1928 359 1969 15«Ο
384 1928 600 1970 hominem
631 1929 911 1982 fortunatum,
941 1931 1015 1986 qui
1044 1930 1255 1986 ejusmodi
1286 1930 1475 1981 nuntios,
1499 1944 1572 1971 seu
1603 1929 1748 1985 potius

236 1984 303 2057 0³·
322 1984 506 2042 Pegasos
539 1986 711 2028 habeat.
774 1987 862 2029 Hic
891 2002 987 2044 ego,
1013 1988 1047 2028 si
1072 1987 1213 2029 Crassi
1246 2002 1393 2029 omnes
1423 2001 1522 2029 cum
1543 1985 1747 2028 Antoniis

236 2017 305 2071 *6
318 2043 540 2093 exsistant,
572 2044 605 2084 si
640 2054 701 2095 tu,
726 2044 775 2085 L.
801 2044 1016 2101 Pliilippe,
1043 2045 1116 2100 qui
1149 2045 1257 2086 inter
1292 2045 1384 2086 illos
1417 2044 1613 2095 florebas,
1635 2042 1747 2086 hanc

318 2114 488 2141 eausam
525 2101 638 2141 voles
668 2116 767 2142 cum
806 2101 1042 2143 Hortensio
1074 2102 1228 2154 dicere,
1264 2110 1405 2143 tamen
1441 2101 1634 2157 superior
1668 2100 1748 2141 sim

320 2171 489 2198 necesse
530 2168 608 2198 est.
671 2159 770 2199 Non
812 2159 942 2210 enim,
985 2159 1346 2214 quemadmodum
1388 2159 1563 2216 putatis,
1603 2158 1766 2199 omnia.

321 2225 418 2255 sunt
441 2215 482 2255 in
506 2214 763 2270 eloquentia.
785 2225 850 2257 est
867 2217 1064 2271 quaedam
1087 2226 1229 2258 tamen
1253 2217 1313 2258 ita
1334 2216 1559 2272 perspicua
1579 2214 1749 2266 veritas,

257 2283 303 2318 531
324 2282 368 2311 nt
389 2286 481 2312 eam
506 2272 718 2314 infirmare
740 2273 855 2314 nulla
873 2288 940 2314 res
964 2275 1111 2330 possit.
1166 2274 1237 2315 An
1259 2284 1486 2329 antequam
1509 2271 1750 2329 postulasti,

323 2338 373 2380 nt
390 2329 502 2369 bona
526 2330 775 2384 possidcr·eS‚
792 2330 962 2382 misisti,
985 2331 1057 2387 qui
1080 2342 1291 2382 curarent,
1310 2331 1578 2376 utdominus
1598 2329 1651 2371 de
1671 2343 1749 2370 suo

323 2385 455 2426 fundo
481 2401 505 2426 a
534 2401 609 2426 sua
639 2387 801 2428 familia
826 2388 865 2429 vi
888 2387 1169 2442 dejiceretur?
1200 2388 1466 2430 Utrumlibet
1494 2387 1620 2444 elige.
1646 2386 1750 2428 alte-

323 2457 415 2482 rum
438 2442 684 2485 incredibile
706 2455 793 2487 est:
825 2444 1003 2486 alterum
1025 2445 1261 2487 nefarium:
1293 2454 1335 2487 et
1356 2456 1455 2486 ante
1477 2445 1560 2486 hoc
1582 2453 1751 2500 tempus

323 2508 548 2553 utrumque
581 2501 834 2542 inauditum.
894 2503 1178 2559 Septingenta
1195 2502 1328 2544 millia
1357 2516 1556 2558 passuum
1575 2501 1638 2542 vis
1659 2512 1751 2542 esse

324 2556 501 2596 decursa
531 2557 688 2599 biduo?
719 2558 802 2600 dic.
834 2562 992 2616 negas?
1023 2570 1121 2601 ante
1154 2560 1286 2616 igitur
1315 2560 1483 2600 misisti.
1517 2557 1644 2599 malo.
1704 2556 1751 2598 Si

325 2613 438 2653 enim
467 2613 566 2654 illud
589 2615 775 2667 diceres;
807 2616 1001 2673 improbe
1031 2616 1202 2658 mentiri
1225 2617 1392 2658 videre:
1423 2631 1522 2658 cum
1544 2615 1627 2656 hoe
1648 2628 1752 2655 con-

367 2727 406 2757 32
429 2726 615 2763 Nimirum,
630 2728 650 2756 i.
674 2729 696 2757 i.
718 2739 744 2759 e.
759 2740 784 2759 c.
807 2730 848 2769 c.]
874 2729 1015 2769 Quidam
1057 2740 1130 2761 rum
1154 2735 1216 2767 est,
1230 2729 1383 2770 explicari
1403 2729 1455 2760 hic
1471 2728 1610 2769 aliquid:
1635 2728 1670 2758 in
1689 2736 1753 2766 quo

324 2768 397 2797 libri
412 2778 472 2798 scr.
487 2775 519 2799 et
531 2769 602 2799 edd.
614 2776 651 2799 ut
667 2770 704 2800 R.
717 2770 771 2801 ΒΓ.
790 2774 877 2802 1480.
894 2772 928 2802 P.
944 2772 1015 2802 Ma·
1059 2773 1230 2810 nimirum,
1245 2778 1294 2804 est
1307 2773 1440 2803 verbum
1453 2772 1633 2813 proprium,
1645 2774 1685 2802 ut
1695 2770 1754 2800 sci·

326 2815 396 2839 nut.
423 2813 510 2840 1540.
527 2812 584 2841 διο.
606 2810 727 2842 habent
748 2812 914 2850 Νὺηὲιυη,
930 2814 1017 2853 quod
1060 2816 1143 2846 licet.

323 2851 467 2884 defendit
493 2853 734 2885 Hotomannus.
778 2855 919 2887 Frustra.
943 2855 1017 2888 cla-
