1907 3231
593 95 735 153 JN-L2
759 93 1117 134 CATILINAM.
1500 102 1576 141 673

123 199 214 242 tulo
244 216 288 243 se
314 200 475 242 habere
507 200 560 242 ad
589 200 826 241 Catilinam
851 199 1055 250 mandata
1087 208 1130 240 et
1153 199 1331 251 litteras,
1356 209 1403 242 ut
1426 215 1573 243 servo-

121 272 216 299 rum
258 259 461 314 praesidio
505 267 710 309 uteretur,
747 268 790 299 et
831 258 884 300 ad
923 257 1072 298 urbem
1112 258 1430 313 quamprimum
1467 274 1566 301 curn

115 317 312 357 exercitu
343 316 592 357 accederet:
627 315 668 356 id
701 326 844 356 autem
877 329 928 356 eo
959 313 1156 364 consilio,
1188 325 1250 364 ut,
1282 329 1380 355 cum
1415 317 1563 358 urbem

114 374 317 414 omnibus
351 388 405 414 ex
438 373 647 429 partibus,
669 372 1034 427 quemadmodum
1067 371 1331 426 descriptum
1355 372 1562 414 distribu-

115 438 295 485 tumque
325 440 430 479 erat,
453 430 759 482 incendissent,
782 430 1032 485 caedemque
1068 428 1282 470 infinitam
1313 429 1476 470 civium
1498 431 1562 472 fe-

111 487 292 528 cissent:
325 497 484 542 praesto
515 496 626 528 esset
658 487 740 539 ille,
772 488 846 543 qui
877 496 921 528 et
952 486 1167 543 fugientes
1196 485 1432 541 exciperet,
1450 497 1494 528 et
1516 503 1560 529 se

110 558 211 585 cum
253 543 320 584 his
349 544 524 586 urbanis
556 545 738 586 ducibus
769 544 1069 601 conjungeret.
1132 542 1374 585 Introducti
1414 552 1594 586 autern9

111 600 567 657 Galli,jusjurandum
599 602 680 643 sibi
712 611 754 642 et
784 601 947 643 litteras
979 617 1003 643 a
1037 601 1086 642 Ρ.
1112 600 1311 652 Lentulo,
1343 601 1558 658 Cethego,

109 657 282 700 Statilio
305 660 357 700 ad
382 674 499 701 suam
522 670 695 715 gentem
717 659 837 701 datas
860 674 951 700 esse
975 659 1208 700 dixerunt:
1240 668 1370 714 atque
1393 659 1453 699 ita
1474 660 1556 700 sibi

108 716 164 756 ab
187 715 253 757 his
275 727 317 757 et
339 731 364 756 a
386 717 436 758 L.
453 712 604 758 Cassio
625 731 716 757 esse
741 717 1055 772 praescriptum,
1078 725 1125 756 ut
1146 716 1386 771 equitatum
1405 716 1448 756 in
1469 715 1558 758 Itu-

104 771 206 814 liam
230 775 547 830 quamprimum
571 774 818 814 mitterent:
853 775 1068 829 pedestres
1091 773 1174 814 sibi
1197 774 1344 829 copias
1375 788 1461 814 non
1483 775 1557 815 de-

106 830 297 873 futuras:
324 831 553 872 Lentulum
567 841 711 872 autem
734 831 816 871 sibi
839 831 1116 871 confirmasse
1132 844 1185 870 ex
1208 829 1309 871 fatis
1331 830 1555 886 Sibyllinis

105 889 438 944 aruspicumque
471 888 700 945 responsiS,
726 902 769 928 se
799 902 891 929 esse
921 889 1096 929 tertium
1131 887 1248 927 illum
1287 888 1555 941 Cornelium,

104 945 161 986 ad
195 960 324 1001 quem
355 960 534 1002 regnum
577 944 706 1001 hujus
747 945 864 986 urbis
905 954 1035 1000 atque
1068 944 1295 1001 imperium
1330 947 1554 1002 pervenire

101 1012 215 1044 esset
235 1017 437 1045 necesse:
471 1003 659 1044 Cinnam
690 1014 790 1043 ante
823 1017 867 1043 se
896 1012 939 1044 et
973 1002 1134 1043 Sullam
1159 1002 1314 1044 fuisse:
1347 1003 1553 1045 eundem-

100 1074 184 1115 que
214 1060 390 1111 dixisse,
421 1059 596 1101 fatalem
628 1060 742 1101 hunc
773 1074 865 1101 esse
895 1075 1055 1101 annum
1079 1060 1131 1101 ad
1163 1059 1386 1101 interitum
1422 1060 1551 1116 hujus

102 1117 220 1158 urbis
242 1127 372 1172 atque
395 1117 581 1174 imperii,
603 1118 676 1172 qui
700 1127 811 1158 esset
833 1118 1026 1159 decimus
1049 1132 1187 1158 annus
1211 1127 1310 1173 post
1334 1118 1551 1174 virginum

98 1173 431 1226 absolutionem,
454 1184 554 1231 post
573 1175 780 1232 Capitolii
810 1185 955 1216 autem
986 1175 1277 1216 incensionem
1304 1175 1547 1218 vicesimus.

101 1230 233 1273 Hanc
256 1241 400 1273 autem
424 1232 624 1289 Cethego
654 1247 752 1274 cum
784 1233 937 1274 ceteris
967 1232 1306 1273 controversiam
1330 1232 1460 1274 fuisse
1482 1235 1546 1275 di·
1562 1238 1613 1270 10

98 1299 286 1332 xerunt:
309 1290 426 1345 quod
451 1290 634 1331 Lentulo
665 1301 709 1332 et
739 1289 848 1341 aliis,
873 1293 909 1321 ¹5
927 1290 1092 1331 caedem
1115 1289 1414 1331 Saturnalibus
1438 1290 1545 1342 fieri,

96 1355 227 1402 atque
271 1348 422 1388 urbem
452 1348 624 1389 incendi
659 1348 875 1405 placeret3
918 1347 1118 1404 Cethego
1156 1347 1339 1388 nimium
1372 1348 1414 1390 id
1451 1348 1544 1389 lon-

95 1418 201 1459 gum
228 1405 265 1435 16
279 1405 427 1447 videri.
485 1404 567 1456 Ac,
598 1420 652 1446 ne
683 1406 861 1461 longum
893 1405 962 1455 sit,
995 1405 1203 1456 Quirites,
1236 1404 1413 1446 tabellas
1444 1404 1590 1462 pro-5

100 1461 199 1502 ferri
223 1460 449 1517 jussimus,
479 1477 576 1517 quae
609 1478 634 1503 a
662 1476 835 1518 quoque
865 1462 1122 1503 dicebantur
1157 1462 1286 1503 datae.
1348 1462 1543 1505 Primum

95 1519 364 1560 ostendimus
392 1519 591 1575 Cethego
623 1520 819 1576 signum:
854 1520 1078 1575 cognovit.
1111 1534 1188 1560 nos
1219 1519 1355 1560 linum
1389 1520 1543 1562 incidi-

92 1590 217 1618 mus:
249 1576 448 1633 legimus.
510 1577 615 1619 Erat
646 1578 851 1633 scriptum
881 1577 1062 1634 l7ipsius
1093 1591 1222 1617 manu
1254 1576 1542 1633 Allobrogum

95 1634 263 1675 senatui
297 1644 341 1676 et
379 1634 557 1691 populo,
589 1650 694 1685 sese,
716 1650 814 1690 quae
856 1649 1005 1676 eorum
1040 1634 1194 1690 legatis
1227 1634 1539 1687 confirmasset,

93 1705 186 1732 esse
209 1691 450 1734 facturum:
484 1707 618 1742 orare,
649 1703 698 1732 ut
730 1693 831 1733 item
867 1691 926 1733 illi
958 1692 1163 1743 facerent,
1182 1707 1279 1747 quae
1301 1693 1385 1733 sibi
1407 1692 1536 1749 legati
1551 1711 1582 1742 p.
1604 1705 1671 1733 113.

92 1762 242 1790 eorum
264 1750 541 1805 recepissent.
601 1749 712 1791 Tum
736 1749 973 1805 CetheguS,
996 1750 1069 1805 qui
1094 1749 1236 1805 paullo
1255 1759 1355 1790 ante
1377 1750 1539 1806 aliquid
1552 1756 1584 1775 a·

93 1805 146 1846 de
169 1805 323 1862 gladiis
345 1821 394 1848 ac
426 1807 540 1858 sicis,
571 1822 669 1863 quae
692 1808 807 1863 apud
838 1808 979 1863 ipsum
1007 1817 1130 1848 erant
1159 1807 1453 1863 deprehensae,
1476 1823 1540 1848 re-

94 1864 355 1919 spondisset,
395 1864 677 1920 dixissetque,
716 1879 760 1906 se
801 1880 968 1920 semper
1012 1866 1224 1906 bonorum
1257 1863 1539 1906 ferramento—

93 1934 189 1961 rum
212 1921 452 1963 studiosum
476 1921 621 1974 fuisse,
643 1923 835 1963 recitatis
859 1922 1012 1964 litteris
1034 1922 1284 1963 debilitatus
1311 1932 1441 1977 atque
1464 1924 1540 1964 ab-

86 1977 248 2032 jectus,
291 1979 560 2022 conscientia
596 1981 837 2032 convictus,
880 1990 1057 2036 repente
1097 1979 1326 2021 conticuit.
1396 1979 1540 2021 Intro-

91 2035 248 2077 ductus
277 2036 489 2088 Statilius,
512 2038 722 2094 cognovit
744 2042 778 2070 18
797 2038 969 2094 signum
991 2048 1034 2078 et
1057 2052 1231 2078 manum
1255 2052 1391 2078 suam.
1470 2039 1541 2078 {e-

91 2092 238 2135 citatae
271 2103 371 2135 sunt
402 2095 570 2137 tabellae
602 2096 645 2136 in
676 2096 855 2137 eandem
880 2096 968 2136 fere
999 2095 1284 2136 sententiam:
1318 2094 1540 2135 consessus

88 2160 168 2192 est.
229 2149 341 2192 Tum
372 2153 541 2194 ostendi
564 2152 741 2194 tabellas
770 2153 982 2195 Lentulo:
1015 2164 1059 2194 et
1080 2152 1278 2209 quaesivi,
1301 2166 1540 2208 cognosce-

87 2263 240 2289 creasset.
286 2260 323 2291 Id
347 2261 482 2292 verbum
505 2261 610 2292 visum
630 2262 792 2293 efficacius
829 2264 977 2303 placeret
990 2276 998 2291 .·
1023 2262 1131 2292 nescio
1161 2271 1203 2292 an
1232 2261 1400 2292 viderefur
1428 2261 1540 2301 legen—

89 2306 151 2338 est,
179 2312 278 2341 quam
304 2313 363 2343 pro
392 2303 487 2344 hujus
511 2304 574 2335 loci
602 2305 766 2335 sententia
781 2316 791 2343 ;
835 2305 913 2335 dum
927 2306 980 2335 sit.
1027 2305 1060 2335 Si
1085 2305 1178 2334 nulla
1204 2311 1289 2334 esset
1306 2303 1381 2333 talis
1402 2308 1540 2344 conjun-

88 2343 200 2383 itaque
227 2344 336 2384 glossa
365 2347 533 2385 recepisset
566 2347 705 2387 praelata
732 2352 791 2378 est.
836 2348 916 2384 ctio,
929 2348 1011 2378 nihil
1027 2347 1211 2386 elegantius
1228 2347 1325 2377 foret.

86 2385 151 2416 Sed
165 2386 211 2416 sic
224 2393 259 2417 et
275 2388 389 2418 Cicero
409 2388 493 2420 dixit
506 2389 535 2419 T
538 2399 604 2419 usc.
621 2389 649 2426 1,
665 2392 715 2420 ⁶24.
729 2391 792 2420 col·
880 2393 916 2424 17
928 2391 1028 2430 ipsius
1039 2400 1141 2420 manu
1151 2390 1537 2429 Allobrogam—papulo,

87 2429 168 2466 legit
181 2429 226 2458 se*
238 2434 269 2459 et
291 2432 463 2461 recreavit.
508 2431 578 2469 Nec
596 2442 672 2462 vero
687 2433 788 2463 credi·
831 2432 909 2471 sese]
922 2433 974 2463 Sit·
989 2433 1232 2472 interpungunt
1243 2430 1313 2461 edd.
1326 2441 1374 2471 piu
1387 2438 1422 2460 ut
1432 2431 1470 2461 R.
1484 2432 1536 2461 ΒΓ.

85 2469 151 2500 bile
166 2475 229 2508 est,
251 2483 268 2502 e
284 2475 464 2512 recepisset,
481 2474 566 2513 quod
588 2480 637 2504 est
653 2475 788 2505 verbum
831 2474 920 2505 Med.
935 2476 1020 2505 male
1034 2475 1230 2504 res-entiores
1248 2483 1349 2504 ηιαηιι
1362 2487 1372 2506 ,·
1396 2474 1436 2504 A.
1453 2475 1534 2505 item

85 2511 121 2542 in
135 2511 197 2544 hae
208 2523 241 2545 re
251 2515 460 2546 notissimum
475 2522 507 2546 et
521 2517 787 2556 usitatissimum,
831 2519 934 2558 recepi
953 2528 1029 2548 cum
1045 2517 1173 2546 Graevio
1187 2522 1262 2556 post
1275 2518 1466 2555 ret-epissent
1476 2527 1534 2556 pro

86 2554 201 2588 fecisse
213 2566 310 2596 quem
324 2563 512 2589 recreasset.
824 2561 1064 2600 prm-epissent,
1093 2559 1180 2598 quod
1207 2568 1338 2600 prorsus
1376 2564 1425 2589 est
1455 2559 1534 2590 alie—-

134 2599 169 2628 15
184 2599 300 2629 caedem
318 2599 472 2641 Samma]
495 2601 547 2632 Sic
561 2601 722 2632 Gruterus
736 2602 786 2633 edi
831 2611 922 2633 num.

83 2638 234 2673 volebat:
258 2651 367 2682 operae
389 2653 456 2674 non
479 2653 629 2683 paruere,
645 2650 679 2674 et
695 2650 787 2675 vetus
859 2648 861 2651 '
878 2648 912 2675 18
935 2646 1070 2682 signum
1087 2649 1118 2674 et
1135 2653 1273 2675 manum
1288 2643 1399 2683 suum]
1418 2643 1474 2672 Sic
1484 2642 1534 2674 ed.

86 2681 202 2712 dedere
228 2682 300 2713 Sat.
318 2685 446 2716 Aedem.
460 2686 544 2717 illud
569 2692 603 2716 et
628 2686 662 2717 in
678 2687 727 2717 ed.
747 2687 787 2718 R.
830 2687 882 2717 W.
900 2687 986 2726 quod
1009 2686 1138 2722 melius,
1155 2696 1253 2726 quam
1276 2685 1364 2726 quod
1378 2696 1416 2716 ex
1431 2685 1482 2715 ed.
1500 2686 1536 2715 R.

86 2722 143 2754 Br.
160 2724 248 2755 Med.
261 2725 335 2758 Ald.
351 2727 413 2758 hoe
429 2729 561 2770 repetiit
575 2728 752 2760 Victorius.
830 2729 890 2761 ΒΓ.
920 2729 1007 2760 Med.
1044 2730 1134 2759 venit
1170 2736 1308 2759 manum
1345 2733 1376 2758 et
1405 2729 1538 2766 signum

133 2767 175 2814 16.
185 2767 304 2807 videri]
321 2769 486 2809 Quoniam
507 2772 569 2801 hoc
584 2771 622 2801 de
639 2772 788 2811 Cethego
832 2782 941 2803 snum.
987 2771 1121 2812 Reperit
1138 2776 1172 2801 et
1194 2771 1227 2801 in
1242 2771 1322 2802 Mss.
1338 2770 1491 2802 Muretus
1506 2773 1540 2799 et

85 2808 298 2840 manifestam
313 2811 414 2843 habet
428 2815 697 2853 conjunctionem
713 2825 789 2845 cum
833 2815 942 2845 Graev.
976 2815 1032 2846 Sic
1045 2820 1094 2846 est
1109 2820 1143 2845 et
1154 2823 1243 2845 mox.

84 2851 370 2892 antecedentibus,
394 2857 479 2897 quod
491 2856 633 2890 Lenttuo
659 2862 690 2889 et
715 2859 791 2889 aliis

144 2907 254 2937 VOL.
281 2909 336 2938 11.
799 2915 829 2942 X
859 2914 888 2940 X
