1907 3231
295 138 372 172 342
807 136 871 174 IN
910 136 1192 174 VERREM

297 244 363 279 set
393 253 436 279 se
465 238 608 280 dicere
643 240 810 291 emisse,
844 239 1124 296 Archagatho
1159 240 1355 296 imperat,
1378 247 1426 280 ut
1457 237 1617 294 aliquid
1641 237 1738 289 illis,

297 310 481 350 quoru-m
512 307 740 352 argentum
769 298 922 347 fuerat,
945 297 1278 347 nummulorum,
1302 297 1408 337 dicis
1438 311 1580 346 causa,
1601 296 1735 337 daret.

298 352 474 397 ¹Invenit
506 352 809 410 Archagathus
843 368 1018 409 paucos,
1050 354 1120 409 qui
1146 354 1302 395 vellent
1325 355 1543 410 accipere:
1577 352 1642 393 his
1665 352 1738 394 de-

298 409 377 451 dit.
438 410 524 451 Eos
557 426 755 452 nummos
785 420 929 451 tamen
970 410 1050 451 iste
1090 410 1371 466 Archagatho
1411 426 1496 451 non
1536 409 1737 450 reddidit.

299 467 451 508 Voluit
475 468 627 509 Romae
652 476 795 524 petere
827 465 1151 523 Archagathus3
1192 468 1273 509 Cn.
1309 468 1513 509 Lentulus
1552 465 1741 507 Marcel-

300 524 413 565 linus
448 525 662 575 dissuasit,
696 524 808 565 sicut
837 524 977 580 ipsum
1010 525 1151 567 dicere
1182 525 1376 566 audistis.
1438 537 1619 566 RECITA
1653 536 1739 563 AR-

242 585 563 623 54CHAGATH1
591 595 649 622 ET
675 595 892 622 LENTULI
925 595 1301 623 TESTIMONIUM.
1365 582 1434 634 Et,
1457 597 1509 622 ne
1531 581 1641 622 forte
1660 580 1739 621 ho-

301 639 459 680 minem
500 637 757 679 existimetis
805 639 916 680 hanc
960 648 1125 680 tantam
1164 640 1251 680 vim
1297 640 1604 680 emblematum
1649 637 1740 678 sine

299 710 430 737 causa
450 709 702 735 coacervare
725 694 924 747 voluisse,
946 696 1103 748 videte,
1127 696 1277 752 quanti
1300 711 1391 747 vos,
1413 696 1563 752 quanti
1585 694 1736 736 existi-

298 752 533 793 mationem
567 753 715 809 populi
750 752 953 805 Romani,
983 755 1133 809 quanti
1165 754 1280 810 leges
1312 762 1355 793 et
1380 753 1562 808 judicia,
1588 751 1739 807 quanti

300 813 342 843 70
356 819 484 849 testes
505 808 672 850 Siculos
702 811 1080 866 negotiatoresque
1110 811 1274 852 fecerit.
1336 810 1624 865 Posteaquam
1646 817 1741 849 tan-

300 874 390 906 tam
413 866 733 907 multitudinem
752 867 983 924 collegerat
1003 869 1324 917 emblematum,
1348 876 1396 908 ut
1415 881 1469 908 ne
1491 881 1620 907 unum
1645 865 1741 920 qui-

301 923 400 964 dem
422 923 624 978 cuiquam
645 924 909 980 1·eliquisset;
939 926 1128 967 instituit
1148 930 1185 960 71
1202 925 1421 966 officinam
1453 923 1674 979 Syracusis
1697 923 1742 962 in

301 981 423 1036 regia
443 982 694 1022 maximam.
758 981 905 1023 Palam
925 983 1110 1024 artifices
1133 997 1296 1034 omnes,
1319 982 1555 1032 caelatores,
1577 995 1626 1021 ac
1646 994 1742 1020 vas-

259 1038 486 1078 neuim-ios
508 1039 738 1080 convocari
754 1038 907 1094 jubet:
939 1049 982 1080 et
1011 1041 1102 1096 ipse
1135 1055 1232 1080 suos
1265 1039 1505 1095 complures
1537 1037 1741 1080 habebat.

303 1094 368 1135 Eo
391 1095 596 1136 conducit
613 1110 816 1152 magnam
839 1096 1063 1137 hominum
1085 1097 1420 1138 multitudinem.
1443 1110 1610 1136 menses
1641 1102 1742 1135 octo

301 1152 531 1193 continuos
554 1167 662 1208 opus
684 1153 751 1194 his
781 1169 869 1195 non
902 1154 1055 1206 defuit,
1076 1169 1175 1195 cum
1205 1169 1278 1194 vas
1302 1153 1465 1194 nullum
1495 1152 1630 1204 fieret,
1657 1150 1742 1192 nisi

301 1223 492 1250 aureum.
551 1208 663 1250 Tum
686 1210 771 1262 illa,
792 1226 846 1252 ex
869 1211 1037 1268 patellis
1068 1220 1112 1253 et
1131 1211 1328 1252 turibulis
1350 1225 1448 1266 quae
1471 1209 1657 1260 vellerat,
1681 1209 1742 1249 ita

303 1266 409 1307 scite
438 1267 483 1306 in
517 1267 654 1308 aureis
689 1268 853 1324 poculis
886 1269 1096 1326 illigabat,
1128 1269 1189 1310 ita
1210 1276 1311 1325 apte
1332 1268 1377 1308 in
1407 1266 1582 1323 scyphis
1603 1265 1741 1307 aureis

300 1323 565 1375 includebat,
587 1332 635 1365 ut
657 1339 705 1365 ea
727 1326 780 1366 ad
798 1324 914 1367 illam
935 1341 1024 1368 rem
1042 1336 1145 1367 nata
1162 1341 1252 1367 esse
1274 1325 1457 1366 diceres:
1489 1325 1581 1380 ipse
1599 1332 1743 1364 tamen

303 1389 481 1436 praetor,
503 1381 576 1436 qui
609 1397 685 1423 sua
718 1383 942 1439 vigilantia
973 1398 1122 1441 pacem
1152 1384 1196 1424 in
1227 1382 1375 1424 Sicilia
1402 1381 1509 1423 dicit
1531 1381 1676 1431 fuisse,
1699 1379 1743 1420 in

304 1438 387 1479 hac
409 1438 584 1480 officina
603 1440 812 1495 majorem
846 1451 1011 1497 partem
1043 1441 1127 1481 diei
1157 1456 1256 1482 cum
1278 1439 1426 1480 tunica
1456 1438 1572 1495 pulla
1600 1437 1746 1478 sedere

221 1499 253 1546 2
261 1497 294 1546 5
308 1495 472 1536 solebat
489 1505 532 1536 et
550 1496 694 1551 pallio.
757 1497 868 1539 Haec
889 1513 987 1554 ego,
1003 1498 1188 1553 judices,
1210 1512 1296 1539 non
1316 1497 1515 1538 auderem
1537 1494 1744 1552 proferre,

245 1570 296 1605 55
309 1552 353 1593 ni
377 1566 555 1604 vererer,
576 1568 631 1593 ne
662 1553 774 1595 forte
796 1555 918 1610 plura
938 1556 990 1596 de
1013 1556 1094 1596 isto
1127 1557 1182 1596 ab
1205 1555 1296 1596 aliis
1320 1555 1363 1595 in
1385 1567 1594 1604 sermone,
1615 1566 1743 1608 quam

310 1625 335 1650 a
355 1624 424 1650 me
453 1609 685 1664 injudicio
711 1613 878 1652 audisse
912 1628 988 1653 vos
1019 1613 1233 1653 diceretis.
1294 1611 1404 1658 Quis
1432 1611 1546 1651 enim
1569 1619 1647 1660 est,
1669 1608 1744 1664 qui

311 1667 365 1707 de
387 1666 468 1708 hac
490 1667 679 1719 officina,
710 1669 784 1724 qui
816 1670 868 1710 de
898 1669 1009 1710 vasis
1041 1670 1193 1720 aureis,
1225 1669 1298 1724 qui
1329 1671 1369 1702 72
1382 1669 1435 1709 de
1455 1667 1578 1708 istius
1604 1666 1749 1723 pallio,

310 1724 460 1765 tunica
479 1724 608 1780 pulla,
631 1740 716 1766 non
741 1726 952 1768 audierit?
984 1727 1124 1773 Quem
1149 1726 1264 1767 voles
1287 1726 1339 1766 de
1368 1733 1584 1766 conventu
1617 1723 1748 1779 Syra-

312 1795 570 1822 cusanorum
592 1783 732 1823 virum
756 1784 932 1835 bonum,
948 1785 1195 1824 nominato:
1228 1783 1479 1839 producam.
1502 1796 1630 1822 nemo
1652 1780 1749 1832 erit,

248 1848 299 1883 56
311 1838 415 1894 quin
442 1838 525 1879 hoc
559 1853 602 1879 se
635 1848 710 1881 aut
744 1841 913 1892 vidisse,
944 1851 1019 1882 aut
1040 1841 1208 1881 audisse
1229 1841 1359 1882 dicat.
1421 1839 1461 1881 O
1483 1847 1693 1894 tempora,
1721 1852 1747 1878 o

308 1896 469 1937 mores!
519 1896 627 1936 nihil
656 1897 839 1938 nimium
870 1907 992 1939 vetus
1023 1897 1253 1954 proferam.
1315 1898 1426 1938 Sunt
1455 1895 1748 1950 vestrum,ju-

308 1953 440 2003 dices,
464 1952 792 2008 aliquammulti,
810 1956 885 2010 qui
906 1956 954 1996 L.
977 1955 1178 1996 Pisonem
1202 1963 1514 2011 cognoverunt,
1546 1952 1674 2008 hujus
1698 1952 1749 1993 L.

310 2009 497 2060 Pisonis,
519 2011 591 2065 qui
617 2022 776 2066 praetor
795 2012 892 2063 fuit,
915 2026 1095 2069 patrem.
1156 2013 1199 2053 Is
1220 2027 1319 2053 cum
1341 2021 1453 2052 esset
1474 2011 1518 2051 in
1533 2009 1749 2066 Hispania

308 2075 484 2123 praetor,
502 2082 586 2122 qua
605 2068 647 2108 in
673 2070 897 2124 provincia
918 2071 1086 2111 occisus
1107 2082 1185 2119 est,
1208 2069 1353 2110 nescio
1372 2083 1458 2124 quo
1478 2076 1621 2124 pacto,
1643 2067 1749 2108 dum

310 2125 438 2165 armis
460 2135 699 2177 exercetur,
717 2126 898 2167 annulus
917 2142 1083 2178 aureus,
1106 2142 1230 2182 quem
1257 2126 1458 2176 habebat,
1480 2125 1640 2166 fractus
1671 2132 1751 2175 est,

309 2191 354 2222 et
386 2181 692 2224 comminutus.
753 2183 866 2225 Cum
897 2185 1072 2225 Tssvellet
1099 2185 1179 2225 sibi
1201 2183 1407 2225 annulum
1429 2183 1583 2233 facere,
1606 2181 1751 2222 aurifi-

310 2254 404 2279 cem
421 2239 553 2293 jussit
575 2240 716 2280 vocari
746 2241 789 2281 in
821 2242 931 2292 foro,
953 2243 1005 2283 ad
1039 2242 1198 2291 sellam,
1224 2241 1456 2291 Cordubae,
1478 2250 1521 2281 et
1549 2241 1587 2280 ei
1610 2239 1752 2295 palam

311 2296 519 2352 appendit
554 2312 719 2339 aurum.
750 2298 971 2340 hominem
994 2299 1038 2340 in
1071 2299 1165 2340 foro
1195 2298 1340 2339 sellam
1363 2297 1492 2353 jubet
1512 2310 1687 2353 ponere,
1705 2305 1750 2336 et

355 2413 396 2443 70
417 2414 510 2440 testes
526 2410 591 2441 Sic.
614 2413 901 2452 negotiatoresque]
928 2413 1008 2444 Mss.
1094 2416 1134 2448 72
1157 2414 1195 2443 tle
1222 2414 1317 2444 istius
1342 2412 1561 2443 tunica—non
1590 2409 1748 2448 audierit]

312 2451 430 2482 Lanib.
446 2458 480 2482 ct
504 2453 583 2491 Reg.
613 2454 731 2484 Graevii
755 2459 859 2491 testes,
887 2455 1011 2487 Siculos
1052 2455 1179 2496 Nempe
1208 2456 1339 2486 habitus
1367 2455 1421 2485 ille
1444 2462 1578 2492 graecus.
1607 2452 1659 2481 hic
1682 2452 1750 2491 ple-

314 2498 420 2531 negot.
435 2494 530 2533 idque
540 2495 647 2534 placet
659 2497 798 2535 utrique.
815 2498 1013 2529 nialedestes·
1054 2498 1144 2528 beius
1173 2509 1210 2528 ac
1236 2498 1395 2533 sordidus,
1425 2495 1567 2533 adeoque
1597 2493 1752 2533 indignus

317 2535 422 2565 Siculi
437 2544 515 2567 sunt
537 2542 571 2566 ct
588 2538 676 2573 alibi,
700 2544 734 2567 et
757 2540 856 2568 Siculi
872 2550 890 2569 a
914 2550 1012 2578 neg-o·
1056 2540 1211 2570 Praetore.
1224 2551 1253 2570 v.
1267 2541 1291 2570 si
1307 2539 1410 2575 lubet,
1434 2537 1489 2567 Or.
1506 2538 1539 2567 in
1553 2537 1665 2567 Vatin.
1682 2536 1751 2566 Ho-

314 2579 503 2615 tiatoribus,
538 2579 593 2618 qui
613 2584 691 2610 sunt
718 2581 873 2618 Romani,
897 2581 1013 2612 distin-
1055 2588 1138 2613 tom.
1151 2582 1191 2612 ad
1206 2583 1238 2612 h.
1252 2582 1273 2612 l.
1304 2583 1354 2613 De
1370 2579 1468 2620 pallio
1483 2581 1583 2609 etiam
1596 2579 1752 2608 Africano

314 2625 473 2659 guuntur·
1052 2625 1219 2663 objectum
1232 2634 1289 2665 per
1302 2621 1551 2658 contumeliam,
1562 2632 1592 2651 ν.
1610 2621 1681 2651 Liv.
1696 2622 1749 2658 29,

359 2665 373 2695 7
386 2665 394 2691 l
435 2662 601 2702 offic-inam
640 2663 812 2702 Syracusis
844 2666 879 2694 in
916 2667 1012 2704 regia
1058 2670 1104 2701 19.

315 2705 511 2734 mavimam.
537 2705 661 2734 Palam
678 2707 750 2745 ἅμ]
778 2707 829 2736 Sic
846 2708 926 2738 bene
941 2718 1011 2738 cor·
1096 2712 1135 2742 73
1151 2710 1245 2738 vellet
1259 2709 1318 2738 sibi
1330 2705 1629 2746 annnlumfttcere]
1655 2704 1747 2735 Idem

316 2746 399 2776 rexit
422 2751 455 2775 et
479 2747 685 2785 interpunxit
700 2749 864 2778 Grauius:
889 2750 934 2780 sic
949 2750 1011 2780 Gu.
1055 2756 1104 2781 est
1125 2761 1161 2781 ac
1183 2751 1207 2779 si
1231 2749 1469 2791 ‹lixissetfierit
1492 2746 1750 2788 diciturfacere,

313 2787 343 2817 V
345 2787 412 2827 ulg.
436 2788 623 2827 Syracusis:
637 2790 671 2819 in
686 2792 813 2830 regiam
829 2793 1012 2823 maximam
1054 2794 1109 2833 qui
1122 2793 1192 2823 fieri
1207 2798 1311 2825 curat.

308 2831 427 2868 palam
445 2831 502 2861 διο.
518 2831 639 2871 inepte.
