1907 3231
380 130 457 164 686
899 125 1149 163 ORATIO
1176 122 1244 161 IV.

375 237 519 271 tamen
543 244 734 270 meorum
753 229 1038 286 periculorum
1061 227 1247 268 rationes
1270 224 1431 267 utilitas
1453 223 1701 281 reipublicae
1718 223 1810 264 vin-

375 298 461 328 cat.
526 287 747 328 Habemus
769 288 882 328 enim
914 301 939 326 a
972 286 1022 325 C.
1047 285 1233 334 Caesare,
1255 284 1367 324 sicut
1389 282 1527 338 ipsius
1558 281 1746 336 dignitas
1767 289 1811 321 et

377 344 591 398 majorum
622 344 714 398 ejus
745 343 984 399 amplitudo
1016 341 1275 396 postulabat,
1299 339 1569 389 sententiam,
1592 347 1810 393 tamquam

377 402 571 442 obsidem
593 411 809 456 perpetuae
834 401 876 439 in
899 398 1208 453 rempublicam
1231 396 1477 438 voluntatis.
1537 394 1809 436 Intellectum

379 467 456 509 est,
490 459 592 513 quid
626 457 793 497 intersit
815 455 974 495 lssinter
1003 454 1222 495 levitatem
1254 453 1622 502 concionatorum,
1649 461 1694 492 et
1720 451 1811 506 ani-

319 521 495 556 lomum
527 528 626 556 vere
669 512 931 568 popularem,
969 511 1093 552 saluti
1126 510 1274 567 populi
1305 510 1613 551 consulentem.
1673 508 1810 549 Video

376 573 430 613 de
461 573 566 621 istis,
589 571 661 624 qui
693 585 737 610 sc
768 569 993 624 populares
1025 568 1170 609 haberi
1196 567 1360 617 volunt,
1383 567 1529 608 abesse
1559 580 1646 607 non
1675 565 1812 606 nemi-

374 643 488 678 nem,
514 643 564 668 ne
586 629 638 667 de
665 626 806 682 capite
830 625 1028 666 videlicet
1049 625 1209 666 civium
1233 624 1531 665 Romanorum
1554 622 1812 664 sententiam

373 686 495 726 ferat.
520 686 553 724 is
573 694 616 724 et
637 683 945 724 nudiustertius
967 683 1011 723 in
1034 682 1278 722 custodiam
1295 681 1410 722 cives
1437 679 1657 721 Romanos
1676 679 1810 729 dedit,

372 754 416 782 et
446 741 805 796 supplicationem
844 739 949 780 mihi
993 738 1199 789 decrevit,
1229 749 1274 779 et
1305 737 1468 778 indices
1509 736 1708 777 hesterno
1742 736 1812 777 die

371 799 574 839 maximis
597 798 784 853 praemiis
805 796 965 837 affecit.
1022 796 1121 838 Jam
1143 795 1228 837 hoc
1245 794 1406 836 nemini
1427 793 1608 835 dubium
1638 802 1716 843 est,
1738 793 1812 848 qui

356 870 445 896 -reo
479 855 732 904 custodiam,
758 858 792 887 ¹9
809 853 1029 909 quaesitori
1053 853 1400 909 gratulationem,
1423 850 1812 906 indiciwpraemi‘um

373 913 578 962 decrevit,
609 912 712 966 quid
744 911 796 951 de
829 920 922 951 tota
952 925 994 952 re
1026 920 1068 951 et
1098 925 1228 951 causa
1251 908 1475 964 judicarit.
1534 906 1595 949 At
1625 921 1725 948 vero
1758 906 1811 948 C.

375 969 522 1010 Caesar
543 969 762 1024 intelligit,
785 967 924 1023 legem
947 967 1247 1022 Semproniam
1268 981 1358 1007 esse
1377 965 1430 1006 de
1459 965 1626 1006 civibus
1651 963 1813 1005 Roma-

372 1027 438 1067 nis
461 1027 768 1067 constitutam:
802 1025 874 1080 qui
908 1034 1050 1065 autem
1088 1023 1337 1079 reipublicae
1371 1022 1427 1063 sit
1458 1021 1609 1072 hostis,
1631 1024 1729 1061 eu'm
1751 1021 1812 1062 ci-

373 1098 470 1124 vem
503 1097 593 1123 esse
626 1083 741 1123 nullo
775 1082 903 1122 modo
935 1095 1083 1137 posse:
1114 1080 1300 1135 (lenique
1331 1080 1472 1136 ipsum
1499 1079 1678 1120 latorem
1706 1078 1813 1134 legis

376 1140 659 1195 Semproniae,
678 1139 895 1193 eoin-jussu
928 1137 1072 1194 populi
1099 1152 1251 1193 poenas
1272 1137 1521 1192 reipublicae.
1544 1135 1812 1192 dependisse-

376 1197 497 1238 Idem
518 1198 655 1252 ipsum
691 1195 919 1236 Lentulum
953 1195 1200 1251 largitorem
1233 1204 1276 1235 et
1298 1194 1543 1249 prodigum,
1563 1208 1651 1234 non
1674 1201 1812 1249 putat,

371 1269 470 1295 curn
508 1256 560 1295 de
592 1253 781 1309 pernicie
817 1252 965 1308 populi
999 1251 1203 1302 Romani,
1231 1251 1368 1292 exitio
1397 1250 1535 1306 hujus
1559 1250 1691 1300 urbis,
1723 1255 1813 1290 tam

372 1312 540 1362 acerbe,
571 1320 744 1365 tamque
777 1310 1005 1350 crudeliter
1033 1310 1253 1365 cogitarit,
1275 1308 1479 1364 appellari
1515 1310 1640 1363 posse
1672 1321 1812 1363 popu-

325 1370 357 1401 b.
372 1369 516 1409 larem.
561 1368 713 1422 Itaque
735 1367 866 1408 homo
888 1367 1140 1408 mitissimus
1160 1377 1289 1421 atque
1312 1365 1552 1406 lenissimus
1574 1379 1663 1405 non
1685 1364 1812 1405 dubi-

371 1439 434 1466 tat
458 1425 508 1466 P.
534 1425 764 1466 Lentulum
795 1425 965 1465 aeternis
1001 1423 1186 1465 tenebris
1211 1418 1477 1477 vinculisque
1512 1421 1735 1462 mandare:
1768 1430 1811 1461 et

370 1483 510 1523 sancit
538 1483 580 1523 in
614 1490 847 1537 posterum,
869 1495 922 1521 ne
953 1481 1048 1535 quis
1083 1480 1209 1535 hujus
1242 1479 1453 1535 supplicio
1483 1478 1665 1520 levando
1683 1477 1813 1534 seja-

371 1550 503 1589 ctare,
525 1549 568 1579 et
589 1539 634 1579 in
666 1538 855 1594 pernicie
885 1537 1034 1593 populi
1067 1537 1255 1578 Romani
1279 1536 1460 1592 posthac
1482 1534 1700 1592 popularis
1720 1549 1813 1576 esse

375 1598 527 1653 possit.
558 1596 759 1651 adjungit
789 1595 919 1635 etiam
951 1594 1289 1650 publicationem
1322 1594 1550 1645 bonorum,
1583 1595 1644 1633 ut>
1663 1606 1812 1633 omnes

373 1654 504 1694 animi
536 1653 751 1693 cruciatus
786 1662 830 1692 et
867 1652 1074 1708 corporis,
1106 1652 1236 1691 etiam
1278 1660 1445 1706 egestas
1474 1664 1526 1691 ac
1556 1649 1810 1690 mendicitas

373 1720 674 1765 consequatur.
1549 1741 1552 1744 .

326 1765 362 1818 6
433 1768 726 1814 Quamobrem
769 1765 858 1806 sive
889 1766 975 1806 hoc
1007 1764 1265 1815 statueritis3
1296 1762 1498 1805 dederitis
1534 1762 1643 1803 mihi
1675 1762 1810 1804 comi-

313 1843 357 1876 11
376 1835 461 1865 tem
491 1824 545 1865 ad
576 1823 845 1873 concionem,
867 1822 1079 1878 fflpopulo
1102 1836 1247 1863 carum
1280 1831 1408 1876 atque
1431 1820 1691 1876 jucundum.
1722 1820 1811 1860 sive

374 1882 507 1923 Silani
538 1880 793 1921 sententiam
830 1880 949 1934 sequi
977 1879 1241 1930 malueritis;
1272 1878 1397 1919 facilc
1432 1891 1499 1918 me
1531 1889 1659 1932 atque
1688 1891 1764 1918 vos
1787 1892 1811 1917 a

370 1938 634 1979 crudelitatis
666 1937 981 1993 vituperatione
1014 1936 1277 1987 defendetis3
1310 1945 1439 1991 atque
1470 1934 1694 1984 obtinebo,
1714 1948 1809 1975 eam

367 1996 506 2036 multo
529 1995 731 2036 leviorem
754 1994 901 2035 fuisse.
963 1994 1254 2048 Quamquam,
1278 2003 1419 2048 patres
1440 1991 1691 2047 conscripti,
1711 2006 1808 2046 quae

367 2062 512 2109 potest
530 2067 621 2093 esse
643 2052 687 2092 in
712 2051 819 2092 tanti
839 2049 1008 2092 sceleris
1031 2051 1298 2091 immanitate
1318 2049 1536 2106 punienda
1555 2048 1809 2090 crudelitas?

413 2195 449 2222 18
485 2192 572 2221 inter
615 2189 794 2230 levitatem]
833 2188 916 2220 Edd.
953 2188 1070 2229 prima’
1112 2187 1190 2218 dum
1204 2192 1254 2218 est
1266 2186 1394 2229 injussu
1402 2196 1437 2227 p.
1452 2196 1529 2217 nam
1540 2185 1720 2223 Gracchus,
1729 2186 1811 2226 legis

367 2234 531 2264 fluctuant
546 2235 635 2263 inter
657 2235 821 2263 levitatem
835 2236 870 2262 et
890 2233 1070 2262 lenitatem.
1112 2230 1208 2269 hujus
1221 2231 1320 2266 lator,
1346 2239 1413 2259 non
1429 2230 1530 2267 jussu
1543 2227 1669 2268 populi,
1683 2229 1738 2259 sed
1753 2238 1811 2268 per

369 2275 452 2306 illud
465 2277 536 2306 edd.
553 2277 592 2306 R.
606 2276 660 2305 W.
676 2278 766 2306 1480.
783 2273 855 2304 Ald.
870 2275 927 2304 διο.
938 2275 1000 2304 hoc
1014 2273 1069 2303 ΒΓ.
1112 2274 1178 2302 vim
1194 2283 1213 2302 a
1226 2273 1262 2303 P.
1273 2272 1395 2302 Nasica
1408 2271 1604 2301 interemtus
1617 2276 1680 2306 est,
1697 2276 1735 2301 ut
1748 2271 1811 2301 sci-

369 2328 478 2348 errore
491 2327 665 2358 operarum
681 2316 857 2356 frequenti.
870 2325 947 2346 nam
963 2315 1071 2354 sequi-
1111 2320 1175 2344 unt
1187 2324 1312 2345 omneS.
1343 2314 1451 2352 Atque
1465 2312 1527 2343 boc
1541 2311 1665 2343 addidit
1681 2313 1811 2349 Cicero,

368 2365 425 2390 tur
437 2360 516 2390 alias
530 2361 724 2391 Romanam.
771 2359 858 2388 Hine
875 2358 964 2388 Med.
981 2356 1067 2387 unde
1110 2362 1148 2386 ut
1163 2357 1420 2396 intelligeretur,
1433 2357 1534 2385 etiam
1549 2355 1606 2385 hos
1621 2357 1809 2394 conjuratos

368 2403 501 2442 praefert
528 2403 696 2433 Graevius:
720 2401 821 2431 etiam
845 2400 946 2430 tacite
966 2399 1068 2430 edidit
1111 2399 1236 2437 injussu
1252 2398 1364 2438 populi
1379 2397 1521 2428 interfici
1535 2405 1639 2437 posse.
1684 2398 1747 2427 Res
1763 2399 1810 2427 ita

367 2446 539 2475 Gruterus,
585 2444 647 2474 Sed
675 2445 840 2473 levitatem
864 2452 976 2472 verum
1005 2446 1068 2477 est,
1111 2440 1242 2471 evidens
1256 2445 1319 2476 est,
1333 2440 1419 2470 utin
1434 2443 1564 2469 textum
1581 2439 1723 2478 recipere
1739 2449 1812 2470 cor.

365 2496 438 2525 quae
480 2496 608 2526 semper
647 2484 858 2526 popularibus
897 2484 1068 2518 tribuitur,
1111 2483 1292 2513 rectionem
1307 2482 1394 2512 hane
1406 2490 1474 2511 non
1488 2480 1716 2512 dubitaverim.
1733 2481 1811 2512 Mu-

365 2538 532 2567 nunquam
548 2529 662 2558 lenitas
674 2540 682 2556 .·
697 2531 731 2557 et
746 2527 856 2557 animo
877 2536 952 2556 vere
968 2535 1071 2566 popu-
1114 2529 1203 2555 retus
1228 2530 1325 2565 putat
1347 2533 1454 2554 causae
1472 2522 1668 2553 servientem
1695 2523 1811 2554 dixisse

367 2571 433 2599 lari
465 2580 535 2600 non
564 2575 674 2611 potest
705 2569 828 2609 opponi
855 2569 984 2605 lenitas,
1001 2577 1071 2607 quae
1103 2567 1205 2608 jussu
1213 2567 1329 2607 populi
1342 2578 1352 2595 .·
1373 2566 1429 2596 sed
1444 2564 1615 2595 manifeste
1629 2564 1748 2596 falsum
1762 2566 1810 2596 di-

363 2622 429 2642 non
445 2617 494 2642 est
510 2613 543 2642 in
558 2613 650 2643 vitio.
1114 2619 1203 2645 cenS,
1219 2609 1307 2648 quod
1327 2617 1442 2638 omnes
1461 2607 1568 2637 sciant
1593 2605 1712 2638 falsum
1728 2617 1809 2646 esse,

410 2657 446 2687 19
468 2655 633 2693 quoesitorz·
653 2653 724 2693 ξπ]
752 2652 917 2693 Quoesitor
937 2651 991 2682 hic
1007 2652 1068 2681 im·
1114 2661 1181 2681 non
1195 2651 1293 2681 servit
1306 2659 1411 2680 causae
1425 2658 1503 2679 suae.

363 2697 494 2736 proprie
516 2695 647 2727 dicitur.
672 2706 747 2727 nam
767 2695 882 2725 Cicero
904 2703 970 2724 non
994 2698 1066 2724 erat
1150 2696 1186 2725 521
1207 2694 1327 2733 populo
1353 2690 1484 2729 carum]
1518 2690 1633 2721 Delevi
1664 2690 1812 2723 Romano

363 2740 531 2778 quaesitor,
547 2739 600 2777 qui
614 2739 743 2778 proprie
756 2736 885 2766 dicitur.
901 2737 977 2775 qnia
988 2746 1065 2766 con-
1108 2746 1147 2765 ex
1162 2735 1234 2765 edd.
1247 2735 1301 2765 w.
1322 2736 1413 2764 1480.
1435 2739 1470 2763 et
1491 2733 1666 2763 scholiaste
1688 2740 1810 2771 vetere,

356 2782 488 2818 juratos
515 2779 597 2810 dixit
622 2790 705 2817 reos,
723 2790 759 2810 se
781 2780 992 2818 quaesitorem
1008 2789 1066 2819 ap·
1109 2777 1195 2817 quod
1210 2778 1250 2807 ab
1274 2776 1307 2806 h.
1324 2776 1346 2806 l.
1371 2780 1420 2805 est
1445 2775 1601 2806 alienum.
1628 2775 1748 2806 Omisit
1760 2780 1810 2806 et-

363 2822 511 2862 pellavit.
1110 2820 1176 2851 iam
1192 2819 1293 2850 tacite
1307 2818 1465 2848 Graevius.

403 2866 445 2895 ‘20
456 2864 557 2905 jussu
575 2863 705 2904 popula]
724 2864 800 2894 Sine
815 2862 912 2893 dubio
927 2861 1069 2892 scriben-
