1907 3231
330 137 409 173 ⁵60
933 136 1179 175 ORATIO

327 239 540 281 censorias
562 240 896 297 subscriptiones
926 254 1072 282 omnes
1104 239 1211 279 fixas
1233 245 1276 279 et
1297 237 1338 279 in
1372 246 1626 295 perpetuum
1647 252 1757 283 ratas

330 305 452 352 putet
472 312 563 338 esse
581 300 800 354 oportere?

245 350 316 398 48
385 353 445 395 At
468 354 510 395 in
534 355 672 411 ipsum
704 354 879 395 Avitum
914 350 1320 393 animadverterunt.
1382 352 1556 394 Nullam
1584 354 1757 410 quidem

244 422 315 455 133
329 410 386 451 ob
405 411 729 467 turpitudinem,
760 410 922 450 nullum
944 410 1000 449 ob
1025 409 1156 448 totius
1178 408 1294 459 vitae,
1317 424 1403 450 non
1426 410 1566 451 dicam
1591 411 1757 463 vitium,

328 468 402 515 sed
425 479 624 509 erratum.
658 481 794 522 neque
815 466 930 505 enim
965 465 1047 505 hoc
1080 464 1253 505 homine
1275 467 1476 518 sanctior,
1498 481 1636 523 neque
1657 483 1758 524 pro-

327 525 436 577 bior,
459 540 596 580 neque
629 525 671 565 in
705 523 904 564 omnibus
938 521 1093 562 officiis
1128 521 1359 563 retinendis
1391 524 1640 580 diligentior
1667 540 1759 567 esse

324 583 550 638 quisquam
565 589 727 637 potest:
758 593 896 633 neque
919 578 977 619 illi
994 578 1116 619 aliter
1137 578 1311 620 dicunt:
1344 580 1415 621 sed
1436 582 1615 623 eandem
1640 582 1757 624 illam

324 638 653 693 famamjudicii
675 637 865 692 corrupti
889 636 1024 678 secuti
1057 644 1167 676 sunt.
1193 649 1330 690 neque
1361 637 1443 692 ipsi
1465 652 1584 679 secus
1605 640 1755 681 existi-

324 706 458 746 mant,
481 709 607 750 quam
641 709 717 735 nos
749 693 988 734 existimari
1023 692 1232 743 volumus,
1254 693 1306 733 de
1334 693 1460 748 hujus
1482 696 1658 750 pudore,
1689 697 1756 738 in-

281 762 312 792 b.
328 753 539 808 tegritate,
574 752 758 792 virtute:
802 750 874 791 sed
917 758 1121 806 putarunt
1154 750 1425 805 praetermitti
1463 763 1755 796 accusatorem

325 823 411 850 non
436 808 640 865 potuisse,
662 823 760 849 cum
783 807 1127 849 animadversum
1149 816 1263 848 esset
1284 807 1328 847 in
1343 807 1529 863 judices.
1591 810 1690 857 Qua
1704 812 1757 853 de

324 880 368 906 re
390 875 483 907 tota
505 866 539 906 si
562 881 693 907 unum
713 865 876 907 factum
894 878 948 905 ex
968 865 1085 905 omni
1105 864 1362 919 antiquitate
1384 865 1615 920 protulero,
1634 867 1757 923 plura

241 929 312 964 134
325 937 410 964 non
433 923 588 965 dicam.
640 923 741 964 Non
762 923 876 963 enim
898 921 1003 962 mihi
1027 921 1272 977 exemplum
1293 923 1447 963 summi
1469 931 1513 963 et
1533 923 1757 967 clarissimi

324 980 418 1031 viri,
455 980 504 1021 P.
538 979 746 1030 Africani,
779 980 1124 1035 praetereundum
1158 979 1347 1020 videtur:
1390 979 1463 1034 qui
1505 994 1601 1022 cum
1644 992 1756 1024 esset

322 1051 486 1088 censor,
500 1047 543 1078 et
565 1038 605 1078 in
629 1037 822 1092 equitum
837 1051 965 1077 censu
987 1036 1038 1077 C.
1056 1036 1245 1077 Licinius
1266 1035 1472 1077 Sacerdos
1501 1038 1753 1093 prodiisset;

322 1094 435 1135 clara
464 1109 583 1145 voce,
618 1103 665 1135 ut
698 1093 836 1134 omnis
871 1093 1023 1134 concio
1060 1093 1205 1134 audire
1228 1103 1387 1149 posset,
1417 1094 1543 1145 dixit,
1566 1109 1609 1136 se
1631 1096 1753 1148 scire,

321 1151 439 1192 illum
474 1152 611 1192 verbis
650 1151 871 1207 conceptis
901 1150 1127 1206 peJerasse.
1167 1150 1200 1190 si
1247 1150 1341 1204 quis
1377 1153 1576 1192 95contra
1611 1153 1753 1194 dicere

323 1208 474 1250 vellet:
509 1223 684 1249 usurum
715 1222 805 1249 esse
827 1222 924 1248 eum
948 1222 1024 1248 suo
1048 1207 1325 1249 testimonio?
1355 1206 1508 1249 deinde
1529 1223 1627 1250 cum
1650 1225 1754 1252 con-

320 1275 386 1306 tra
407 1281 533 1307 nemo
557 1266 731 1315 diceret,
747 1265 879 1320 jussit
900 1279 1060 1320 equum
1083 1265 1318 1306 traducere.
1379 1263 1532 1320 Itaque
1554 1266 1603 1316 is,
1626 1268 1750 1323 cujus

319 1324 497 1364 arbitrio
526 1332 570 1364 et
602 1323 784 1379 populus
809 1322 1029 1363 Romanus
1052 1333 1095 1363 et
1115 1331 1276 1363 exterae
1309 1330 1457 1377 gentes
1485 1322 1749 1367 2600ntentae

319 1395 409 1421 esse
431 1389 754 1430 consueverant,
776 1382 813 1413 27
829 1379 919 1435 ipse
951 1394 1026 1420 sua
1056 1378 1235 1420 scientia
1266 1379 1317 1419 ad
1342 1379 1622 1435 ignominiam
1645 1381 1750 1423 alte-

320 1438 406 1478 rius
428 1447 656 1479 contentus
679 1451 763 1478 non
786 1435 883 1477 fuit.
944 1436 1110 1482 Quodsi
1130 1436 1213 1476 hoc
1237 1434 1367 1477 Avito
1384 1435 1524 1477 facere
1545 1436 1748 1490 licuisset,

323 1494 462 1545 facile,
485 1496 565 1536 illis
597 1494 699 1551 ipsis
730 1493 968 1548 judicibus,
998 1502 1040 1534 et
1074 1493 1192 1535 falsae
1229 1493 1480 1549 suspicioni,
1509 1503 1552 1534 et
1573 1495 1748 1538 invidiae

323 1552 584 1608 populariter
603 1552 805 1593 excitatae
836 1550 1074 1591 restitisset.

379 1610 525 1651 ¹Unum
557 1609 687 1650 etiam
720 1617 799 1658 est,
820 1608 935 1663 quod
968 1622 1037 1648 me
1065 1607 1254 1648 maxime
1285 1607 1529 1658 conturbat,
1552 1609 1621 1650 cui
1652 1609 1748 1652 loeo

321 1667 576 1723 respondere
598 1681 720 1722 posse
736 1665 808 1705 vix
831 1665 990 1716 videor,
1007 1665 1121 1719 quod
1139 1664 1327 1720 elogium
1342 1664 1528 1706 recitasti
1545 1666 1597 1706 de
1618 1676 1748 1708 testa-

320 1735 466 1765 mento
500 1724 582 1764 Cn.
610 1722 796 1779 Egnatii,
828 1722 974 1777 patris,
998 1721 1183 1762 hominis
1208 1722 1510 1773 honestissimi,
1532 1723 1747 1776 videlicet,

321 1791 363 1821 et
386 1780 708 1836 sapientissimi:
742 1778 903 1820 idcirco
937 1794 981 1820 se
1013 1778 1294 1820 exheredasse
1327 1778 1478 1830 filium,
1499 1780 1614 1835 quod
1636 1781 1670 1821 is
1689 1782 1747 1823 ob

279 1875 293 1888 ,
322 1837 554 1894 Oppianici
594 1836 913 1878 damnationem
957 1836 1183 1892 pecuniam
1216 1835 1466 1892 accepisset.
1526 1836 1595 1877 De
1623 1838 1747 1894 cujus

319 1894 506 1936 hominis
543 1895 716 1936 levitate
754 1902 797 1934 et
838 1893 1128 1935 inconstantia
1159 1892 1280 1949 plura
1317 1908 1401 1934 non
1429 1893 1584 1935 dicam.
1644 1895 1746 1938 Hoc

318 1962 622 1993 testamentum
645 1952 799 2008 ipsum,
818 1951 932 2006 quod
950 1952 1116 2001 recitas,
1138 1950 1349 2006 ejusmodi
1373 1960 1451 2001 est,
1474 1959 1521 1992 ut
1541 1950 1625 2002 ille,
1646 1968 1746 1995 cum

319 2024 416 2050 eum
448 2010 582 2050 filium
609 2008 903 2057 exheredaret,
937 2023 1064 2063 quem
1097 2007 1259 2058 oderat,
1291 2010 1330 2039 2²8
1344 2008 1382 2048 ei
1405 2008 1494 2049 filio
1516 2008 1746 2052 coheredes

316 2066 512 2108 homines
532 2066 811 2107 alienissimos
833 2066 1130 2121 conjungeret,
1148 2079 1274 2120 quem
1296 2064 1517 2121 diligebat.
1577 2066 1660 2108 Sed
1682 2078 1746 2119 tu,

318 2123 430 2175 Atti,
467 2124 722 2173 consideres,
746 2137 913 2173 censeo,
947 2123 1188 2178 diligenter,
1211 2132 1352 2162 utrum
1385 2124 1746 2179 censorumjudi-

318 2181 432 2222 cium
462 2196 592 2237 grave
625 2180 727 2222 velis
758 2195 848 2220 esse
880 2195 933 2220 an
968 2179 1157 2236 Egnatii.
1219 2179 1263 2220 Si
1302 2178 1501 2233 Egnatii:
1543 2179 1634 2221 leve
1665 2194 1744 2233 est,

317 2239 431 2292 quod
463 2253 658 2279 censores
689 2238 740 2278 de
770 2237 921 2278 ceteris
953 2237 1319 2293 subscripserunt,
1350 2237 1491 2292 ipsum
1520 2237 1634 2278 enim
1660 2238 1744 2280 Cn.

318 2294 567 2352 Egnatium,
598 2309 727 2350 quem
761 2303 808 2336 tu
844 2308 1019 2350 gravem
1048 2309 1139 2335 esse
1161 2294 1238 2346 vis,
1260 2307 1315 2334 ex
1342 2303 1490 2335 senatu
1510 2293 1743 2350 ejecerunt.

238 1628 310 1662 135

356 2446 396 2475 95
418 2446 532 2473 contra
557 2443 663 2473 dicere
691 2442 800 2482 vellet]
826 2442 890 2472 Hic
913 2441 1009 2472 aliter

314 2492 364 2515 est
378 2495 415 2516 ac
430 2485 547 2522 vulgo:
572 2494 615 2515 sc.
632 2485 658 2515 si
671 2485 742 2524 quis
753 2485 851 2515 vellet
866 2494 941 2514 eum
956 2495 1009 2514 ac-

314 2537 425 2558 cusare
438 2527 534 2566 hujus
549 2526 705 2558 criminis.
749 2527 800 2557 Sic
815 2527 1009 2567 interpreta-

313 2575 370 2599 tur
381 2569 521 2610 Quintil.
536 2569 574 2599 L.
588 2569 625 2599 V.
644 2572 690 2599 ll.
709 2571 756 2599 13.

357 2612 397 2642 526·
423 2616 577 2641 contentae
600 2622 664 2641 esse
683 2609 927 2649 consuet-erant]
953 2608 1006 2638 Sic

314 2655 493 2683 necessario
507 2653 589 2683 (lint
604 2654 717 2685 Cicero
728 2653 766 2683 de
783 2662 816 2683 re
825 2651 1005 2691 praeterita,

311 2705 377 2725 *non
400 2700 643 2732 connect-erunt,
667 2701 706 2725 ut
726 2700 776 2725 est
799 2695 832 2724 in
848 2693 919 2724 edd.
963 2693 1009 2723 Et

313 2741 507 2768 consuerant
523 2737 619 2767 habet
632 2737 652 2767 J
657 2742 748 2767 unta.

355 2782 393 2813 ‘27
417 2781 481 2818 ipse
495 2788 554 2809 sna
569 2781 827 2811 scientia—cont.
850 2776 1008 2816 nonfuit]

312 2819 449 2852 Praetuli
477 2822 612 2852 scientia
637 2821 778 2861 vulgatae
804 2820 1010 2856 conscientia,

1049 2446 1089 2471 ut
1108 2440 1278 2471 videbatur
1291 2441 1491 2477 Camerario,
1506 2442 1582 2480 quia
1599 2442 1742 2482 primum

1050 2488 1100 2514 est
1114 2484 1149 2512 in
1163 2483 1241 2513 Mss.
1253 2482 1412 2523 pluribus,
1423 2483 1493 2513 edd.
1509 2493 1557 2524 pr,
1570 2483 1743 2524 plerisque,

1051 2530 1086 2558 et
1100 2525 1225 2556 Victor.
1248 2525 1361 2555 deinde
1376 2525 1516 2555 refertur
1537 2527 1742 2558 manifestius

1049 2567 1090 2597 ad
1103 2568 1250 2608 superius
1264 2577 1296 2597 se
1310 2568 1400 2597 scire.
1445 2567 1600 2598 Ceterum
1621 2574 1654 2599 et
1669 2579 1741 2599 con-

1048 2611 1184 2639 scientia
1197 2609 1236 2639 de
1248 2609 1384 2639 scientia
1393 2608 1490 2640 alieni
1506 2610 1584 2641 sacti
1593 2615 1680 2641 recte
1694 2611 1742 2642 di-

1049 2652 1147 2688 citur,
1162 2656 1201 2681 ut
1216 2650 1314 2682 Catil.
1332 2650 1357 2687 1,
1374 2654 1400 2680 l.

1093 2696 1133 2725 28
1155 2693 1264 2735 eifilio
1286 2693 1450 2723 coheredes
1471 2694 1501 2723 71.
1518 2703 1549 2724 α.
1570 2693 1743 2735 conjunge-

1051 2735 1116 2774 ret]
1143 2734 1320 2765 Lambinus
1333 2735 1368 2764 in
1389 2734 1467 2765 Mss.
1481 2737 1603 2776 reperit
1623 2735 1744 2779 adjun-

1051 2781 1143 2816 geret
1156 2790 1164 2806 :
1187 2776 1273 2815 quod
1286 2783 1336 2807 est
1348 2777 1513 2808 usitatius
