1907 3231
355 147 433 186 722
855 154 859 157 ·
946 144 1193 183 ORATIO

356 257 491 297 ctum,
514 247 547 288 si
570 247 764 288 mercede
785 248 975 304 corrupti
998 248 1170 290 obviam
1193 247 1431 290 candidatis
1458 247 1602 300 issent,
1625 248 1659 290 si
1681 261 1787 290 con-

358 304 477 346 ducti
505 311 781 369 sectarentur,
815 309 851 337 13
865 320 899 346 51
932 305 1239 360 oladiatoribus
1271 306 1399 361 vulgo
1430 304 1547 346 locus
1573 306 1785 356 tributim,

361 373 405 402 et
427 362 528 402 item
553 361 731 417 prandia
751 362 785 403 si
809 361 937 417 vulgo
960 371 1100 402 essent
1121 363 1241 414 data3
1272 372 1422 404 contra
1442 362 1580 418 legem
1605 362 1786 419 Calpur-

361 418 478 459 niam
510 418 671 461 factum
704 418 850 461 videri.
882 405 1028 474 Eigo
1059 419 1120 460 ita
1146 428 1315 460 senatus
1342 419 1526 474 judicat,
1549 429 1698 460 contra
1727 419 1787 459 le-

362 489 461 531 gem
495 476 612 518 fama
642 476 736 517 haec
769 474 981 525 videri,s1
1013 475 1128 517 facta
1159 476 1264 517 sint:
1296 476 1500 527 decernit
1530 477 1646 532 quod
1677 475 1791 517 nihil

361 547 469 588 opus
507 541 585 584 est,
618 533 719 573 dum
753 531 991 572 candidatis
1023 547 1185 574 morem
1219 532 1345 588 gerit.
1383 548 1479 573 nam
1520 533 1683 574 factum
1715 533 1785 584 sit,

361 603 509 639 necne,
533 590 804 630 veliementer
831 589 1051 643 quaeritur.
1082 590 1116 630 si
1141 589 1305 630 factum
1329 589 1397 640 sit,
1419 591 1521 644 quin
1548 599 1700 631 contra
1729 590 1788 630 le-

301 655 351 690 68
362 660 459 702 gem
479 647 548 696 sit,
570 645 766 686 dubitare
789 660 915 686 nemo
938 656 1094 702 potest.
1155 645 1232 687 Est
1253 647 1386 703 ioitur
1407 647 1648 698 ridiculum,
1669 646 1786 702 quod

361 715 426 744 est
446 677 640 753 dubium,
662 702 704 743 id
736 702 972 757 relinquere
1003 704 1242 745 incertum:
1269 680 1388 759 quod
1418 704 1578 744 nemini
1605 705 1787 745 dubium

360 768 504 816 potest
544 774 649 810 esse,
690 759 733 800 id
763 759 974 814 judicale.
1035 759 1180 816 Atque
1221 760 1263 801 id
1303 761 1546 801 decernitur
1585 761 1785 802 omnibus

360 816 676 872 postulantibus
698 816 956 860 candidatis:
991 827 1035 858 ut
1057 831 1111 859 ex
1139 817 1524 868 senatusconsulto,
1545 832 1683 873 neque
1711 833 1786 859 cu-

351 875 425 928 jus
449 873 630 925 intersit,
650 888 789 929 neque
810 882 960 915 contra
986 889 1113 929 quem
1135 876 1204 925 sit,
1226 874 1408 930 intelligi
1430 874 1580 930 possit.
1639 875 1787 922 Quare

314 933 344 964 b·
359 931 480 981 doce,
508 946 533 971 a
564 931 612 971 L.
645 930 831 972 Murena
861 930 932 972 illa
961 946 1051 972 esse
1081 932 1330 974 commissa:
1362 941 1455 972 tuin
1485 941 1659 987 egomet
1689 932 1786 982 tibi,

274 990 343 1038 33
358 998 508 1030 contra
544 988 682 1045 legem
720 988 949 1030 commissa
985 1003 1090 1039 esse,
1128 989 1378 1031 concedam
1437 988 1572 1031 Multi
1611 989 1786 1030 obviam

357 1046 609 1101 prodierunt
629 1046 681 1086 de
703 1045 926 1101 proxincia
946 1045 1185 1097 decedenti,
1206 1047 1475 1088 consulatum
1500 1047 1685 1102 petenti:
1718 1061 1787 1086 so-

355 1107 413 1143 lct
445 1103 551 1143 fleri.
612 1102 745 1144 Eccui
777 1112 920 1143 autem
951 1118 1037 1144 non
1061 1104 1254 1159 proditur
1282 1105 1542 1145 revertenti?
1573 1118 1670 1159 quae
1702 1103 1788 1144 fuit.

353 1159 436 1201 ista
460 1160 723 1201 multitudo?
775 1160 984 1211 Primum,
1008 1160 1042 1201 si
1073 1161 1153 1201 tibi
1175 1161 1302 1202 istam
1332 1161 1543 1202 rationem
1571 1176 1657 1202 non
1686 1175 1788 1217 pos-

354 1218 431 1257 sim
456 1217 656 1259 1··:eddeie
687 1217 790 1272 quid
818 1217 948 1258 habet
977 1218 1286 1270 admirationis,
1310 1218 1383 1259 tali
1405 1218 1497 1259 viro
1523 1217 1786 1282 advenienti,

354 1274 584 1316 candidato
622 1273 849 1326 consulari,
882 1275 1056 1316 obvi-im
1095 1276 1286 1331 prodisse
1319 1274 1510 1316 multos?
1548 1275 1664 1339 quod
1701 1275 1786 1315 nisi

295 1337 343 1372 69
356 1341 467 1372 esset
496 1331 675 1383 factum,
702 1332 840 1388 magis
869 1331 1112 1373 mirandum
1143 1332 1371 1374 videretur.
1431 1332 1565 1383 Quid,
1590 1333 1624 1373 si
1653 1332 1784 1373 etiam

354 1387 457 1430 illud
491 1389 659 1439 addam,
691 1389 807 1444 quod
845 1404 870 1429 a
899 1390 1210 1431 consuetudine
1239 1404 1325 1431 non
1361 1389 1579 1440 abhmr,et
1610 1398 1786 1445 rogatos

352 1461 442 1487 esse
466 1446 651 1488 multos.
645 1449 656 1476 Ρ
688 1460 791 1487 num
820 1455 894 1487 aut
922 1446 1201 1488 climinosum
1226 1447 1295 1498 sit,
1317 1455 1390 1488 aut
1421 1447 1676 1498 mirandum,
1699 1461 1784 1502 quw.

351 1503 396 1543 in
435 1503 610 1544 civitate
655 1504 810 1560 rogati,
850 1503 1096 1544 infimorum
1136 1504 1361 1545 hominum
1398 1503 1524 1555 filios,
1563 1518 1696 1560 prope
1730 1503 1787 1544 de

350 1570 493 1612 nocte,
515 1576 570 1602 ex
594 1561 744 1602 ultima
774 1574 888 1616 saepe
910 1561 1031 1612 urbe,
1051 1561 1284 1602 deductum
1316 1561 1460 1602 venire
1491 1561 1748 1624 soleamus,
1739 1575 1784 1601 111

349 1632 400 1658 ea
424 1633 510 1659 non
541 1632 631 1658 esse
658 1627 857 1673 gravatos
890 1617 1420 1681 homines,prodi1ehora
1450 1618 1576 1658 tertia
1599 1618 1642 1658 in
1667 1632 1783 1658 cam-

351 1690 453 1730 pum
478 1675 705 1725 Martium,
728 1675 965 1730 praesertim
988 1674 1084 1714 talis
1106 1689 1185 1715 vm
1206 1675 1380 1715 nomine
1402 1676 1600 1730 rogatos?
1649 1674 1783 1726 Quid,

354 1735 390 1762 ¹4
405 1747 435 1772 Sl
470 1746 617 1772 omnes
650 1733 874 1772 societates
905 1741 1128 1782 venerunt,
1155 1746 1334 1786 quarum
1364 1746 1418 1771 ex
1451 1745 1628 1771 numero
1658 1706 1784 1772 multi

350 1788 422 1829 hic
453 1789 602 1829 sedent
627 1788 827 1844 judices?
860 1789 980 1845 quid,
1008 1789 1043 1829 si
1073 1788 1198 1829 multi
1227 1788 1424 1829 homines
1454 1787 1590 1829 nostri
1623 1788 1784 1829 ordinis

350 1844 641 1886 honestissimi
660 1848 673 1887 ?
704 1846 823 1900 quid,
846 1847 880 1887 si
903 1845 975 1886 illa
1000 1845 1330 1896 officiosissima,
1351 1860 1447 1900 quae
1470 1845 1686 1886 neminem
1708 1860 1785 1901 pa-

353 1903 456 1943 titur
479 1918 565 1944 non
590 1903 769 1943 honeste
800 1903 844 1943 in
877 1904 1025 1944 urbem
1057 1903 1247 1954 introire,
1269 1911 1362 1944 tota
1391 1902 1509 1943 natio
1533 1902 1783 1944 candidato-

350 1963 477 2001 rum?
509 1961 541 2000 si
572 1960 757 2015 denique
785 1960 877 2016 ipse
903 1970 1126 2003 accusator
1156 1969 1300 2002 noster
1330 1959 1578 2000 Postumius
1609 1959 1783 2001 obviam

349 2032 446 2058 cum
472 2019 578 2058 bene
601 2032 759 2074 magna
787 2027 959 2059 caterva
981 2033 1056 2058 sua
1083 2018 1221 2059 venit:
1254 2017 1356 2072 quid
1378 2017 1510 2058 habet
1532 2017 1615 2057 ista
1637 2017 1782 2058 multi-

350 2075 455 2115 tudo
476 2075 800 2116 admirationis?
835 2074 1006 2116 Omitto
1029 2075 1220 2125 clientes,
1244 2075 1424 2125 vicinos,
1447 2074 1638 2125 tribules,
1659 2088 1785 2115 exer-

349 2131 485 2172 citum
509 2142 648 2172 totum
673 2131 854 2183 Luculli,
877 2132 950 2187 qui
972 2132 1024 2173 ad
1051 2133 1320 2197 triumphum
1343 2146 1419 2187 per
1445 2146 1518 2173 eos
1547 2131 1636 2172 dies
1658 2146 1782 2173 vene-

350 2198 439 2230 rat:
471 2189 554 2229 hoc
585 2189 698 2239 (lico,
731 2188 1016 2244 frequentiam
1049 2205 1091 2230 m
1123 2190 1206 2230 isto
1237 2189 1383 2230 officio
1415 2188 1683 2245 gratuitam,
1684 2202 1781 2229 non

351 2245 480 2286 modo
503 2246 706 2302 dignitati
730 2246 853 2287 ullius
876 2261 1094 2301 umquam,
1115 2247 1187 2287 sed
1210 2262 1262 2287 ne
1285 2246 1495 2287 voluntati
1514 2246 1686 2301 quidem
1708 2246 1783 2286 de-

287 2301 495 2343 70fuisse.
555 2303 616 2344 At
643 2304 798 2345 sect‘ib
791 2313 916 2345 tntur
937 2304 1076 2344 multi
1138 2303 1275 2354 Doce,
1296 2304 1513 2344 mercede
1547 2302 1782 2344 concedam

268 2359 340 2407 34
351 2374 441 2401 esse
462 2360 638 2402 crimen.
671 2360 754 2402 hoc
777 2361 949 2416 quidem
972 2370 1152 2412 remoto,
1174 2361 1277 2416 quid
1299 2360 1600 2416 reprehendis?
1661 2359 1780 2407 Quid

350 2432 459 2474 opus
488 2427 568 2469 est,
597 2418 752 2473 inquit,
786 2419 1097 2460 sectatoribus?
1156 2417 1196 2458 A
1226 2432 1293 2459 me
1323 2427 1369 2459 tu
1399 2418 1442 2459 id
1475 2417 1647 2473 quaeriS‚
1675 2416 1779 2472 quid

392 2544 428 2572 13
449 2543 476 2572 si
488 2543 535 2580 gl.
550 2552 579 2573 v.
595 2544 679 2573 locus
691 2541 856 2582 tributim]
878 2542 911 2573 T
909 2543 1042 2573 ributim
1084 2544 1220 2573 cietates
1244 2542 1279 2573 in
1306 2542 1518 2583 vectigalibus
1545 2541 1680 2580 alicujus
1707 2549 1781 2580 pro-

347 2582 527 2614 Lambinus
548 2586 704 2615 restituit.
750 2584 827 2615 Edd.
849 2596 895 2625 pr.
916 2595 1042 2623 omnes,
1085 2586 1213 2622 vinciae,
1236 2590 1274 2615 ut
1301 2584 1398 2622 Asiae,
1424 2584 1524 2625 Syriae
1552 2582 1782 2614 conducendis.

347 2631 467 2665 praeter
479 2627 532 2657 W.
546 2626 681 2663 habent,
695 2627 740 2657 sic
756 2633 789 2657 et
805 2627 882 2657 Mss.
898 2632 930 2657 et
946 2627 1008 2657 Gu.
1025 2638 1044 2658 a
1085 2627 1199 2657 Voluit
1221 2627 1326 2658 dicere
1348 2627 1386 2657 de
1408 2626 1549 2667 equestri
1571 2626 1702 2655 ordine:
1726 2635 1782 2655 ex-

345 2677 394 2697 m.
409 2677 457 2707 pr.
488 2668 622 2700 P.vi‹:t.
637 2675 671 2699 et
687 2669 816 2700 Manut.
837 2672 926 2700 1540.
941 2680 979 2699 ex
991 2670 1042 2700 ed.
1086 2670 1202 2710 pressit
1228 2680 1286 2710 per
1311 2669 1494 2706 societates,
1516 2668 1593 2707 quia
1619 2667 1781 2708 gratiosus

344 2708 395 2740 w.
420 2714 457 2739 ut
476 2710 603 2748 opinor,
619 2711 745 2742 edidere
761 2721 871 2742 rursus
885 2713 1038 2747 tributus,
1082 2711 1168 2751 apud
1182 2713 1307 2751 equites
1321 2712 1398 2748 fuit,
1412 2711 1454 2741 ob
1469 2710 1641 2740 societates
1655 2710 1690 2739 in
1704 2718 1780 2749 pro-

344 2760 425 2789 quos
447 2753 550 2781 secuti
573 2758 650 2783 sunt
672 2758 785 2793 postea
807 2753 872 2783 alii.
890 2755 1039 2784 tributim
1082 2754 1190 2784 vincia
1208 2754 1290 2783 bene
1309 2757 1479 2784 tractatas,
1523 2752 1605 2782 Mox
1624 2752 1675 2781 hie
1688 2751 1778 2781 abest

344 2803 455 2826 verum
471 2798 520 2824 est
537 2806 542 2822 :
567 2795 611 2823 sic
625 2801 658 2824 et
675 2795 783 2835 paullo
798 2802 869 2834 post
885 2796 976 2826 dixit.
1083 2796 1149 2826 Ms.
1166 2796 1275 2826 Guelf.
1291 2805 1335 2825 m.
1350 2805 1397 2835 pr.
1412 2795 1461 2826 ed.
1475 2795 1518 2826 R.
1530 2795 1586 2826 ssr.
1602 2793 1690 2824 Med.
1706 2791 1781 2824 Ald.

368 2838 404 2866 14
426 2837 452 2865 si
465 2845 572 2866 omnes
581 2837 760 2876 societates]
777 2838 1040 2868 Publicanorum.
1083 2838 1179 2877 bene,
1194 2844 1232 2869 ut
1245 2838 1373 2879 opinor.

343 2886 418 2908 nam
428 2877 552 2918 judiees
566 2889 605 2908 ex
618 2879 655 2908 iis
668 2888 734 2910 esse
746 2879 867 2910 multos
880 2881 969 2911 dicit.
984 2881 1042 2911 So-
