1907 3231
351 145 429 179 690
904 143 1149 182 ORATIO
1181 143 1246 183 IV.

350 257 519 284 summo
540 244 626 284 nati
649 243 758 295 loco,
772 259 857 286 non
876 247 1055 301 patriam
1078 247 1293 297 suam,sed
1313 246 1458 287 urbem
1479 245 1667 287 hostium
1687 259 1779 287 esse

343 299 666 355 judicaverunt.
728 302 810 342 Sed
833 303 934 357 quid
958 317 1039 358 ego
1063 302 1240 357 hujusce
1263 303 1424 345 ordinis
1447 303 1639 344 homines
1660 317 1778 344 com-

349 371 598 408 memorem,
634 373 740 412 quos
774 359 951 414 privatae
982 359 1181 410 fortunae,
1211 376 1318 415 quos
1360 360 1600 401 eommunis
1634 374 1781 415 respu-

350 413 478 463 blica,
501 429 607 470 quos
629 415 812 469 denique
844 415 1016 455 libertas
1047 430 1110 465 ea,
1143 430 1239 470 quae
1271 417 1517 458 dulcissima
1543 425 1620 467 est,
1642 417 1695 457 ad
1715 430 1779 456 sa-

351 471 485 512 lutem
508 472 657 527 patriae
687 471 995 512 defendendam
1027 473 1261 515 excitavit?
1293 488 1436 515 servus
1459 482 1522 514 est
1545 487 1685 523 nemo,
1707 470 1781 527 qui

353 528 484 568 modo
517 527 725 569 tolerabili
751 528 998 569 conditione
1021 530 1076 569 sit
1098 529 1328 580 servitutis,
1350 530 1422 585 qui
1454 545 1538 570 non
1559 529 1781 571 audaciam
1817 547 1822 549 -

355 585 516 625 civium
550 584 867 639 perhorrescat,
898 585 971 639 qui
1007 600 1092 627 non
1127 586 1219 627 haec
1253 596 1362 628 stare
1391 586 1562 642 cupiat:
1593 587 1666 641 qui
1696 600 1782 626 non

357 651 540 691 tantum,
575 650 781 695 quantum
819 642 960 692 audet,
995 652 1038 683 et
1072 653 1280 697 quantum
1318 653 1473 699 potest,
1508 642 1701 684 conferat
1730 641 1783 683 ad

299 704 629 743 17communem
662 697 856 748 salutem,
887 699 1132 740 voluntatis.
1193 701 1338 746 Quare
1371 700 1404 740 si
1438 713 1563 755 quem
1595 698 1783 740 vestrum

356 755 468 794 forte
489 763 733 794 commovet
765 755 861 805 hoc,
883 756 998 810 quod
1028 757 1221 797 auditum
1253 767 1331 807 est,
1352 756 1549 797 lenonem
1570 757 1782 811 quendam

358 810 527 851 Lentuli
549 825 801 852 concursare
822 813 983 854 circum
1001 814 1212 864 tabernas,
1225 815 1362 869 pretio
1382 828 1549 869 sperare
1567 812 1784 854 sollicitari

355 882 479 923 posse
510 867 675 908 animos
706 870 925 924 egentium
947 879 1075 925 atque
1107 871 1427 926 imperitorum:
1459 879 1523 911 est
1547 869 1589 910 id
1611 869 1785 924 quidem

353 929 556 980 coeptum'
574 934 700 979 atque
722 936 957 968 tentatum:
990 927 1061 968 sed
1085 928 1185 969 nulli
1209 937 1308 968 sunt
1326 928 1488 968 inventi
1512 937 1599 967 tam
1612 936 1687 967 aut
1700 925 1788 966 for-

355 990 459 1022 tuna
480 982 637 1032 miseri,
657 991 730 1022 aut
745 983 964 1024 voluntate
986 984 1156 1039 perditi,
1170 985 1243 1039 qui
1263 999 1348 1025 non
1372 985 1513 1040 ipsum
1536 984 1651 1024 illum
1673 982 1785 1024 sellae

354 1047 483 1093 atque
513 1039 652 1093 operis
683 1048 726 1078 et
755 1050 944 1094 quaestus
965 1041 1204 1095 quotidiani
1227 1041 1393 1093 locum3
1425 1041 1498 1096 qui
1530 1055 1615 1081 non
1646 1039 1787 1080 cubile

353 1109 404 1135 ac
439 1095 641 1136 lectulum
669 1111 813 1148 suum3
856 1098 928 1151 qui
951 1098 1135 1153 denique
1156 1113 1241 1138 non
1264 1113 1434 1139 cursum
1457 1098 1570 1138 hunc
1599 1097 1786 1138 otiosum

355 1152 456 1192 vitae
490 1168 591 1202 suae,
614 1153 826 1193 34salvum
858 1168 948 1194 esse
980 1155 1148 1195 vellent.
1180 1155 1315 1195 multo
1350 1170 1449 1196 vero
1480 1155 1670 1195 maxima
1690 1168 1787 1209 pars

353 1222 517 1260 eorum,
540 1210 613 1264 qui
645 1209 686 1249 in
711 1211 897 1251 tabernis
931 1221 1053 1253 sunt:
1085 1216 1124 1243 35
1140 1211 1272 1252 immo
1295 1226 1394 1253 vero
1422 1212 1485 1265 (id
1507 1212 1622 1252 enim
1642 1211 1788 1266 potius

353 1276 420 1306 est
443 1266 693 1317 dicendum)
716 1281 850 1323 genus
872 1268 954 1309 hoc
972 1269 1230 1319 universum,
1253 1269 1592 1309 amantissimum
1613 1276 1678 1307 est
1694 1267 1787 1308 otii.

354 1323 514 1363 etenim
545 1337 671 1364 omne
704 1338 850 1364 eorum
884 1325 1231 1376 instrumentum,
1264 1327 1403 1366 omnis
1437 1340 1566 1381 opera
1587 1339 1637 1365 ac
1668 1339 1788 1379 quae-

354 1389 460 1429 stus,
480 1379 720 1435 frequentia
741 1381 899 1422 civium
922 1382 962 1412 36
977 1383 1222 1431 sustinetur,
1245 1382 1372 1423 alitur
1403 1383 1517 1423 otio:
1547 1396 1731 1436 quorum
1751 1380 1785 1422 si

353 1445 560 1491 quaestus,
582 1437 762 1478 occlusis
788 1439 990 1490 tabernis,
1013 1439 1148 1480 minui
1173 1438 1294 1491 solet,
1317 1440 1420 1495 quid
1443 1439 1616 1480 tandem
1638 1439 1788 1479 incen-

362 1494 417 1533 sis
448 1497 487 1528 37
503 1493 693 1534 futurum
716 1497 805 1536 est?

302 1559 353 1592 13
419 1550 531 1596 Quae
554 1566 650 1592 cum
674 1551 734 1591 ita
747 1552 845 1602 sint,
865 1562 1006 1607 patres
1024 1552 1273 1608 conscripti,
1290 1553 1414 1594 vobis
1434 1551 1579 1608 populi
1602 1551 1788 1592 Romani

362 1608 562 1661 praesidia
584 1623 669 1648 non
696 1609 874 1650 desunt:
908 1624 981 1649 vos
1004 1624 1057 1649 ne
1080 1610 1238 1664 populo
1265 1610 1462 1650 Romano
1478 1610 1622 1649 deesse
1645 1608 1788 1649 videa·

315 1664 482 1719 9mini,
512 1665 747 1719 providete.
799 1665 981 1706 Habetis
1023 1667 1241 1706 consulem
1276 1681 1329 1707 ex
1367 1666 1557 1722 plurimis
1590 1665 1798 1720 periculis*

320 1730 405 1762 b.et
447 1722 624 1771 insidiis,
656 1732 784 1776 atque
825 1737 878 1762 ex
913 1723 1052 1762 media
1091 1732 1241 1773 morte,
1279 1738 1364 1763 non
1402 1723 1454 1763 ad
1489 1722 1620 1762 vitam
1654 1736 1792 1772 suam,

362 1777 432 1818 sed
456 1779 507 1818 ad
532 1779 710 1819 salutem
732 1788 909 1819 vestram
934 1790 1216 1822 reservatum:
1248 1794 1397 1821 omnes
1426 1779 1595 1820 ordines
1616 1779 1666 1819 ad
1687 1792 1791 1819 con-

360 1835 611 1876 servandam
648 1836 954 1891 rempublicam
987 1846 1145 1886 mente,
1168 1837 1402 1887 voluntate,
1432 1836 1593 1886 studio,
1618 1836 1789 1885 virtute,

359 1906 478 1941 voce,
511 1893 811 1943 consentiunt;
854 1894 1025 1933 obsessa
1047 1893 1213 1934 facibus
1235 1905 1278 1935 et
1300 1894 1395 1935 telis
1417 1894 1561 1949 impiae
1591 1892 1791 1947 conjura-

357 1948 503 1999 tionis,
524 1949 646 1989 vobis
669 1949 849 2005 supplex
873 1965 1023 1990 manus
1046 1951 1183 1991 tendit
1207 1952 1344 2006 patria
1366 1951 1635 1991 communis:
1666 1948 1792 1989 vobis

356 2019 414 2054 se,
440 2006 560 2045 vobis
586 2007 714 2046 vitam
734 2007 924 2047 omnium
941 2007 1115 2056 civium,
1130 2009 1252 2053 vobis
1275 2022 1418 2048 arcem
1440 2017 1484 2047 et
1506 2005 1791 2062 Capitolium,

356 2063 480 2102 vobis
514 2077 605 2104 aras
641 2063 884 2115 Penatium,
919 2065 1040 2105 vobis
1078 2064 1196 2105 illum
1229 2066 1428 2121 38ignem
1463 2064 1606 2105 Vestae
1640 2077 1791 2120 perpe-

399 2194 440 2221 34
452 2193 580 2222 salvum
593 2202 656 2222 esse
668 2192 782 2232 velint]
800 2193 900 2223 Sci-ib.
916 2195 1051 2223 vellent:

1095 2193 1174 2224 Mss.
1191 2193 1427 2234 pluresffia't,
1441 2192 1526 2233 quod
1535 2193 1676 2223 Grutero
1687 2191 1793 2231 place-

358 2233 478 2273 pendet
499 2237 589 2264 enim
612 2235 652 2264 ab
679 2236 801 2265 inventi
823 2241 910 2266 sunt.
940 2235 1052 2276 plerae-

1095 2236 1151 2265 bat
1171 2241 1204 2266 et
1220 2237 1340 2276 recepit
1355 2237 1511 2269 Graevius.
1555 2235 1590 2265 Si
1611 2233 1688 2273 quid
1708 2237 1799 2264 esset

359 2285 420 2315 que
435 2286 482 2315 pr.
499 2276 597 2306 etiam
615 2277 760 2307 vitiosius
775 2279 860 2307 velit.

401 2320 440 2347 35
464 2319 561 2347 immo
588 2319 675 2358 vero]
702 2319 761 2349 Est
777 2330 807 2349 *a
829 2319 864 2349 P.
888 2319 1053 2349 victorio:

358 2368 434 2389 nam
471 2360 592 2399 priores
625 2370 738 2390 omnes
766 2362 828 2391 nisi
850 2372 939 2391 vero:
971 2362 1057 2400 quod

358 2402 460 2431 miror
475 2402 639 2432 Graevium
662 2403 835 2433 reduxisse.
859 2413 935 2433 nam
951 2404 976 2433 si
992 2403 1052 2433 hoc

358 2452 469 2473 verum
485 2451 582 2479 esset,
600 2445 685 2474 enim
708 2455 782 2475 mox
806 2446 912 2475 locum
936 2446 1054 2476 habere

358 2493 425 2514 non
440 2491 561 2525 posset,
575 2487 630 2516 sed
645 2496 711 2516 esse
725 2487 855 2517 deberet
868 2500 875 2517 z
899 2489 961 2517 nisi
982 2497 1055 2517 vero

352 2529 462 2565 potius
489 2529 660 2557 dicendum
683 2533 730 2558 est
753 2538 858 2567 genus
885 2531 916 2560 h.
931 2539 965 2559 u.
1011 2529 1055 2559 Et

357 2573 469 2599 tamen
485 2579 549 2599 non
565 2572 643 2600 satis
656 2576 768 2610 aptum
781 2572 842 2600 nixi
855 2581 929 2601 vero
935 2586 944 2604 ‚·
969 2571 1054 2609 quod

358 2619 424 2640 non
437 2612 469 2640 in
485 2612 632 2650 augendo
643 2612 774 2650 dicitur,
789 2619 827 2643 ut
840 2615 936 2643 immo
951 2623 1034 2643 vero.

401 2654 441 2682 36
463 2654 654 2693 ¹rmtinetar]
680 2655 720 2685 al.
743 2659 948 2685 sustentatur
969 2659 1056 2685 vete-

360 2703 409 2724 res
423 2699 457 2724 et
473 2697 679 2726 recentiores.
695 2697 741 2726 nil
755 2697 929 2727 admodum
949 2697 1055 2727 refert.

359 2736 421 2766 Sed
433 2741 546 2766 tamen
555 2737 682 2767 facilius
693 2739 774 2768 illud
785 2740 819 2769 in
831 2739 892 2769 hoc
906 2744 1054 2769 mutetur

358 2788 378 2808 a
400 2777 549 2813 librariis,
565 2789 662 2817 qnam
677 2780 738 2810 hoc
762 2781 794 2810 in
810 2780 902 2811 illud.
948 2781 1054 2812 Susti-

358 2829 435 2850 nere
448 2822 493 2850 sic
507 2826 555 2850 est
569 2822 666 2851 etiarn
684 2823 722 2851 ad
739 2824 808 2852 Λα.
826 2823 870 2857 ll,
890 2823 937 2852 16.

400 2864 438 2896 37
460 2862 627 2903 ‘ficturum
649 2865 708 2905 est]
745 2865 797 2895 Sic
819 2865 879 2896 edd
917 2874 967 2907 pr.
1010 2865 1055 2896 At

1097 2278 1305 2314 mutandum,
1320 2279 1515 2317 corrigerem
1529 2280 1617 2306 esset.
1633 2285 1709 2306 nam
1724 2284 1806 2308 nou.

1097 2319 1135 2350 de
1147 2320 1312 2360 praeterito
1325 2330 1430 2350 sermo
1439 2324 1501 2356 est,
1512 2318 1567 2349 sed
1578 2318 1616 2348 de
1625 2318 1748 2348 futuro.
1759 2322 1793 2347 et

1098 2372 1136 2392 eo
1147 2362 1239 2392 valde
1254 2362 1395 2392 inclino:
1418 2363 1494 2401 quia
1509 2370 1574 2391 non
1588 2360 1627 2390 de
1640 2370 1691 2395 eo,
1707 2358 1794 2398 quod

1095 2404 1243 2434 futurum
1269 2409 1352 2441 erat,
1377 2404 1534 2443 loquitur,
1556 2402 1612 2432 sed
1631 2411 1672 2432 ex
1692 2401 1795 2442 hypo-

1096 2447 1193 2483 thesi,
1208 2447 1234 2476 si
1250 2446 1512 2476 incenderentur.

1140 2491 1179 2519 38
1202 2489 1311 2526 ignem
1330 2487 1367 2518 V.
1379 2497 1472 2528 perp.
1491 2497 1531 2518 ac
1543 2485 1793 2526 sempiternum}

1099 2531 1151 2559 Sic
1165 2529 1234 2561 edd.
1249 2534 1329 2560 vett.
1353 2530 1432 2560 Mss.
1444 2530 1552 2570 plures
1575 2528 1697 2558 habent
1717 2533 1793 2557 tan-

1096 2577 1168 2602 tum
1194 2573 1303 2610 ignem
1334 2571 1372 2602 V.
1400 2581 1498 2611 semp.
1526 2570 1611 2610 quod
1646 2579 1794 2609 recepere

1098 2614 1213 2644 Lamb.
1229 2619 1263 2644 et
1277 2614 1441 2644 Graevius:
1459 2623 1575 2654 nempe
1589 2612 1664 2651 quia
1677 2611 1725 2641 nil
1737 2611 1794 2641 ad-

1099 2656 1232 2686 modum
1255 2656 1421 2686 differunt.
1467 2656 1543 2686 Non
1569 2663 1708 2689 sensere,
1731 2662 1793 2682 nu—

1100 2708 1226 2727 merum
1241 2702 1274 2727 et
1288 2698 1545 2728 concinnitatem
1560 2701 1709 2726 secutum
1724 2704 1795 2725 esse

1098 2741 1288 2770 Ciceronem
1301 2752 1307 2769 :
1335 2741 1446 2778 ignem
1468 2749 1563 2778 perp.
1588 2748 1629 2768 ac
1650 2747 1795 2778 κνημ-

1096 2783 1216 2820 templa
1234 2782 1378 2812 Deorum
1395 2786 1491 2822 atque
1506 2782 1794 2812 delubra-muros

1096 2828 1193 2865 atque
1207 2824 1296 2855 urbis
1303 2828 1399 2854 tecta.
