1907 3231
628 108 745 147 PRO
773 108 826 146 Ἀ.
860 105 1114 145 cAEclNA.
1521 108 1603 149 477

149 215 356 274 gendum,
378 214 461 257 alia
474 214 532 256 ad
553 215 823 256 nocendum:
852 224 950 269 quae
968 210 1048 268 qui
1069 223 1159 254 non
1178 209 1428 263 habuerint,
1444 225 1519 253 eos
1537 211 1602 253 iri-‘-

149 274 287 316 crines
320 274 454 315 fuisse
482 272 646 314 vinces.
706 273 879 314 Verum
901 270 1123 326 siquidem·
1143 268 1235 310 erit·
1245 283 1466 310 armorum
1481 270 1664 325 judi-61

149 333 292 376 cium:
325 341 418 373 tum
433 331 524 372 ista
542 330 705 383 dicit03
731 331 844 387 juri-s
870 327 1315 385 judicium-cumerit
1346 336 1391 367 et
1422 328 1605 382 aequita‘-

150 391 229 432 iis:
260 403 367 432 cave
387 390 432 431 in
445 389 530 429 ista
542 389 824 445 tamfrigida,
844 396 935 429 tam
951 385 1110 442 jejuna
1123 384 1346 427 calumnia
1362 383 1604 427 delitescas.

150 463 239 490 non
262 447 378 489 enim
409 446 595 503 reperies
617 459 880 502 quamquam
898 445 1111 501 judicem,
1133 452 1209 484 aut
1232 453 1606 498 *recuperator-em,

151 506 242 562 qui,
275 515 499 561 tamquam
528 504 561 545 si
590 520 710 546 arma
739 504 890 546 militis
923 501 1417 558 inspiciunda‘s'mssita
1449 500 1606 556 probet

152 573 393 605 armatu-m:
437 562 511 604 sed
553 563 733 618 perinde
772 561 948 612 valebit,
986 562 1027 592 65
1043 559 1166 616 quasi
1205 559 1469 616 paratissimi
1503 557 1606 598 fue-

149 621 253 672 rint,
272 622 307 663 si
330 622 599 677 reperientur
616 621 678 662 ita
692 621 838 677 parati
860 619 1008 670 fuisse,
1031 628 1080 659 ut
1099 619 1190 659 vim
1211 618 1313 659 vitae
1335 626 1411 658 aut
1430 617 1604 672 corpori

148 679 374 736 potuerint
395 678 562 720 afferre.
622 679 783 734 Atque,
808 688 855 719 ut
885 677 1026 733 magis
1057 676 1289 733 intelligas,
1310 674 1440 731 quam
1474 675 1606 715 verba
1619 658 1689 706 ‘22

148 737 261 779 nihil
284 738 480 779 valeant:
515 738 548 778 si
574 745 618 778 tu
643 738 772 788 solus,
792 735 1042 790 aut·qu'1vis
1073 749 1184 775 unus
1211 749 1312 774 cum
1344 741 1483 783 scum,
1504 747 1605 774 cum
1618 731 1670 766 62

151 795 314 852 gladio,
344 796 558 852 impetum
592 796 635 836 in
670 808 740 835 me
759 794 801 825 66
815 793 1003 843 fecisset,
1040 801 1171 847 atque
1203 806 1287 848 ego
1320 791 1382 832 ita
1411 791 1607 846 dejectus

150 867 312 897 essem:
345 855 580 895 auderesne
602 853 759 902 dicere,
777 849 1057 892 interdictum
1078 863 1171 890 esse
1193 850 1247 890 de
1268 849 1444 889 armatis
1467 849 1608 889 homi-

149 911 302 954 nibus:
337 911 408 953 hic
429 921 573 953 autem
609 910 830 951 hominem
862 916 1076 949 armatum
1110 917 1246 948 unum
1268 906 1428 948 fuisse?
1489 905 1740 958 Non,P·297·

151 970 323 1026 opinor,
354 979 444 1011 tam
474 968 702 1025 impudens
739 981 866 1008 esses.
927 966 1064 1022 Atqui
1097 966 1209 1017 vide,
1240 979 1294 1006 ne
1323 964 1461 1006 multo
1490 958 1652 1006 nunca‘

152 1028 209 1069 sis
241 1028 553 1084 impudentior.
575 1041 677 1067 nam
710 1034 800 1066 tuin
834 1024 1010 1080 quidem
1047 1039 1196 1064 omnes
1218 1022 1421 1064 mortales
1451 1021 1611 1078 implo-

151 1100 245 1128 rare
265 1098 430 1142 ‘posseS‚
454 1084 571 1140 quod
596 1083 792 1125 homines
813 1083 855 1124 in
884 1092 959 1124 tuo
982 1083 1162 1138 negotio
1194 1082 1326 1123 latine
1357 1081 1475 1136 loqui
1496 1080 1610 1122 obli·

151 1143 444 1195 viscerentur3
477 1142 593 1199 quod
616 1144 799 1183 inermes
822 1141 976 1182 armati
993 1140 1317 1196 judicarentur:
1350 1139 1482 1194 quod,
1508 1152 1609 1180 cum

150 1201 433 1243 'interdictum
468 1209 581 1242 esset
603 1200 656 1241 de
680 1199 890 1256 pluribus,
912 1199 1144 1240 commissa
1176 1212 1243 1238 res
1275 1206 1387 1239 esset
1420 1198 1475 1238 ab
1497 1211 1612 1248 unet,

151 1260 330 1301 67unus'
348 1259 482 1300 homo
513 1258 655 1315 plures
687 1271 780 1299 esse
809 1257 1008 1298 homines
1031 1257 1318 1312 judicaretur.
1379 1255 1543 1296 Verum
1564 1254 1610 1296 in
1622 1259 1673 1294 63

152 1317 221 1359 his
244 1317 385 1359 causis
407 1332 502 1358 non·
519 1317 650 1358 verba
671 1316 853 1357 veniunt
887 1315 930 1356 in
956 1315 1192 1370 judicium,
1215 1314 1288 1355 sed
1311 1328 1361 1355 ea
1383 1328 1463 1364 res,
1486 1312 1612 1368 cujus

153 1390 285 1417 causa
308 1376 440 1417 verba
459 1375 557 1416 haec
588 1375 632 1415 in
662 1373 943 1415 interdictum
969 1373 1172 1428 conjecta
1201 1381 1316 1413 sunt.
1376 1371 1493 1422 Vim,
1514 1385 1615 1426 quae

155 1434 208 1476 ad
231 1443 365 1490 caput
386 1442 431 1475 et
450 1433 505 1474 ad
528 1433 661 1473 vitam
695 1432 898 1488 pertinet,
927 1431 1098 1472 restitui
1132 1431 1224 1471 sine
1250 1431 1334 1472 ulla
1354 1429 1618 1485 exceptione

154 1491 400 1534 voluerunt.
462 1490 527 1531 Ea
547 1490 598 1531 fit
620 1490 874 1546 plerumque
891 1503 969 1546 per
986 1489 1184 1530 homines
1207 1498 1384 1529 coactos
1407 1496 1619 1528 armatos-

154 1559 266 1606 que:
296 1564 397 1605 quae
419 1548 454 1590 si
485 1548 569 1590 alio
593 1547 792 1597 consilio,
814 1548 967 1588 eodem
990 1545 1186 1603 periculo
1210 1546 1326 1587 facta
1354 1551 1433 1597 sit3
1463 1545 1620 1586 eodem

147 1607 250 1664 jure
271 1621 364 1649 esse
398 1606 642 1648 voluerunt.
705 1606 808 1648 Non
842 1605 957 1647 enirn
996 1604 1140 1660 major
1171 1604 1446 1660 est-injuria,
1485 1603 1519 1643 si
1544 1611 1621 1644 tua.

154 1666 336 1718 familia,
365 1680 497 1722 quain
532 1665 566 1705 si
606 1675 706 1706 tuus
740 1664 937 1707 villicus:
971 1678 1060 1704 non
1093 1663 1129 1703 si
1165 1663 1228 1704 tui
1259 1662 1385 1713 servi,
1416 1675 1547 1717 quam
1582 1661 1618 1702 si

155 1723 300 1776 alieni,
323 1739 373 1765 ac
395 1720 649 1765 mercenarii
669 1740 678 1765 :
713 1737 815 1773 non,
844 1722 878 1762 si
911 1732 1012 1763 tuus
1036 1731 1306 1778 procurator,
1339 1733 1470 1775 quam
1494 1719 1528 1759 si
1553 1719 1620 1760 vi-

156 1782 297 1835 cinus,
319 1791 395 1823 aut
428 1782 608 1823 libertus
643 1791 767 1823 tuus:
800 1795 905 1830 non,
928 1780 963 1820 si
997 1780 1162 1821 coactis
1194 1779 1463 1829 hominibus,
1485 1791 1619 1832 quam

158 1840 193 1882 si
219 1840 489 1891 voluntariis,
512 1848 587 1880 aut
608 1840 740 1880 etiam
758 1838 948 1880 'assiduis
973 1853 1023 1879 ac
1046 1837 1323 1878 domesticis:
1357 1850 1460 1886 non,
1482 1836 1518 1876 si
1552 1850 1621 1877 ar-

158 1899 302 1950 matis,
325 1912 456 1954 quam
480 1898 515 1938 si
539 1898 792 1947 inermibus,
822 1896 897 1952 qui
930 1896 1018 1937 vim
1043 1895 1254 1936 haberent
1276 1904 1541 1936 armatorum
1564 1893 1622 1935 ad

157 1957 430 1999 nocendum:
463 1971 567 2008 non,
590 1956 625 1996 si
647 1957 857 2012 pluribus,
875 1968 1005 2010 quam
1034 1955 1069 1994 si
1090 1969 1176 1994 uno
1200 1962 1382 1996 armato,
1445 1951 1620 1998 Quibus

158 2015 274 2057 enirn
298 2015 426 2056 rebus
449 2014 703 2071 plerumque
727 2014 790 2055 vis
821 2013 885 2063 fit,
905 2012 1120 2068 ejusmodi
1153 2011 1222 2053 hae
1252 2026 1318 2052 res
1345 2008 1620 2067 appellantur

159 2073 410 2115 interdicto.
435 2074 469 2114 si
493 2086 569 2129 per
591 2073 694 2113 alias
717 2086 783 2113 res
818 2072 969 2112 eadem
1000 2071 1118 2112 facta
1143 2071 1204 2111 vis
1236 2079 1323 2111 est:
1356 2083 1420 2119 ea,
1448 2068 1619 2110 tametsi

159 2131 304 2173 verbis
342 2130 563 2172 interdicti
585 2145 674 2172 non
701 2129 991 2181 concluditur,
1015 2138 1161 2170 tamen
1183 2127 1397 2170 sententia
1413 2127 1527 2182 juris
1552 2134 1619 2167 at-

160 2204 245 2247 que
262 2190 525 2231 auctoritate
540 2189 765 2230 retinetur.

219 2248 360 2289 Venio
383 2262 500 2289 nunc
523 2247 576 2288 ad
600 2246 704 2288 illud
724 2256 870 2288 tuum:
905 2244 1004 2286 Non
1025 2244 1166 2301 dejeci,
1182 2244 1310 2285 sinon
1324 2242 1402 2284 siv-i
1417 2240 1616 2283 accedere.
1631 2247 1702 2296 23

162 2305 278 2348 Puto
301 2316 344 2348 te
377 2305 537 2362 ipsum,
563 2304 680 2357 Piso,
704 2304 960 2361 perspicere,
996 2313 1161 2359 quanto
1191 2304 1275 2344 ista
1306 2302 1362 2343 sit
1392 2300 1682 2357 angustior&

159 2364 438 2422 iniquiorque
467 2363 678 2417 defensio,
720 2377 851 2419 quam
882 2362 918 2404 si
956 2361 1029 2403 illa
1067 2370 1260 2403 uterere:
1315 2358 1413 2401 Non
1436 2358 1622 2416 ficerunt
1671 2359 1677 2366 '

203 2509 246 2542 65
278 2509 374 2550 quasi
395 2508 605 2550 paratissimi
621 2505 776 2547 fuerint]
816 2505 868 2535 Sic
913 2514 1107 2546 repugnem.

161 2552 324 2584 edidimus
336 2562 376 2583 ex
392 2551 465 2582 edd.
481 2551 578 2582 Rom.
604 2551 659 2581 ssr.
676 2549 764 2580 Med.
782 2548 870 2587 quod
956 2549 996 2579 ¹2¹6
1009 2547 1161 2588 jectu-set]
1181 2547 1234 2577 Sic
1247 2544 1318 2576 edd.
1335 2545 1376 2575 R.
1390 2544 1443 2576 W.
1458 2543 1514 2575 ΒΓ.
1529 2543 1621 2576 Med.

161 2595 427 2632 deseruitAldus,
438 2599 472 2625 et
482 2597 629 2635 reposuit
638 2592 870 2628 armatissimi,
913 2591 987 2622 Ald.
1006 2591 1041 2621 P.
1060 2590 1193 2621 Manut.
1211 2590 1269 2620 &c.
1292 2587 1380 2627 quod
1403 2587 1533 2618 restitui
1560 2598 1622 2628 pro
1660 2620 1664 2623 ,

161 2637 251 2678 quod
265 2643 299 2668 et
318 2637 390 2669 edd.
411 2638 466 2668 W.
481 2637 579 2668 Junt.
594 2636 719 2667 habent
742 2640 775 2665 et
791 2634 872 2664 Mss.
914 2634 1053 2674 vulgato
1057 2632 1207 2673 fecisses.
1253 2631 1345 2661 Solet
1368 2639 1509 2671 persona
1530 2630 1622 2661 verbi

162 2688 246 2721 quos
255 2680 386 2720 quidem
402 2681 569 2717 novimus,
593 2680 759 2710 Gruterus
770 2677 873 2708 tacite
915 2677 1066 2718 proximo
1082 2674 1337 2706 accommodari.

162 2723 266 2755 edidit
281 2724 502 2754 mmtisrimi:
527 2723 588 2754 nisi
603 2721 781 2753 correctori
798 2730 870 2761 spe-
955 2720 994 2754 67
1018 2728 1106 2749 unus
1117 2720 1223 2749 -homo
1238 2713 1621 2757 plures-judicaretur]

164 2766 326 2798 ciminum
361 2766 678 2807 typographicorum
720 2764 870 2794 debetur.
913 2762 1008 2794 Judi⁴
1019 2766 1138 2792 aretur
1158 2772 1187 2792 rt
1194 2761 1290 2791 stitui
1305 2771 1345 2790 ex
1361 2759 1410 2790 ed.
1425 2758 1626 2800 W.-proj·u-

162 2808 366 2840 factumest
379 2809 645 2849 esuperioribus,
668 2807 723 2838 ubi
738 2812 801 2844 est,
816 2807 871 2846 ῳιὶ
915 2807 1121 2837 ιίὶσανεηὲαν.
1158 2814 1236 2834 nam
1265 2804 1388 2844 pendet
1416 2802 1553 2833 verbum
1583 2811 1626 2831 ex

163 2853 265 2885 scutis
291 2853 423 2892 telisque
444 2853 563 2891 parati
588 2851 761 2890 ornatique
783 2853 871 2880 sunt.
915 2859 1002 2880 unus
1016 2850 1119 2878 homo.
1137 2847 1278 2887 Decepti
1287 2851 1367 2878 sunt
1375 2845 1427 2876 vel
1437 2844 1562 2876 librarii
1571 2842 1625 2875 vel

163 2896 190 2930 si
206 2895 279 2937 quis
291 2898 407 2927 tamen
427 2894 524 2926 malit
546 2894 780 2932 armatissimi,
806 2902 874 2925 non
917 2892 1072 2928 editoreS‚
1088 2889 1175 2930 quod
1197 2889 1359 2932 praecedit
1368 2887 1622 2935 judicarentur:
