1907 3231
464 118 589 158 A‘CT.
624 118 674 156 11.
711 116 898 155 LIBER
929 86 1255 156 SECUNDUS.
1497 125 1576 161 215

143 219 282 276 tisque
303 221 506 278 posuisti:
539 222 583 263 in
615 237 701 278 quo
731 220 900 263 Sthenii
935 219 1204 262 Thermitani
1232 236 1387 265 nomen
1417 225 1577 267 adscri-

140 287 265 332 ptum
284 287 364 319 est,
403 278 513 320 Vide
533 290 783 336 argenteum
809 278 1070 335 Cupidinem
1091 293 1189 319 cum
1213 279 1422 336 lampade.
1456 283 1575 329 Quid

141 336 312 376 tandem
334 336 487 378 habuit
518 337 761 392 argumenti
791 345 865 377 aut
897 336 1075 377 rationis
1107 350 1187 387 reS,
1218 339 1500 391 quamobrem
1530 341 1576 382 in

137 404 191 432 eo
222 393 494 448 potissimum
520 396 560 428 37
573 394 857 436 Sthenianum
887 394 1113 450 praemium
1143 397 1398 450 poneretur?
1429 407 1574 438 utrum

138 447 222 489 hoc
243 449 414 505 signum
434 450 685 507 cupiditatis
715 461 817 502 tuae,
848 466 903 492 an
924 461 1134 507 tropaeum
1159 452 1486 493 necessitudinis
1509 462 1573 494 at·-

136 519 220 560 que
240 505 433 562 hospitii,
455 523 509 549 an
531 509 688 550 amoris
710 508 918 550 indicium
939 523 1030 549 esse
1053 508 1252 551 voluisti?
1284 509 1468 550 Faciunt
1490 510 1572 552 hoc
1585 520 1613 550 P·
1634 514 1703 547 132-

134 561 346 615 homines,
376 579 483 620 quos
506 567 548 607 in
573 581 740 607 summa
767 566 961 622 nequitia
992 581 1078 607 non
1108 566 1245 607 solum
1268 565 1403 608 libido
1431 575 1473 607 et
1500 582 1571 608 vo-
1583 563 1613 584 ἃ·

134 618 290 675 luptas,
322 636 470 663 verum
491 623 622 665 etiam
644 624 776 681 ipsius
798 624 1004 679 nequitiae
1026 623 1142 664 fama
1162 623 1361 675 delectat,
1393 633 1440 665 ut
1462 625 1573 666 mul-⁷

135 676 189 717 tis
209 677 252 718 in
270 678 375 719 locis
390 691 514 722 notas
535 696 584 722 ac
605 682 787 737 vestigia
804 681 1009 722 scelerum
1029 696 1201 721 suorum
1221 681 1401 737 relinqui
1423 682 1569 724 velint.

133 732 327 776 Ardebat
348 751 493 779 amore
524 739 636 780 illius
666 738 865 794 hospitae,
896 748 1072 795 propter
1106 753 1232 793 quam
1269 738 1445 795 hospitii
1467 740 1656 795 jur-alm

133 791 329 834 violarat.
391 794 492 837 Hoc
514 811 600 837 non
623 796 760 837 solum
789 796 886 836 sciri
917 805 1024 845 tum,
1055 810 1203 836 verum
1229 796 1356 836 etiam
1381 812 1570 839 comme-

131 850 288 890 morari
311 865 480 908 semper
499 853 686 895 volebat.
739 852 892 908 Itaque
913 867 967 893 ex
990 852 1062 893 illa
1083 853 1176 908 ipsa
1197 867 1254 904 re,
1277 868 1421 908 quam,
1443 870 1572 896 aceu-

131 915 253 947 sante
273 906 513 965 Agathino,
545 919 751 966 gesserat,
783 910 938 951 Veneri
973 910 1247 966 potissimum
1280 911 1426 951 deberi
1460 927 1572 967 prae-

129 963 264 1006 mium
299 967 464 1018 statuit,
494 982 592 1023 quae
625 968 741 1009 illam
774 976 910 1009 totam
932 967 1249 1008 accusationem
1267 968 1572 1024 judiciumque

129 1022 354 1064 conflarat.
416 1023 620 1066 Putarem
642 1035 685 1066 te
707 1034 878 1081 gratum
909 1025 953 1066 in
986 1024 1103 1076 deOS,
1136 1025 1170 1065 si
1194 1024 1277 1066 hoc
1298 1026 1460 1067 donum
1485 1027 1569 1068 Ve-

129 1079 220 1119 neri
243 1094 329 1120 non
347 1080 400 1122 de
423 1082 592 1123 Sthenii
615 1083 740 1124 bonis
759 1082 961 1132 dedisses,
985 1082 1057 1123 sed
1080 1082 1131 1123 de
1149 1083 1257 1124 tuis:
1290 1084 1405 1138 quod
1428 1083 1569 1126 facere

128 1135 331 1188 debuisti,
354 1140 591 1194 praesertim
615 1155 714 1182 cum
737 1140 817 1181 tibi
840 1140 911 1180 illo
933 1139 1027 1194 ipso
1050 1154 1163 1180 anno
1185 1154 1210 1180 a
1233 1139 1472 1181 Chelidone
1496 1156 1568 1183 ve-

127 1193 261 1235 nisset
282 1194 510 1238 hereditas.
573 1197 660 1238 Hic
679 1212 776 1253 ego,
800 1197 833 1238 si
857 1197 967 1238 hanc
986 1212 1159 1238 causam
1176 1212 1263 1238 non
1286 1198 1480 1238 omnium
1500 1199 1566 1240 Si·
1580 1206 1656 1244 117

127 1251 322 1293 culorum
345 1265 498 1310 rogatu
523 1255 800 1311 recepissem3
833 1255 866 1295 si
888 1254 972 1295 hoc
1002 1269 1027 1294 a
1047 1269 1117 1295 me
1146 1255 1334 1295 muneris
1361 1270 1448 1296 non
1472 1257 1567 1297 uni-

128 1322 250 1349 versa
269 1311 494 1365 provincia
522 1313 815 1368 poposcisset3
847 1312 881 1352 si
911 1326 981 1352 me
1009 1311 1176 1352 animus
1210 1322 1339 1367 atque
1372 1328 1492 1354 amor
1522 1314 1567 1355 in

127 1366 437 1422 rempublicam
468 1369 818 1424 existimatioque
841 1368 1006 1409 offensa
1026 1369 1162 1409 nostri
1192 1369 1354 1410 ordinis
1383 1370 1568 1425 acjudi-

127 1423 292 1464 ciorum
314 1439 401 1473 non
424 1426 507 1467 hoc
529 1425 670 1468 facere
691 1426 922 1482 coEgisset,
945 1435 1074 1481 atque
1098 1426 1192 1467 haec
1214 1442 1300 1467 una
1317 1442 1445 1468 causa
1463 1427 1569 1468 fuis-

126 1489 205 1531 set,
235 1482 352 1536 quod
373 1483 560 1524 amicum
590 1492 719 1539 atque
749 1483 966 1540 hospitem
987 1498 1132 1524 meum
1166 1484 1408 1535 Sthenium,
1439 1500 1569 1540 quem

125 1537 169 1578 in
192 1547 411 1593 quaestura
430 1555 526 1581 mea
547 1541 820 1597 singulariter
842 1541 1104 1592 dilexissem,
1124 1541 1177 1582 de
1199 1556 1285 1596 quo
1307 1542 1472 1598 optime
1493 1557 1569 1584 ex-

124 1594 397 1649 istimassem,
428 1613 554 1653 quem
590 1599 634 1639 in
664 1599 889 1655 provincia
915 1599 1250 1639 existimationis
1272 1613 1380 1640 meae
1404 1600 1569 1641 studio-

125 1652 341 1695 sissimum
362 1656 776 1711 cupidissimumque
799 1670 1070 1712 cognossem,
1093 1665 1181 1697 tam
1201 1656 1443 1708 crudeliter,
1476 1672 1567 1698 sce-

124 1708 269 1762 lerate,
289 1711 536 1768 nefarieque
559 1723 810 1765 tractasses3
842 1718 881 1744 35
897 1724 1041 1755 tamen
1062 1713 1194 1769 digna
1211 1729 1354 1765 causa,
1389 1728 1465 1755 cur
1483 1714 1566 1756 ini-

124 1768 311 1810 micitias
333 1769 521 1812 hominis
544 1771 853 1828 improbissimi
877 1771 1152 1827 susciperem,
1178 1781 1225 1811 ut
1247 1771 1430 1828 hospitis
1454 1772 1565 1814 salu-

124 1833 213 1866 tem
251 1825 531 1883 fortunasque
569 1828 858 1869 defenderem.
921 1828 1134 1870 Fecerunt
1171 1828 1255 1869 hoc
1292 1829 1416 1869 multi
1449 1830 1561 1885 apud
1579 1838 1652 1871 118

123 1882 309 1938 lnaj01·es
331 1894 525 1928 nostros:
557 1885 663 1927 fecit
689 1887 820 1927 etiam
842 1901 979 1942 nuper
1011 1886 1143 1927 homo
1172 1885 1446 1937 clarissimus,
1480 1886 1563 1928 Cn.

125 1939 362 1992 Domitius,
393 1943 467 1998 qui
506 1942 575 1984 M.
612 1943 821 1995 Silanum,
852 1943 1120 1985 consularem
1160 1943 1314 1995 virum,
1345 1945 1566 1985 accusavit

123 2007 300 2053 propter
336 1998 599 2056 Egritomari
631 2000 901 2056 Transalpini
932 2001 1116 2056 hospitis
1150 2000 1344 2056 injuriaS.
1368 2010 1564 2057 putarem

122 2069 191 2095 me
230 2056 448 2109 idoneum,
479 2058 552 2113 qui
590 2059 837 2115 exemplum
875 2072 1074 2114 sequerer
1112 2058 1393 2099 humanitatis
1435 2069 1566 2114 atque

122 2112 271 2165 officii,
293 2128 665 2171 proponeremque
686 2130 806 2172 spem
828 2117 934 2157 meis
957 2116 1201 2171 hospitibus
1224 2131 1273 2158 ac
1295 2117 1561 2169 necessariis,

121 2184 208 2224 quo
231 2172 434 2214 tutiorem
457 2176 497 2208 39
511 2173 644 2216 vitam
668 2187 757 2213 sese
779 2187 874 2215 meo
897 2174 1100 2230 praesidio
1122 2174 1313 2214 victuros
1334 2187 1425 2214 esse
1447 2175 1562 2214 arbi-

122 2237 348 2270 trarentur.
410 2230 524 2271 Cum
557 2245 657 2271 vero
691 2231 734 2271 in
764 2231 1067 2272 communibus
1103 2230 1270 2287 injuriis
1299 2233 1432 2272 totius
1461 2246 1562 2287 pro÷

122 2284 292 2337 vinciae,
325 2286 493 2328 Sthenii
532 2302 704 2344 quoque
741 2303 870 2329 causa
909 2289 1196 2337 contineatur,
1226 2288 1437 2344 multique
1472 2303 1560 2330 uno

122 2351 316 2398 tempore
344 2359 369 2386 a
402 2360 470 2386 me
502 2345 694 2402 hospites
727 2354 856 2400 atque
878 2345 1005 2386 amici
1026 2346 1249 2402 40publice
1271 2346 1602 2402 privatimqueb.

120 2399 433 2455 defendantur3
464 2403 661 2460 profecto
685 2403 819 2444 vereri
839 2418 925 2444 non
947 2403 1099 2455 debeo,
1130 2418 1184 2444 ne
1205 2403 1300 2459 quis
1325 2403 1421 2454 hoc,
1445 2405 1562 2459 quod

161 2533 201 2566 37
226 2529 446 2564 Sthenianum
455 2533 649 2574 premium]
669 2534 691 2564 i.
705 2544 735 2564 e.
753 2544 818 2574 quo
862 2534 981 2565 clarius
996 2533 1037 2564 ad
1049 2532 1318 2571 intelligendum,
1331 2533 1365 2564 in
1381 2533 1443 2564 hac
1457 2534 1565 2567 forma

120 2583 179 2613 pro
201 2573 340 2605 vic‘toria
354 2576 392 2606 de
409 2576 546 2607 Sthenio
563 2577 754 2613 donaretur,
781 2582 820 2607 ut
861 2576 1028 2616 loquendi,
1046 2576 1150 2616 qualis
1164 2576 1234 2606 haec
1249 2581 1311 2612 est,
1326 2576 1432 2606 vitam
1445 2579 1565 2614 vivere,

120 2625 138 2644 e
159 2624 246 2655 seqq.
269 2617 482 2658 intelligitur,
504 2619 540 2649 in
563 2630 628 2659 qua
649 2631 670 2651 a
691 2619 819 2650 Venere
864 2619 991 2649 nullam
1005 2618 1176 2659 emphasin
1196 2627 1275 2649 esse.
1308 2618 1424 2658 Itaque
1438 2620 1564 2651 studio-

119 2656 252 2697 adjntus
265 2660 318 2689 sit.
861 2670 913 2692 sos
927 2661 1149 2692 admonendos
1165 2661 1254 2691 duxi.

162 2702 202 2731 38
218 2704 328 2731 tamen
342 2703 446 2741 digna
460 2703 574 2743 causa]
594 2704 647 2735 Sic
659 2703 731 2735 edd.
748 2714 818 2734 om·
903 2706 945 2735 40
956 2705 1084 2743 publice
1092 2704 1316 2742 privatimque
1324 2701 1561 2743 defendantur]

121 2751 188 2771 nes.
211 2741 276 2772 Ms.
298 2744 414 2783 aliquis
441 2745 531 2776 addit
556 2752 647 2783 esset,
671 2747 726 2778 alii
754 2747 819 2776 duo
863 2747 1028 2785 Singulari
1054 2745 1153 2776 modo
1180 2745 1302 2776 dicitur
1328 2745 1362 2776 h.
1386 2745 1409 2775 1.
1430 2746 1563 2784 publice

118 2784 296 2816 videretur.
321 2786 408 2817 Illud
422 2787 569 2819 Graevius
584 2790 717 2830 recepit.
742 2789 819 2820 Non
858 2789 1094 2828 privatimque,
1114 2796 1231 2829 nempe
1253 2788 1389 2829 privatis
1407 2787 1562 2828 publicis-

121 2825 270 2858 deverno.
862 2841 925 2870 que
938 2831 976 2861 de
993 2840 1109 2862 causis.

161 2871 202 2903 39
226 2871 330 2903 vitam
349 2871 505 2911 victuros]
530 2871 625 2904 Nihil
657 2874 719 2904 hoc
746 2874 818 2904 loco

805 2922 878 2960 1³4
