1907 3231
653 96 772 137 PRo
798 93 1130 152 A·.CAECINA·
1541 101 1617 145 m

164 200 226 243 ibi
246 201 334 244 vim
353 213 441 248 non
461 199 621 246 fuisse?
654 202 811 255 Nemo,
833 202 991 259 inquit,
1014 200 1185 243 occisus
1204 208 1285 253 est,
1305 204 1347 235 4³
1357 217 1496 261 neque
1518 219 1618 248 sau·
1628 209 1747 249 9-298.

163 258 319 302 ciatus.
381 257 501 307 Quid
518 258 623 301 'aisis'
638 261 739 302 eum
761 261 816 302 de
847 260 1133 318 possessionis
1151 262 1474 315 controversia,
1496 274 1540 306 et
1560 265 1615 306 de
1627 261 1658 284 ³·

162 317 432 373 privatorum
464 317 689 361 hominurn
722 319 1004 361 contentione
1029 315 1414 374 juris·‘loquamur,
1445 330 1492 362 tu
1525 321 1616 365 vim

161 376 344 431 negabis
362 390 454 417 esse
470 374 647 428 factam,
669 377 703 418 si
725 377 928 418 caedes‘et
949 376 1112 418 occisio
1124 374 1250 416 -facta
1266 390 1353 416 non
1372 376 1482 420 erit?
1517 377 1616 436 Ego

160 434 379 474 exercitus
412 434 643 485 maximos,
666 449 782 491 saepe
812 434 957 491 pulsos
985 444 1030 476 et
1059 432 1234 490 fugatos
1267 447 1360 475 esse
1391 434 1506 487 dico,
1528 446 1614 479 ter-

160 501 256 532 rore
286 491 395 548 ipso,
419 492 671 548 impetuque
706 491 915 545 hostium,
947 493 1039 534 sine
1073 491 1331 547 cujusquam
1365 506 1457 533 non·
1481 495 1613 538 modo

159 557 317 601 morte,
348 562 498 590 verum
532 550 663 591 etiam
698 550 901 592 vulnere„
948 549 1139 601 Etenim,
1166 545 1697 606 recuperatores‚n0n·l5

157 617 211 646 ea
231 605 323 647 sola
345 605 408 648 vis
430 617 508 658 est,
527 623 626 664 quae
656 608 710 649 ad
738 623 897 666 corpus
926 617 1124 651 nostrum
1150 607 1373 663 vitamque
1397 609 1611 665 pervenit,
1622 619 1673 653 42

159 662 237 717 sed*
265 663 399 706 etiam
432 665 570 708 multo
602 666 743 722 major
774 680 851 718 ea,
872 682 986 723 quae,
1024 664 1215 723 periculo
1247 666 1401 707 mortis
1429 666 1612 723 injecto,

159 718 393 764 formidine
414 723 607 765 animum
630 724 921 780 perterritum,
950 724 1048 765 loco
1076 736 1193 780 saepe
1213 732 1259 765 et
1276 733 1400 766 certo
1421 724 1475 766 de
1496 735 1613 767 statu

156 777 375 822 demovet.
438 780 593 838 Itaque
614 782 749 823 saucii
779 795 895 838 saepe
917 781 1131 832 homines,
1152 795 1252 822 cum
1281 795 1466 839 corpore
1485 783 1612 826 debi-

156 834 351 890 litantur,
373 838 519 881 animo
554 849 698 881 tamen
731 853 819 881 non
849 839 1025 891 cedunt,
1059 851 1200 894 neque
1227 852 1328 880 eum
1361 841 1614 896 relinquunt

157 892 318 947 locum,
339 911 468 952 quem
491 897 722 938 statuerint
743 897 996 939 defendere:
1027 910 1073 938 at
1094 895 1166 937 alii
1187 895 1406 953 pelluntur
1427 897 1608 956 integsi:

156 961 207 994 ut
229 967 315 995 non
333 955 516 996 dubium
540 955 610 1006 sit,
632 954 738 1010 quin
759 955 900 1011 major
921 955 1120 997 adhibita
1141 953 1204 995 vis
1221 954 1261 996 ei
1278 955 1349 1006 sit,
1369 955 1495 1011 cujus
1516 957 1610 998 ani-

154 1023 252 1052 mus
274 1012 330 1053 sit
354 1013 618 1068 perterritus,
640 1027 771 1068 quam
804 1013 880 1064 illi,
903 1013 1028 1069 cujus
1060 1026 1219 1069 corpus
1241 1012 1513 1056 vulneratum
1536 1016 1608 1057 sit.

98 1078 101 1080 ’
153 1067 325 1116 Quodsi
347 1070 389 1111 vi
419 1070 564 1127 pulsos
598 1070 784 1112 dicimus
810 1072 1029 1113 exercitus
1060 1085 1154 1113 esse
1186 1083 1276 1123 eos,
1299 1072 1374 1128 qui
1406 1083 1525 1114 metu
1554 1087 1668 1123 ac43

152 1127 274 1179 tenui
296 1141 413 1185 saepe
445 1129 691 1186 suspicione
724 1129 903 1186 periculi
938 1128 1166 1186 fugerunt:
1197 1137 1256 1181 et,
1287 1131 1323 1170 si
1357 1143 1443 1171 non
1465 1130 1607 1173 solum

153 1183 344 1241 impulsu
361 1196 597 1237 scutorum,
616 1202 754 1243 neque
769 1188 978 1229 conflictu
998 1200 1247 1244 corporum,
1267 1201 1408 1243 neque
1425 1188 1515 1230 ictu
1533 1204 1609 1231 co-

151 1242 312 1296 minus,
343 1258 484 1301 neque
506 1245 783 1301 conjectione
816 1246 1016 1298 telorum,
1039 1245 1112 1286 sed
1142 1259 1260 1302 saepe
1291 1245 1481 1288 clamore
1511 1246 1608 1304 ipso
1647 1248 1650 1251 ’

150 1300 357 1352 militum,
391 1312 467 1344 aut
501 1304 803 1355 instructione,
837 1303 1133 1361 adspectuque
1164 1303 1390 1360 signorum
1424 1319 1608 1362 magnas

151 1359 301 1415 copias
335 1360 477 1416 pulsas
514 1376 619 1412 esse,
642 1372 686 1402 et
718 1362 922 1412 vidimus,
954 1370 998 1403 et
1027 1361 1301 1404 audivimus:
1333 1377 1431 1418 quae
1464 1363 1528 1404 vis
1560 1363 1608 1406 in

151 1415 265 1458 bello
296 1418 551 1474 appellatur,
573 1433 623 1460 ea
656 1419 701 1460 in
730 1420 822 1460 otio
845 1434 931 1460 non
962 1419 1282 1476 appellabitur?
1312 1431 1371 1471 et,
1394 1421 1510 1476 quod
1533 1435 1606 1464 ve—

148 1473 331 1516 hemens
362 1476 406 1517 in
436 1491 480 1517 re
502 1477 678 1518 militari
710 1487 902 1533 putatur,
926 1476 971 1518 id
1001 1478 1094 1518 leve
1116 1476 1277 1532 injure
1298 1478 1415 1519 civili
1431 1478 1607 1534 judica-

149 1532 294 1575 bitur?
324 1543 382 1584 et,
401 1535 517 1590 quod
540 1534 757 1576 exercitus
790 1544 979 1576 armatos
1012 1544 1175 1587 movet,
1199 1535 1242 1576 id
1271 1535 1606 1578 advocationem

136 1599 401 1647 ,togatorum
424 1607 510 1634 non
533 1593 751 1634 videbitur
769 1594 981 1635 movisse?
1012 1603 1056 1634 et
1079 1593 1233 1634 vulnus
1251 1594 1446 1650 corporis
1463 1595 1605 1651 magis

134 1647 280 1701 'istam
301 1650 403 1702 vim,
425 1666 556 1706 quam
580 1660 717 1693 terror
737 1651 871 1693 animi
891 1650 1154 1693 declarabit?
1189 1660 1233 1692 et
1253 1651 1465 1693 sauciatio
1483 1667 1603 1709 quae-

149 1715 280 1759 retur,
310 1723 411 1749 cum
441 1708 591 1765 fugam
615 1708 774 1751 factam
802 1723 895 1751 esse
923 1710 1169 1751 constabit?
1199 1707 1319 1751 Tuus
1340 1709 1457 1752 enim
1480 1711 1665 1767 testis44

149 1763 236 1807 hoc
268 1766 398 1817 dixit,
428 1777 546 1808 metu
582 1768 819 1824 perterritis
852 1767 1012 1810 nostris
1045 1768 1284 1819 advocatis,
1313 1767 1510 1810 4⁴locum
1543 1782 1603 1822 se,

130 1836 236 1879 ‚qua
255 1823 512 1881 effugerent,
534 1825 866 1867 demonstrasse.
928 1825 1017 1873 Qui
1042 1840 1128 1867 non
1151 1826 1283 1867 modo
1313 1834 1362 1866 ut
1387 1825 1605 1883 fugerent,

132 1881 224 1923 ‘sed
245 1883 377 1923 etiam
400 1883 535 1938 ipsius
559 1883 676 1940 fugae
702 1893 840 1925 tutam
863 1884 979 1925 viam
1001 1883 1283 1940 quaesierunt,
1304 1882 1374 1924 his
1395 1885 1460 1926 vis
1481 1885 1605 1926 adhi-

150 1939 243 1981 bita
266 1955 353 1982 non
376 1941 618 1983 videbitur?
642 1942 760 1989 Quid
781 1942 917 1999 igitur
938 1942 1192 1998 fugiebant?
1223 1952 1402 1998 propter
1422 1952 1650 1995 metum.b‚

148 1997 270 2045 Quid
303 2000 584 2041 metuebant?
616 2000 704 2041 vim
738 2000 954 2042 videlicet.
1003 2000 1192 2041 Potestis
1219 1999 1356 2056 igitur
1388 2001 1605 2058 principia

148 2068 324 2113 negare,
354 2071 455 2098 cum
473 2067 669 2099 extrema
687 2058 956 2102 conceditis?
990 2057 1172 2115 Fugisse
1193 2058 1445 2115 perterritos
1466 2059 1606 2101 confi-

148 2114 330 2157 temini:
361 2127 537 2157 causam
560 2116 678 2172 fugae
708 2116 854 2158 dicitis
876 2117 1075 2169 eandem,
1097 2131 1225 2172 quam
1262 2129 1413 2158 omnes
1443 2116 1605 2159 intelli-

128 2172 327 2229 gimus„
354 2187 487 2224 arma,
518 2173 843 2216 multitudinem
882 2174 1127 2226 hominum,
1158 2174 1450 2215 incursionem
1470 2184 1603 2231 atque

140 2230 360 2288 ‘impetum
381 2240 672 2274 armatorum:
705 2232 802 2274 haec
824 2234 900 2275 ubi
931 2233 1233 2275 conceduntur
1258 2247 1350 2274 esse
1380 2233 1512 2284 facta,
1537 2233 1599 2275 ibi

147 2289 211 2330 vis
235 2288 352 2331 facta
371 2290 628 2346 negabitur?
658 2288 720 2332 At
746 2305 847 2332 vero
879 2290 962 2333 hoc
991 2292 1167 2347 quidem
1183 2291 1279 2346 jam
1309 2300 1432 2332 vetus
1453 2301 1534 2344 est,
1554 2301 1599 2333 et
1614 2288 1683 2347 16

143 2347 364 2403 majorum
395 2349 600 2405 exemplo
622 2348 770 2390 multis
800 2349 843 2391 in
876 2350 1004 2391 rebus
1035 2349 1244 2392 usitatum
1257 2366 1280 2394 ;,
1301 2363 1402 2395 cum
1423 2349 1478 2390 ad
1507 2350 1660 2409 vim45

136 2404 392 2447 faciendam
413 2406 648 2458 veniretur,
672 2407 706 2447 si
740 2421 849 2464 quos
877 2417 1067 2450 armatos
1096 2406 1294 2464 quamvis
1319 2406 1470 2463 procul
1493 2421 1599 2450 con-

112 2464 406 2520 22s'pe‘xissent‚
429 2472 478 2505 ut
499 2464 646 2506 statim
668 2464 889 2507 testificati
908 2466 1194 2517 discederent,
1217 2465 1384 2522 optime
1403 2466 1602 2524 sponsio-

143 2529 255 2563 nem
284 2520 427 2564 facere
456 2531 650 2579 possent,
686 2535 740 2565 Νι
782 2536 1041 2566 ADVERSUS
1077 2526 1308 2566 EDICTUM
1345 2534 1602 2577 PRAETOms

110 2590 226 2627 jhvxs
252 2584 604 2635 FACTAJESSET.
666 2579 792 2623 Itane
824 2584 954 2624 vero?
986 2583 1110 2634 scire,
1143 2595 1235 2636 esse
1264 2590 1468 2632 armamS,
1497 2582 1604 2627 satis

145 2644 227 2690 est,
249 2647 297 2679 ut
320 2637 593 2682 vim-factam
626 2639 807 2697 probes:
838 2640 884 2682 in
913 2654 1066 2689 manus
1098 2653 1250 2691 eorum
1279 2638 1484 2698 incidere,
1511 2647 1605 2702 'non

185 2763 230 2793 43
251 2771 354 2804 neque
379 2765 526 2807 saucius]
557 2762 653 2807 Non·
671 2761 755 2807 bene
783 2767 852 2797 coit
895 2768 1081 2809 seripturae.
1378 2776 1383 2786 ²

145 2814 223 2836 cum
237 2807 357 2838 occisus
371 2813 428 2839 est.
473 2808 588 2848 Cicero
602 2807 751 2852 scripsit:
774 2809 852 2840 sau-
938 2813 981 2841 44
1003 2812 1122 2847 locum,
1146 2818 1212 2849 qua
1235 2806 1293 2850 effi
1316 2807 1417 2849 dena]
1445 2807 1510 2840 Ms.
1533 2808 1603 2840 Erf.

129 2847 265 2892 'eiacum
305 2847 386 2881 lnfr.
401 2861 429 2882 c.
447 2853 497 2882 15.
510 2855 543 2882 ec
554 2849 721 2884 sauciatio*
729 2848 853 2894 q'uoere-
897 2854 1003 2884 locum
1016 2863 1062 2890 se,
1078 2862 1107 2892 q.
1123 2862 1150 2882 e.
1166 2857 1268 2889 recte,
1289 2857 1324 2882 et
1349 2851 1448 2892 plane
1469 2851 1603 2884 Cicero-

143 2891 211 2923 ίαν.
246 2889 377 2926 vitium
402 2898 515 2926 ortum
538 2898 590 2926 est
615 2904 633 2925 e
657 2895 853 2938 compendio
897 2897 998 2927 niana
1008 2901 1189 2929 structura.
1230 2895 1349 2936 Itaque
1360 2895 1408 2926 sic
1421 2893 1518 2926 edidi.

789 2938 937 2983 11124
