1907 3231
535 138 650 176 PRO
678 139 726 178 Q.
757 138 973 175 ROSCIO
997 138 1273 176 COMOEDO.
1566 142 1615 183 77

188 240 458 282 commendo.
491 250 611 282 estne
647 241 874 297 quisquam
912 241 1107 282 omnium
1143 240 1404 292 mortalium,
1442 242 1495 284 de
1528 256 1615 298 quo

189 297 340 338 melius
369 298 589 339 existimes
621 301 692 340 tu?
723 309 842 340 estne
871 299 1112 354 quisquam,
1135 298 1208 353 qui
1240 298 1320 338 tibi
1352 299 1510 353 purior,
1537 314 1615 354 pu·-

185 352 367 404 dentior,
390 354 632 406 humanior,
653 355 900 407 officiosior,
921 355 1220 410 liberaliorque
1242 354 1462 396 videatur?
1495 355 1614 402 Quid

185 420 246 460 tu,
271 410 428 462 Saturi,
454 412 528 466 qui
558 422 709 454 contra
739 413 852 454 hunc
884 414 1016 463 venis,
1038 412 1258 453 existimas
1289 411 1438 453 aliter?
1470 425 1612 454 nonne

184 468 524 523 quotiescunque
543 469 586 510 in
605 484 734 510 causa
751 471 792 511 in
814 485 970 511 nomen
989 469 1116 524 hujus
1135 468 1340 520 incidisti,
1355 469 1480 509 toties
1497 469 1610 510 hunc

182 532 226 563 et
257 524 394 565 virum
427 525 588 567 bonum
618 541 708 568 esse
737 527 902 578 dixisti,
928 537 972 568 et
1000 527 1174 568 honoris
1204 540 1332 566 causa
1360 525 1609 581 appellasti?

181 581 296 634 quod
319 597 445 628 nemo
464 584 545 624 nisi
564 596 638 624 aut
657 585 958 625 honestissimo
976 593 1050 625 aut
1068 583 1328 624 amicissimo
1348 582 1487 623 facere
1505 597 1609 623 con-

182 639 334 679 suevit.
398 640 498 686 Qua
528 641 569 681 in
602 656 645 682 re
675 642 781 682 mihi
812 642 989 683 ridicule
1012 657 1055 682 es
1086 641 1201 681 visus
1225 655 1315 681 esse
1345 640 1668 695 inconstans,19

181 695 255 748 qui
279 696 462 737 eundem
486 708 529 738 et
559 698 733 739 laederes
757 709 800 739 et
830 699 1044 750 laudares3
1077 709 1119 738 et
1145 699 1280 739 virum
1308 698 1538 752 optimum,
1563 707 1647 747 etp.
1664 712 1716 740 43.

180 749 400 794 hominem
424 755 788 810 improbissimum
810 770 901 796 esse
922 756 1098 796 diceres.
1129 755 1311 796 eundem
1335 764 1379 794 tu
1406 764 1449 794 et
1472 754 1606 796 hono·
1617 760 1647 780 a.

180 808 236 849 ris
261 824 390 851 causa
419 813 678 868 appellabas,
708 823 750 854 ct
783 814 919 854 virum
952 813 1200 869 primarium
1232 826 1321 852 esse
1351 812 1539 862 dicebas,
1565 822 1609 853 et

181 866 346 907 socium
369 869 585 911 fraudasse
606 871 830 926 arguebas.
867 870 965 921 Sed,
989 880 1036 910 ut
1057 870 1225 925 opinor,
1247 869 1415 909 laudem
1441 869 1610 910 veritati

181 923 414 976 tribuebas,
436 928 596 968 crimen
621 928 772 982 gratiae
797 928 1062 968 concedebas
1084 945 1093 969 :
1125 928 1178 968 de
1200 927 1297 976 hoc,
1320 935 1368 966 ut
1388 927 1610 966 existima-

181 980 271 1032 bas,
294 984 582 1037 praedicabas:
617 984 810 1026 Chaereae
834 985 1042 1025 arbitratu
1065 999 1237 1026 causam
1259 984 1432 1039 agebaS.
1477 983 1608 1024 Frau-

177 1037 296 1079 davit
323 1039 520 1082 Roscius.
583 1041 660 1082 Est
681 1042 764 1083 hoc
792 1042 966 1097 quidem
997 1043 1170 1082 auribus
1199 1041 1439 1096 animisque
1468 1037 1657 1092 homi-7

178 1108 282 1136 num
304 1097 550 1139 absurdum.
599 1100 717 1146 Quid
740 1100 774 1140 si
797 1100 969 1140 tandem
991 1100 1177 1154 aliquem
1199 1098 1414 1150 timidum,
1435 1098 1609 1139 demen—

179 1160 280 1203 tem,
302 1153 495 1206 divitem‚
516 1157 695 1197 inertem
717 1166 867 1198 nactus
889 1166 1014 1208 esset,
1033 1157 1107 1212 qui
1130 1156 1314 1212 experiri
1338 1170 1424 1196 non
1443 1158 1610 1211 posset?

180 1218 322 1251 tamen
345 1212 596 1255 incredibile
617 1224 742 1255 esset.
807 1214 1125 1264 Verumtamen,
1148 1228 1276 1268 quem
1303 1212 1523 1263 fraudarit,
1546 1213 1611 1254 vi-

177 1265 367 1309 deamus.
429 1271 480 1312 C.
505 1271 715 1312 Fannium
743 1271 970 1313 Chaeream
1001 1271 1185 1312 Roscius
1212 1270 1442 1310 fraudavit.
1504 1270 1674 1322 Oro,20

177 1333 306 1379 atque
347 1328 525 1374 obsecro
568 1343 658 1381 VOS,
697 1329 771 1384 qui
808 1329 958 1379 nostis,
998 1329 1131 1369 vitam
1170 1329 1281 1368 inter
1312 1341 1355 1368 se
1390 1327 1612 1383 utriusque

129 1403 134 1407 ·
176 1382 393 1426 conferte:
433 1386 506 1441 qui
549 1400 636 1426 non
677 1386 827 1436 nostis,
869 1385 1023 1427 faciem
1065 1385 1289 1440 utriusque
1330 1385 1613 1427 considerate.

175 1452 319 1480 nonne
349 1441 489 1497 ipsum
517 1452 671 1499 caput,
686 1453 730 1485 et
760 1443 988 1499 supercilia
1017 1442 1089 1484 illa
1111 1443 1281 1498 penitus
1314 1443 1478 1493 abrasa,
1501 1442 1616 1483 olere

172 1497 398 1550 malitiam,
421 1510 464 1540 et
485 1499 704 1542 clamitare
723 1500 1001 1542 calliditatem
1021 1500 1244 1541 videntur?
1276 1514 1418 1540 nonne
1440 1500 1494 1540 ab
1517 1499 1617 1540 imis

173 1556 392 1610 unguibus
411 1572 546 1613 usque
563 1558 617 1599 ad
637 1559 841 1600 verticem
861 1572 1078 1599 summum
1095 1559 1149 1610 (si
1168 1572 1298 1613 quam
1317 1556 1619 1612 conjecturam·

172 1609 298 1653 affert
321 1613 570 1656 hominibus
593 1616 725 1658 tacita
754 1616 946 1671 corporis
972 1615 1129 1672 figura)
1152 1630 1206 1656 ex
1233 1614 1396 1665 fraude,
1419 1613 1615 1666 fallaciis,

172 1670 406 1712 mendaciis
438 1683 635 1714 constare
665 1683 782 1715 totus
815 1674 1009 1715 videtur?
1043 1674 1117 1728 qui
1149 1672 1311 1714 idcirco
1345 1675 1381 1705 17
1396 1672 1539 1727 capite
1571 1682 1616 1712 et

171 1728 408 1782 superciliis
432 1745 598 1786 semper
615 1741 680 1772 est
702 1732 819 1781 rasis,
839 1745 892 1771 ne
911 1730 1043 1772 ullum
1070 1731 1204 1786 pilum
1234 1729 1312 1770 viri
1329 1729 1432 1770 boni
1459 1729 1617 1770 habere

172 1783 353 1827 dicatur.
382 1788 505 1843 cujus
530 1803 755 1844 personam
774 1788 981 1845 -praeclare
1006 1788 1190 1828 Roscius
1214 1788 1258 1828 in
1282 1801 1409 1828 scena
1432 1795 1614 1828 tractare

171 1845 420 1887 consuevit:
445 1860 581 1901 neque
601 1855 743 1887 tamen
768 1861 844 1902 pro
865 1845 1075 1887 beneficio
1098 1846 1136 1886 ei
1158 1860 1233 1901 par
1255 1845 1395 1900 gratia
1416 1843 1612 1885 refertur.

174 1898 288 1940 Nam
316 1901 554 1944 Ballionem
580 1902 699 1944 illum
725 1904 1093 1959 improbissimum
1117 1912 1160 1943 et
1187 1901 1528 1958 periurissimum
1554 1902 1612 1942 le-

170 1969 329 1999 nonem
351 1974 450 2001 cum
475 1961 581 2016 agit,
603 1962 695 2016 agit
718 1961 960 2011 Chaeream,
984 1974 1167 2016 persona
1188 1960 1260 2000 illa
1281 1959 1507 2009 lutulenta,
1530 1959 1611 1999 im-

169 2027 289 2069 pura,
313 2017 465 2068 invisa,
488 2018 531 2058 in
552 2018 624 2072 huj
634 2033 679 2058 us
699 2019 906 2069 moribus,
928 2027 1092 2069 natura,
1115 2018 1287 2071 vitaque
1305 2025 1370 2057 est
1391 2030 1608 2071 expressa.

171 2071 259 2117 Qui
282 2076 563 2128 quamobrem
596 2075 805 2117 Roscium
836 2076 1019 2116 similem
1045 2074 1109 2116 sui
1132 2075 1175 2116 in
1207 2074 1357 2116 fraude
1379 2083 1422 2113 et
1444 2073 1610 2115 malitia

167 2130 442 2184 existimarit,
473 2133 581 2174 nihil
614 2133 805 2174 videtur:
839 2133 920 2173 nisi
951 2132 1077 2183 forte,
1109 2132 1224 2187 quod
1259 2130 1461 2188 praeclare
1491 2130 1606 2171 hunc

167 2185 327 2229 imitari
365 2204 409 2230 se
441 2191 483 2231 in
517 2205 700 2246 persona
731 2190 896 2231 lenonis
929 2189 1248 2231 animadvertit.
1310 2188 1605 2235 Quamobrem
1618 2197 1668 2231 62

167 2244 297 2286 etiam
319 2255 448 2302 atque
470 2249 601 2289 etiam
622 2248 860 2298 considera,
885 2247 936 2289 C.
970 2247 1088 2298 Piso,
1110 2247 1206 2303 quis
1228 2261 1357 2302 quem
1388 2245 1607 2287 fraudasse

166 2301 349 2345 dicatur.
412 2304 595 2346 Roscius
620 2305 858 2347 Fannium?
891 2303 1010 2352 Quid
1036 2314 1101 2346 est
1122 2306 1230 2345 hoc?
1262 2304 1422 2359 probus
1446 2303 1608 2358 impro-

167 2358 286 2411 bum,
322 2363 486 2417 pudens
518 2363 830 2419 impudentem,
852 2362 1072 2418 perjurum
1103 2371 1260 2412 castus,
1293 2359 1494 2401 callidum
1527 2360 1650 2406 im-b.

164 2417 344 2472 peritus,
366 2419 552 2461 liberalis
583 2420 773 2462 avidum.
834 2419 1093 2461 Incredibile
1124 2427 1203 2469 est,
1226 2417 1608 2473 quemadmodum,

166 2473 200 2514 si
224 2474 413 2518 Fannius
439 2477 647 2519 Roscium
671 2477 889 2518 fraudasse
920 2477 1148 2526 diceretur,
1174 2484 1401 2529 utrumque
1423 2489 1477 2515 ex
1501 2476 1608 2516 utri-

163 2545 298 2588 usque
329 2548 512 2590 persona
542 2535 771 2576 verisimile
804 2534 1033 2585 videretur,
1064 2543 1108 2574 et
1128 2533 1342 2573 Fannium
1376 2546 1451 2587 per
1481 2532 1606 2573 mali-

163 2589 269 2630 tiam
291 2589 458 2643 fecisse,
481 2600 525 2632 et
548 2591 757 2634 Roscium
782 2606 855 2647 per
877 2590 1214 2647 imprudentiam
1236 2590 1467 2645 deceptum
1488 2603 1603 2640 esse;

164 2647 225 2688 sic
247 2663 345 2689 cum
370 2648 554 2690 Roscius
575 2649 787 2690 Fannium
810 2648 1028 2689 fraudasse
1047 2656 1266 2703 arguatur,
1286 2656 1457 2702 utrumq
1467 2661 1516 2687 ue
1539 2647 1604 2687 in-

161 2705 366 2748 credibile
383 2716 462 2757 est,
481 2717 524 2748 et
545 2705 754 2748 Roscium
776 2706 1011 2761 quidquam
1032 2720 1106 2760 per
1127 2704 1352 2745 avaritiam
1371 2704 1602 2760 appetisse,

161 2770 204 2802 et
228 2761 439 2804 Fannium
460 2764 696 2820 quidquam
719 2778 794 2820 per
819 2777 862 2804 se
891 2763 1085 2804 bonitate
1111 2762 1317 2803 amisisse.
1381 2761 1602 2817 Principia
1619 2753 1653 2802 8

240 2890 275 2920 17
301 2889 406 2928 capite
420 2893 450 2919 et
464 2890 645 2928 superciliis
658 2899 682 2920 s.
697 2899 724 2920 e.
738 2888 838 2928 rasis]
855 2888 1018 2926 Arbitror,
1037 2887 1230 2920 Ciceronem
1246 2887 1409 2928 scripsisse
1423 2895 1532 2917 rasus.
