1907 3231
283 116 361 150 254
794 112 860 149 IN
896 110 1176 149 VERREM

283 224 500 271 emptores
532 217 823 268 accessissent,
854 225 902 257 ut
935 217 987 258 ad
1016 216 1214 258 dimidias
1248 227 1389 271 partes
1425 214 1650 267 emendas3
1685 214 1720 256 si

285 272 418 328 pluris
449 274 712 316 vendidisses
745 284 790 315 tu
821 274 1035 324 dimidias,
1061 289 1189 328 quam
1220 273 1350 314 ceteri
1381 273 1596 322 decumas,
1627 273 1720 312 cui-

283 345 385 371 nam
415 332 572 372 mirum
602 333 845 373 videretur?
878 331 996 377 Quid
1027 345 1141 381 vero,
1165 331 1199 371 si
1223 345 1368 386 praeco
1399 330 1600 370 decumas
1623 343 1722 384 pro-

284 388 527 440 nuntiavit;
559 403 602 430 re
625 404 737 439 vera,
762 389 843 429 hoc
865 398 943 438 est,
965 387 1074 443 lege,
1092 387 1250 438 edicto,
1273 387 1522 428 conditione
1546 385 1640 442 plus
1658 396 1721 442 et?

284 444 386 496 iam,
410 461 539 501 quam
569 446 760 487 dimidiae
793 446 1044 486 venierunt?
1076 453 1218 485 tamen
1249 444 1332 485 hoc
1357 445 1435 485 tibi
1469 442 1722 499 praeclarum

284 503 473 558 putabis,
507 513 549 544 te
583 503 730 559 pluris,
762 502 880 556 quod
909 517 999 542 non
1032 501 1204 552 licebat,
1233 516 1362 556 quam
1394 511 1573 551 ceteros,
1606 499 1722 555 quod

286 561 530 615 oportebat,
548 560 817 600 vendidisse?
844 558 980 599 Pluris
1005 559 1176 599 vendidi
1199 558 1414 609 decumas,
1429 572 1558 614 quam
1575 557 1724 598 ceteri.

222 619 270 652 41
287 617 458 663 Quibus
491 618 614 657 rebus
638 618 681 658 id
712 625 929 657 assecutus
952 618 1029 657 es?
1061 615 1335 657 innocentia?
1366 615 1555 671 Adspice
1585 614 1724 655 aedem

287 674 503 715 Castoris:
536 674 705 724 deinde,
728 674 761 714 si
786 674 929 723 audes,
953 673 1020 714 fac
1037 673 1301 713 mentionem
1324 673 1599 713 innocentiae.
1643 671 1724 713 Di-

284 730 490 786 ligentia?
521 731 682 772 codicis
705 731 852 772 lituras
877 731 937 772 tui
958 729 1251 786 contemplare
1272 730 1315 770 in
1337 729 1504 770 Sthenii
1525 729 1722 770 Thermi-

283 787 375 828 tani
405 787 604 830 nomine:
636 789 790 830 deinde
814 789 923 830 aude
944 799 986 829 te
1015 788 1157 829 dicere
1180 787 1446 843 diligentem.
1508 786 1721 842 Ingenio?

282 845 356 900 qui
380 854 508 887 testes
534 846 789 903 interrogari
821 846 960 902 priore
983 846 1152 887 actione
1174 843 1376 895 nolueris,
1399 856 1442 884 et
1464 843 1515 884 iis
1538 844 1719 884 tacitum

281 917 328 943 os
360 912 483 943 tuum
515 905 707 959 praebere
738 903 951 954 malueris,
974 902 1266 959 quantumvis,
1289 910 1332 941 et
1364 911 1420 952 te,
1448 910 1491 942 et
1515 910 1721 956 patronos

280 968 394 1011 tuos,
426 961 673 1016 ingeniosos
705 975 796 1002 esse
826 961 974 1002 dicito.
1037 961 1137 1007 Qua
1167 974 1211 1000 re
1242 959 1376 1015 igitur
1406 958 1465 1009 id,
1495 958 1611 1013 quod
1643 958 1720 1008 ais,

280 1027 500 1058 assecutus
527 1021 597 1060 es?
630 1017 799 1074 Magna
825 1027 889 1059 est
917 1018 1033 1058 enim
1063 1018 1168 1067 laus,
1199 1017 1233 1058 si
1264 1016 1502 1072 superiores
1537 1014 1719 1056 consilio

281 1074 440 1126 vicisti,
482 1076 792 1130 posterioribus
823 1075 1070 1131 exemplum
1101 1086 1230 1130 atque
1275 1074 1581 1115 auctoritatem
1626 1071 1722 1113 reli-

281 1132 428 1186 quisti.
489 1132 588 1173 Tibi
620 1132 800 1174 fortasse
831 1133 1009 1174 idoneus
1043 1132 1127 1173 fuit
1157 1146 1299 1182 nemo,
1331 1145 1459 1186 quem
1489 1130 1718 1171 imitarere.

281 1188 342 1229 At
360 1199 402 1230 te
423 1189 638 1243 videlicet,
660 1191 929 1231 inventorem
948 1204 1088 1231 rerum
1107 1190 1369 1245 optimarum
1391 1203 1441 1229 ac
1463 1187 1720 1244 principem,

219 1246 568 1288 42imitabuntur
586 1263 749 1289 omnes.
811 1248 921 1294 Quis
952 1257 1184 1298 aratorum,
1207 1256 1249 1287 te
1272 1255 1471 1302 praetore,
1493 1245 1720 1285 decumam

281 1303 427 1347 dedit?
458 1305 553 1359 quis
584 1306 719 1347 duas?
748 1306 843 1361 quis
874 1321 961 1346 non
993 1305 1186 1345 maximo
1208 1319 1252 1345 se
1273 1303 1476 1344 affectum
1508 1301 1721 1345 beneficio

282 1362 467 1417 putavit,
496 1377 596 1404 cum
629 1364 764 1404 tribus
786 1363 978 1404 decumis
1001 1377 1079 1419 pro
1102 1377 1188 1402 una
1217 1360 1540 1417 defungeretur,
1562 1368 1720 1416 praeter

283 1434 459 1474 paucos,
480 1421 552 1475 qui
585 1430 761 1476 propter
783 1421 1034 1461 societatem
1066 1420 1279 1460 furtorum
1301 1427 1474 1459 tuorum
1496 1417 1604 1458 nihil
1626 1431 1718 1457 om-

239 1476 386 1518 1).ῃίηο
417 1478 653 1519 dederunt-,²
688 1478 810 1528 Vide,
834 1479 943 1518 inter
974 1478 1348 1533 importunitatem
1370 1485 1504 1526 tuam,
1527 1482 1720 1516 senatus-

283 1548 367 1589 que
401 1535 654 1585 bonitatem,
693 1536 796 1590 quid
834 1535 1018 1576 intersit.
1079 1536 1276 1584 Senatus,
1312 1548 1411 1574 cum
1450 1532 1719 1588 temporibus

277 1592 528 1647 reipublicae
552 1593 739 1649 cogitur,
763 1602 809 1632 ut
839 1594 1055 1643 decernat,
1078 1601 1126 1632 ut
1153 1592 1296 1633 altera:
1319 1590 1513 1631 decuniae
1536 1590 1717 1646 exigan-

278 1657 372 1700 tur;
405 1649 466 1690 ita
488 1650 694 1700 decernit,
718 1659 765 1690 ut
788 1650 971 1706 pecunia
994 1664 1070 1705 pro
1094 1649 1159 1690 his
1190 1648 1382 1689 decumis
1413 1647 1602 1688 solvatur
1625 1660 1717 1687 ara-

278 1706 459 1747 toribus.
487 1717 549 1758 ut,
572 1708 686 1762 quod
710 1707 803 1763 plus
835 1708 1032 1757 sumitur,
1055 1721 1184 1761 quam
1215 1706 1409 1755 debetur,
1432 1705 1477 1745 id
1507 1705 1606 1755 erni,
1628 1717 1716 1745 non

277 1763 434 1804 auferri
467 1775 656 1820 putetur.
717 1763 798 1815 Tu,
830 1780 929 1806 cum
962 1773 1029 1805 tot
1061 1765 1263 1805 decumas
1293 1777 1379 1803 non
1410 1771 1582 1803 senatus
1613 1775 1718 1802 con-

279 1821 406 1871 sulto,
431 1823 503 1863 sed
528 1822 650 1863 novis
680 1822 832 1863 edictis
864 1823 964 1871 tuis,
986 1821 1246 1876 nefariisque
1280 1820 1490 1861 institutis
1519 1819 1717 1875 exigeres

278 1888 322 1918 et
343 1879 551 1935 eriperes:
582 1894 791 1935 magnum
813 1888 855 1921 te
877 1880 1027 1921 fecisse
1058 1879 1323 1928 artitfflbere,
1345 1878 1380 1918 si
1412 1877 1545 1933 pluris
1569 1875 1719 1917 vendi-

278 1936 406 1987 deris,
425 1952 555 1992 quam
581 1937 629 1978 L.
653 1935 928 1988 Hortensius,
950 1946 1072 1992 pater
1094 1937 1216 1977 istius
1241 1936 1297 1982 Q.
1325 1935 1565 1985 Hortensii,
1586 1948 1717 1989 quam

281 1993 364 2034 Cn.
398 1993 647 2050 Pompeius,
679 2009 808 2049 quam
839 1994 906 2036 M.
941 1993 1201 2045 Marcellus3
1232 1993 1305 2048 qui
1338 1994 1391 2033 ab
1418 1992 1638 2047 aequitate,
1660 1991 1716 2032 ab

216 2061 266 2095 43
279 2049 388 2107 lege,
411 2053 465 2093 ab
487 2052 696 2092 institutis
719 2067 805 2092 non
836 2055 1128 2093 recesserunt?
1159 2050 1229 2091 An
1252 2051 1331 2091 tibi
1355 2051 1481 2091 unius
1504 2048 1620 2100 anni,
1642 2057 1717 2090 aut

280 2109 443 2149 biennii
472 2110 582 2150 ratio
610 2109 809 2150 habenda
839 2109 947 2151 fuit:
980 2109 1090 2149 salus
1122 2108 1374 2164 provinciae,
1402 2105 1632 2148 commoda
1655 2106 1716 2146 rei

277 2165 586 2218 frumentariae,
610 2167 718 2208 ratio
742 2167 990 2223 reipublicae
1015 2167 1058 2207 in
1083 2176 1302 2222 posterum
1325 2164 1407 2205 fuit
1428 2162 1717 2220 negligendae·

276 2237 377 2265 cum
399 2224 462 2265 ita
481 2239 570 2266 rem
601 2224 883 2265 constitutam
915 2225 1166 2280 accepisses,
1188 2232 1237 2263 ut
1261 2231 1304 2263 et
1326 2221 1487 2278 populo
1512 2220 1716 2261 Romano

276 2282 379 2322 satis
401 2281 608 2323 frumenti
630 2296 684 2323 ex
706 2281 854 2323 Sicilia
871 2282 1232 2337 suppeditaretur,
1250 2288 1294 2321 et
1311 2279 1552 2320 aratoribus
1570 2287 1716 2320 tamen

277 2352 396 2380 arare
415 2349 545 2395 atque
564 2354 690 2395 agros
709 2339 849 2380 colere
867 2339 1114 2395 expediret?
1147 2338 1265 2385 Quid
1285 2336 1467 2378 effecisti
1483 2338 1496 2378 ?
1526 2335 1630 2391 quid
1649 2349 1716 2375 as·

277 2397 448 2437 secutus
469 2399 538 2439 es?
570 2397 642 2445 Ut?
658 2397 820 2453 populo
843 2396 1058 2448 Romano,
1081 2406 1265 2452 praetore
1290 2405 1347 2445 te,
1370 2394 1514 2435 nescio
1535 2391 1639 2447 quid
1662 2391 1716 2432 ad

276 2453 478 2495 decumas
516 2455 753 2505 accederet,
791 2454 1043 2495 deserendas
1082 2453 1295 2495 arationes
1331 2449 1716 2506 relinquendasque

276 2511 451 2552 curasti.
503 2512 722 2553 Successit
743 2511 824 2553 tibi
849 2512 897 2553 L.
922 2510 1141 2551 Metellus.
1188 2509 1254 2551 Tu
1278 2507 1562 2557 innocentior,
1584 2521 1715 2562 quam

277 2566 511 2610 Metellus?
542 2579 589 2609 tu
611 2569 748 2610 laudis
774 2577 818 2610 et
847 2569 1023 2609 honoris
1054 2567 1280 2624 cupidior?
1311 2565 1392 2608 tibi
1407 2563 1530 2605 'enim
1562 2578 1718 2604 consu-

275 2623 386 2666 latus
417 2627 705 2681 quaerebatur,
727 2625 910 2667 Metello
941 2635 1143 2681 paternus
1173 2625 1312 2666 honor
1340 2632 1386 2663 et
1410 2623 1550 2663 avitus
1578 2620 1715 2677 negli-

277 2682 476 2737 gebatur.
505 2684 644 2725 multo
672 2684 852 2725 minoris
881 2683 1091 2733 vendidit,
1112 2697 1200 2723 non
1228 2681 1375 2730 modo,
1396 2693 1527 2735 quam
1555 2687 1618 2729 tu,
1640 2678 1715 2719 sed

197 2753 261 2807 17
276 2739 423 2791 etiam,
464 2755 593 2795 quarn
633 2742 707 2797 qui
750 2750 849 2782 ante
890 2750 933 2781 te
973 2739 1273 2781 vendiderunt.
1333 2738 1512 2788 Quaero,
1546 2735 1580 2776 si
1624 2735 1716 2791 ipse

276 2797 529 2853 excogitare
547 2812 636 2840 non
658 2807 843 2855 poterat,
865 2797 1230 2853 quemadmodum
1251 2809 1380 2852 quam
1402 2793 1588 2850 plurimo
1612 2806 1714 2834 ven-

275 2853 422 2905 deret3
452 2868 506 2897 ne
538 2867 614 2896 tua
645 2855 821 2911 quidem
854 2855 1043 2898 recentia
1074 2854 1263 2911 proximi
1297 2852 1494 2912 praetoris
1528 2848 1713 2907 vestigia
