1907 3231
300 135 378 170 282
837 131 906 170 IN
932 131 1211 172 VERREM

305 233 507 277 Leontini
534 235 702 278 Verres.
733 238 1041 279 2⁰Lxxxv111.
1072 247 1180 293 quot
1208 250 1320 279 anno
1350 236 1478 278 tertio
1506 235 1741 294 profitean-

301 302 387 333 tur.
421 307 588 335 xxxn.
649 294 796 336 Unum
828 303 872 334 et
886 295 1219 358 quinquaginta
1249 303 1436 336 aratores
1469 294 1585 335 sslita
1613 295 1738 337 video

301 350 509 406 dejectOS,
530 360 580 392 ut
600 350 666 392 his
690 366 742 392 ne
764 351 910 392 vicarii
941 351 1115 406 quidem
1137 352 1434 393 successerint.
1497 351 1618 398 Quot
1645 366 1741 394 ara-

301 415 431 459 tores,
452 409 707 450 adveniente
737 416 778 448 te
809 407 984 448 fuemnt
1011 409 1103 464 agri
1137 407 1412 464 Mutyensis?
1443 408 1662 450 videamus
1682 423 1739 451 ex

301 463 455 506 litteris
506 466 704 522 publicis,
750 478 1035 506 CLXXXVIII.
1113 465 1260 529 Quid?
1311 481 1423 507 anno
1465 466 1621 507 tertio?
1674 479 1740 507 cr.

305 535 483 564 Lxxvn
517 532 704 563 aratores
734 536 843 562 unus
879 536 981 577 ager
1012 521 1135 563 istius
1168 521 1327 577 injuria
1353 522 1580 574 desiderat,
1610 531 1741 579 atque

305 579 412 621 adeo
448 589 595 620 nostra
630 577 886 635 respublica,
917 578 1122 634 quoniam
1154 579 1227 620 illa
1256 579 1406 636 populi
1443 579 1631 622 Romani
1670 593 1742 621 ve-

305 636 483 692 ctigalia
512 645 626 687 sunt,
647 636 763 677 hunc
792 644 860 676 tot
892 635 1250 700 patrumfamilias
1278 650 1505 678 numerum
1529 636 1742 679 desiderat

305 702 350 733 et
371 693 572 749 reposcit.
631 692 750 749 Ager
780 691 1053 734 Herbitensis
1075 694 1216 758 primo
1237 708 1349 734 anno
1372 693 1525 735 habuit
1554 703 1741 736 aratores

261 760 293 792 b.
305 750 513 791 ducentos
543 750 860 814 quinquaginta
889 759 1068 806 septem,
1090 751 1218 791 tertio
1239 760 1414 792 centum
1435 751 1607 808 viginti.
1637 751 1741 793 hinc

303 816 478 848 centum
521 808 701 863 triginta
737 816 900 864 septem
940 807 1267 863 patresfamilias
1304 817 1496 849 extorres
1538 808 1743 865 profuge-

304 873 418 906 runt.
477 852 762 923 Agyrinensis
800 879 915 921 ager,
948 880 1132 920 quorum
1168 865 1417 907 hominum!
1450 880 1579 930 quam
1607 866 1742 907 hone-

303 923 517 963 storum!
540 937 670 977 quam
709 898 998 978 locupletum!
1046 923 1254 964 ducentos
1294 923 1613 979 quinquaginta
1651 938 1744 964 ara-

296 988 418 1021 tores
438 979 595 1020 habuit
615 980 756 1035 primo
778 994 890 1020 anno
914 988 1113 1035 praeturae
1145 989 1247 1021 tuae.
1308 980 1427 1026 Quid
1450 980 1578 1021 tertio
1600 983 1742 1022 anno?

305 1036 545 1092 octoginta,
577 1037 939 1092 quemadmodum
969 1036 1133 1093 legatos
1156 1036 1448 1094 Agyrinenses
1478 1038 1657 1079 recitare
1687 1052 1742 1079 ex

224 1093 291 1140 52
309 1088 491 1149 publicis
524 1093 677 1134 litteris
709 1094 905 1135 audistis
967 1071 1052 1134 Pro
1081 1094 1140 1134 dii
1174 1071 1459 1137 immortales!
1492 1095 1527 1135 si
1560 1110 1615 1136 ex
1645 1110 1744 1160 pro-

220 1165 291 1199 121
309 1151 451 1192 vincia
481 1160 574 1192 tota
598 1161 773 1192 centum
803 1151 1078 1207 septuaginta
1098 1151 1311 1207 ejecisseS,
1340 1166 1557 1215 possesne,
1586 1152 1743 1193 severis

299 1207 540 1262 judicibus,
563 1208 703 1250 salvus
724 1222 836 1250 esse.
831 1211 842 1239 ἒ
877 1208 996 1250 Unus
1017 1222 1120 1264 ager
1142 1208 1424 1265 Agyrinensis
1449 1223 1578 1250 ctxx
1602 1218 1744 1251 arato-

305 1266 424 1306 ribus
457 1265 626 1308 inanior
661 1281 761 1307 cum
798 1267 868 1317 sit,
901 1281 978 1307 vos
1009 1265 1306 1330 conjecturam
1341 1265 1475 1306 totius
1507 1267 1743 1323 provinciae

302 1336 392 1364 non
414 1323 611 1365 facietis?
641 1322 786 1379 Atque
817 1323 901 1364 hoc
935 1337 1136 1379 peraeque
1164 1324 1207 1363 in
1231 1322 1350 1364 omni
1378 1337 1483 1379 agro
1505 1325 1744 1365 decumano

303 1380 550 1436 reperietis:
582 1381 739 1437 quibus
775 1380 936 1436 aliquid
972 1390 1114 1421 tamen
1146 1381 1297 1436 reliqui
1330 1380 1462 1421 fuerit
1491 1395 1547 1422 ex
1583 1395 1744 1437 magno

304 1438 583 1501 patrimonio,
604 1453 677 1479 eos
700 1453 743 1479 1n
773 1453 888 1494 agris
908 1438 1074 1478 minore
1104 1438 1405 1489 instrument0,
1426 1439 1568 1479 minus
1598 1438 1745 1479 multis

297 1509 435 1551 Jugis,
459 1496 725 1546 remansisse,
746 1495 862 1550 quod
893 1495 1157 1546 metuebant,
1185 1496 1218 1535 si
1252 1495 1540 1547 recessissent,
1560 1510 1616 1538 ne
1647 1496 1745 1536 1eli-

301 1567 412 1607 quas
440 1552 634 1594 fortunas
667 1567 816 1594 omnes
851 1552 1123 1594 amitterent:
1155 1552 1312 1608 quibus
1345 1560 1490 1593 autem
1523 1553 1604 1594 iste
1633 1552 1745 1594 nihil

300 1609 471 1666 reliqui,
501 1611 617 1666 quod
650 1610 891 1667 perderent,
926 1609 1101 1674 fecerat,
1133 1624 1206 1651 eos
1239 1610 1364 1666 plane
1396 1624 1484 1651 non
1517 1609 1655 1675 solum
1687 1625 1744 1652 ex

302 1667 433 1723 agriS,
460 1682 610 1709 verum
637 1682 692 1708 ex
723 1667 972 1708 civitatibus
1003 1666 1090 1707 suis
1120 1666 1379 1724 profugisse.
1439 1666 1508 1708 Illi
1540 1667 1638 1724 ipsi,
1667 1667 1742 1722 qui

301 1735 609 1776 remanserant,
638 1727 680 1757 22
693 1725 767 1766 vix
797 1724 979 1765 decuma
1010 1738 1107 1779 pars
1138 1733 1368 1774 aratorum,
1397 1725 1586 1766 relicturi
1617 1739 1743 1788 agros

303 1795 452 1823 omnes
478 1792 615 1833 erant,
644 1781 728 1822 nisi
758 1781 812 1822 ad
840 1795 913 1822 eos
946 1780 1150 1822 Metellus
1182 1781 1325 1822 Roma
1350 1781 1514 1822 litteras
1543 1781 1744 1835 misisset,

304 1853 349 1879 se
371 1839 572 1881 decumas
591 1840 686 1896 leo-e
709 1838 949 1880 Hieronica
974 1838 1274 1890 xenditurum3
1305 1848 1349 1880 et
1377 1839 1460 1880 nisi
1492 1840 1547 1880 ab
1577 1839 1630 1880 iis
1659 1839 1745 1881 hoc

304 1897 542 1951 petivisset,
573 1905 620 1938 ut
632 1872 844 1937 bsererent
877 1910 1007 1952 quam
1045 1895 1304 1952 plurimum·
1337 1896 1451 1952 quod
1484 1896 1544 1937 illi
1578 1910 1744 1952 semper

306 1968 384 1993 sua
403 1969 533 1995 causa
553 1954 759 2004 fecerant,
780 1967 881 1995 cum
903 1966 974 1994 eos
998 1967 1124 1994 nemo
1146 1962 1332 2010 rogaret,
1354 1953 1558 2009 quamdiu
1588 1953 1746 1995 intelli-

306 2011 482 2065 gebant,
505 2026 595 2052 sese
627 2011 707 2052 sibi
733 2019 775 2051 et
807 2010 967 2066 populo
993 2010 1207 2061 Romano,
1229 2025 1317 2052 non
1341 2011 1462 2052 Verri
1483 2020 1528 2052 et
1535 2010 1744 2075 Apronio

221 2087 293 2122 100
307 2082 457 2119 serere,
480 2069 741 2126 impendere,
764 2068 971 2109 laborare.
1032 2067 1131 2110 Jam
1155 2083 1270 2119 V‘elo,
1294 2068 1480 2123 judices,
1510 2067 1545 2108 si
1577 2068 1745 2110 Siculo-

305 2140 399 2165 rum
442 2126 636 2167 fortunas
678 2124 924 2181 negligitis;
957 2124 1006 2175 5ἰ,
1043 2125 1407 2189 quemadmodum
1447 2125 1552 2166 socii
1594 2125 1744 2182 populi

306 2181 496 2225 Romani
527 2199 552 2224 a
575 2183 900 2239 magistratibus
932 2183 1089 2223 nostris
1121 2192 1371 2234 tractentur,
1399 2197 1486 2223 non
1514 2182 1743 2241 laboratis;

303 2248 347 2280 at
370 2255 445 2280 vos
467 2254 742 2282 communem
777 2239 923 2296 populi
957 2238 1146 2280 Romani
1177 2255 1349 2281 causam
1380 2240 1585 2296 suscipite
1616 2226 1743 2296 atque

302 2297 535 2339 defendite.
593 2297 771 2353 Ejectos
794 2306 981 2338 aratores
1004 2311 1094 2336 esse
1116 2297 1238 2339 dico:
1271 2311 1396 2353 agros
1420 2296 1650 2353 vectigales
1672 2312 1745 2338 ve-

301 2362 429 2395 xatos
460 2365 589 2410 atque
627 2354 872 2395 exinanitos
913 2369 938 2394 a
973 2353 1128 2395 Verre:
1162 2354 1427 2410 populatam,
1458 2363 1744 2409 vexatamque

299 2412 586 2467 proxinciam.
618 2412 712 2453 haec
745 2412 892 2453 omnia
920 2411 1054 2452 doceo
1080 2411 1234 2452 litteris
1263 2411 1504 2463 civitatum,
1526 2420 1570 2452 et
1601 2412 1744 2468 priva-

343 2538 384 2566 20
407 2535 737 2575 mxxviii—xxxin]
755 2536 817 2566 Per
832 2536 926 2575 signa
940 2544 1001 2565 nu·
1044 2535 1085 2565 ab
1100 2534 1183 2565 aliis.

300 2587 407 2608 meros
433 2579 570 2619 exprimi
597 2580 782 2608 curavimus
817 2584 855 2608 ut
888 2583 938 2608 est
966 2578 1000 2607 in
1086 2579 1123 2608 91
1149 2579 1197 2608 ita
1221 2577 1310 2608 video
1333 2576 1483 2618 dejectos]
1509 2576 1547 2608 de
1574 2577 1660 2617 agris
1684 2587 1743 2618 per

300 2620 372 2650 edd.
400 2630 449 2667 pr.
478 2629 513 2651 et
537 2624 674 2651 ceteris:
699 2630 775 2650 nam
807 2620 1000 2650 Ciceronem
1043 2619 1108 2649 ista
1131 2619 1268 2650 damna:
1293 2619 1348 2650 sed
1368 2619 1454 2650 forte
1476 2629 1589 2650 verum
1607 2626 1658 2650 est
1679 2619 1742 2661 qje·

301 2662 465 2702 scripsisse
508 2661 682 2703 explanate
721 2663 885 2700 octoginta
921 2666 1000 2697 octo,
1044 2666 1118 2692 ctos.
1162 2662 1244 2692 lnfr.
1259 2673 1287 2693 c.
1305 2663 1353 2692 5⁶2.
1369 2661 1440 2692 edd.
1456 2672 1504 2702 pr.
1519 2662 1574 2693 ubi
1589 2671 1678 2693 nunc
1691 2667 1743 2693 est

301 2705 466 2743 octoginta
477 2708 612 2745 septem,
635 2714 702 2734 non
726 2704 904 2734 credimus:
929 2705 1004 2743 quia
1045 2704 1172 2744 ejectae,
1190 2704 1314 2735 habent
1327 2702 1472 2745 dijectos.

301 2745 384 2776 bene
421 2747 523 2777 latine
558 2744 678 2777 dicitur
701 2746 1001 2785 duodenonaginta,
1088 2748 1128 2778 22
1152 2747 1206 2776 vix
1220 2747 1345 2777 decima
1354 2755 1438 2785 pars
1451 2746 1638 2786 aratorum]
1655 2745 1744 2777 Ara-

299 2792 419 2827 septem
439 2793 469 2819 et
483 2789 656 2827 octoginta.
703 2789 874 2828 Scriptura
891 2788 1002 2829 expla-
1046 2792 1155 2818 torum
1190 2788 1405 2828 glossatorem
1433 2790 1529 2829 sapit.
1574 2789 1654 2820 Mox
1680 2798 1743 2820 sua

296 2834 381 2860 nata
396 2831 537 2870 wilgar-is
550 2835 602 2860 est
616 2831 657 2860 ab
673 2830 768 2861 Aldo.
808 2830 854 2860 Et
867 2840 952 2870 saepe
967 2831 1001 2860 in
1044 2840 1146 2860 eausa
1173 2841 1213 2861 ex
1238 2831 1310 2863 edd.
1340 2835 1421 2862 vett.
1450 2832 1580 2864 restitui
1608 2841 1666 2872 pro
1691 2832 1744 2863 sui

300 2866 362 2902 hoc
385 2882 504 2912 genere
527 2878 700 2913 peccatum
710 2877 778 2910 est,
793 2877 832 2903 ut
847 2878 1000 2904 notatum
1044 2882 1155 2903 causa.
