1907 3231
498 91 620 129 ACT.
648 88 698 129 ΙΙ.
741 89 928 128 LIBER
953 90 1237 130 QUINTUs.
1515 95 1596 133 4⁶29

149 207 244 236 cos:
276 200 325 236 ut
347 193 659 252 intelligeretur
679 211 734 238 ex
756 195 988 248 mercibus,
1009 195 1166 251 quibus
1197 209 1251 235 ex
1284 194 1389 236 locis
1413 196 1596 253 naviga-

149 262 258 292 rent.
319 252 420 294 Non
447 253 739 308 providerant,
761 269 831 295 eas
860 254 973 310 ipsas
1003 253 1091 294 -sibi
1112 267 1261 293 causas
1283 266 1375 293 esse
1396 254 1592 308 periculi,

115 339 119 342 -
148 309 307 363 quibus
343 310 604 365 adjumentis
634 326 678 352 se
707 312 759 354 ad
793 311 974 352 salutem
1007 311 1071 351 uti
1105 310 1440 351 a1·bit1·abantur;
1503 311 1601 353 Iste·

147 366 264 412 enim
287 367 382 408 haec
403 381 475 408 eos
497 382 551 409 ex
576 369 811 424 piratarum
843 370 1049 411 societate
1076 368 1258 423 adeptos
1277 381 1368 408 esse
1390 367 1725 411 dicebatur-266·

147 421 264 478 ipsos
299 424 344 464 in
378 424 608 466 lautumias
640 427 797 468 abduci
820 427 1084 483 imperabat:
1117 439 1246 467 naves
1276 438 1427 466 eorum
1458 425 1634 480 atque'a·

147 494 280 521 onera
314 481 545 538 diligenter
581 485 837 525 asservando,
868 485 1062 526 curabat.
1123 482 1207 524 His
1242 481 1452 523 institutis
1487 474 1669 528 cum57

146 538 387 594 completus
412 539 506 594 jam
540 553 827 583 mercatorum
859 556 1005 583 carcer
1034 550 1160 592 esset,
1184 551 1276 582 tum
1308 539 1380 581 illa
1410 539 1678 592 fiebant,147

145 608 244 648 quae
280 595 328 636 L.
360 596 572 649 Suetium,
605 600 795 655 equitem
827 599 1089 650 Romanum,
1120 598 1399 640 lectissimum
1434 597 1590 648 virum,

145 651 289 694 dicere
321 655 516 707 audistis,
547 655 694 712 6lquas
726 668 892 698 ceteros
922 657 1121 697 audietis.
1184 655 1385 697 Cervices
1422 654 1467 695 ih
1497 669 1592 696 car-

136 723 242 750 cere
263 710 575 768 frangebantur
596 715 897 771 indignissime
917 714 1079 755 civium
1098 713 1409 764 Romanorum,
1433 712 1591 768 utjam

144 766 219 808 illa
247 782 335 810 vox
368 780 412 811 et
444 771 706 826 imploratio,
739 786 870 813 ervis
919 784 1161 812 ROMANUS
1199 784 1313 821 sum,
1344 785 1440 826 quae
1475 784 1593 826 saepe

144 824 307 878 multis,
341 828 383 868 in
422 828 586 870 ultimis
619 829 757 879 terris,
787 843 916 884 opem
952 828 1065 869 inter
1098 829 1303 869 barbaros
1332 838 1376 868 et
1408 827 1591 869 salutem

145 882 259 934 tulit,
295 899 346 925 ea
378 896 561 927 mortem
597 886 678 927 illis
711 886 977 927 acerbiorem
1005 895 1054 926 vet
1089 885 1350 942 supplicium
1380 886 1592 926 maturius

145 939 289 982 ferret.
343 942 460 989 Quid
484 952 563 993 est,
587 944 764 984 Verres?
796 944 900 999 quid
923 943 974 984 ad
998 943 1094 984 haee
1116 944 1283 999 cogitas
1306 943 1590 999 respondere?

145 1011 249 1039 num
288 1000 461 1041 mentiri
496 1004 591 1047 me?
621 1015 725 1041 num
763 1001 926 1057 fingere
960 1000 1150 1056 aliquid?
1180 1015 1284 1041 num
1317 1015 1475 1056 augere
1507 1001 1592 1041 cri-

142 1058 269 1098 men?
298 1072 401 1098 num
425 1058 529 1114 quid
552 1058 706 1100 horum
728 1059 869 1100 dicere
891 1059 984 1099 istis
1006 1058 1304 1099 defensoribus
1328 1060 1410 1099 tuis
1433 1058 1594 1099 audes?-

146 1112 267 1154 Cedo
291 1115 412 1166 mihi,
435 1131 599 1171 quaeso,
621 1131 676 1157 ex
713 1117 846 1172 ipsius
880 1116 975 1157 sinu
1008 1116 1170 1157 litteras
1202 1116 1588 1172 Syracusanorum,

143 1185 249 1225 quas
271 1171 352 1213 iste
374 1173 426 1214 ad
449 1174 675 1215 arbitrium
698 1189 823 1215 suum
839 1174 1060 1215 confectas
1081 1188 1172 1214 esse
1194 1174 1447 1215 arbitratur:
1478 1173 1588 1214 cedo

141 1228 354 1270 rationem
375 1232 681 1287 carceris,quae
696 1232 1027 1287 diligentissime
1043 1231 1287 1282 conficitur,
1306 1246 1392 1287 quo
1405 1230 1588 1286 quisque

142 1285 213 1326 die
235 1286 361 1331 datus
383 1289 428 1329 in
450 1290 709 1339 custodiam,
740 1305 826 1345 quo
849 1297 1058 1339 mortium,
1081 1303 1168 1343 quo
1189 1298 1366 1331 necatus
1389 1290 1459 1330 sit.
1486 1302 1586 1330 ΜΤ·
1601 1304 1675 1339 148

143 1356 284 1385 TERAE
329 1360 787 1388 SYRACUSANORUM.
847 1347 1015 1387 Videtis
1063 1347 1179 1387 cives
1232 1346 1452 1387 Romanos
1491 1361 1589 1402 gre-

142 1403 278 1457 gatim
302 1404 525 1459 conjectos
549 1405 590 1445 in
615 1405 870 1446 lautumias:
903 1404 1058 1444 videtis
1093 1403 1395 1460 indignissimo
1426 1404 1470 1444 in
1492 1404 1589 1445 loco

141 1471 440 1502 coacervatam
486 1462 810 1503 multitudinem
861 1470 1100 1503 vestrorum
1153 1462 1330 1502 civium.
1393 1462 1590 1508 Quaerite

142 1530 259 1558 nunc
290 1519 487 1575 vestigia,
520 1521 677 1575 quibus
708 1519 851 1561 exitus
883 1518 1052 1560 illorum
1090 1533 1145 1559 ex
1179 1518 1251 1559 illo
1285 1518 1381 1560 loco
1413 1533 1592 1575 compa-

142 1583 279 1616 reant.
301 1576 418 1617 nulla
449 1589 564 1619 sunt.
626 1578 847 1619 Omnesne
874 1577 1064 1618 mortui?
1096 1577 1139 1618 Si
1173 1576 1234 1617 ita
1263 1585 1409 1632 posset
1441 1577 1590 1618 defen-

142 1631 257 1684 dere,
279 1642 423 1675 tamen
447 1635 552 1676 fides
576 1635 676 1677 huic
697 1635 938 1676 defensioni
964 1649 1048 1675 non
1074 1633 1318 1674 haberetur.
1381 1634 1465 1675 Sed
1485 1635 1592 1675 scri-

141 1700 264 1745 ptum
286 1701 431 1733 exstat
452 1692 496 1733 in
521 1694 672 1735 iisdem
691 1693 863 1743 litteris,
886 1692 1002 1748 quod
1026 1693 1106 1733 iste
1132 1691 1262 1733 homo
1298 1692 1504 1732 barbarus
1535 1707 1588 1734 ac
1625 1728 1631 1732 .

142 1746 376 1794 dissolutus
396 1765 536 1805 neque
568 1751 789 1793 attendere
822 1765 1043 1805 umquam,
1068 1764 1206 1805 neque
1238 1749 1479 1806 intelligere
1510 1764 1590 1806 po-

142 1805 242 1857 tuit,
271 1807 662 1853 ΘΞΕΔΙΚΩΘΗΣΑΝ,
693 1809 849 1864 inquit,
872 1817 919 1849 ut
951 1807 1084 1849 Siculi
1119 1807 1367 1862 loquuntur,
1389 1808 1472 1849 hoc
1506 1817 1587 1859 est,

143 1863 359 1920 supplicio
380 1864 525 1906 affecti
548 1880 598 1906 ac
621 1867 762 1908 necati
793 1875 906 1907 sunt.
969 1866 1015 1907 Si
1037 1865 1133 1921 quis
1156 1879 1247 1916 reX‚
1271 1866 1304 1905 si
1327 1879 1414 1920 qua
1433 1865 1586 1907 civitas
1600 1864 1672 1915 58

142 1932 387 1963 exterarum
410 1922 622 1979 gentium,
653 1924 687 1965 si
720 1939 807 1980 qua
836 1923 954 1965 natio
985 1923 1159 1965 fecisset
1187 1922 1348 1978 aliquid
1382 1924 1424 1964 in
1445 1923 1586 1964 civem
1602 1940 1678 1974 149

143 1977 393 2021 Romanum
435 1980 665 2035 ejusmodi,
711 1996 856 2023 nonne
894 1981 1069 2038 publice
1112 1980 1455 2022 vindicaremus?
1498 1987 1632 2022 nonb.

140 2036 254 2078 bello
298 2042 678 2094 persequeremur?
720 2054 942 2095 possemus
983 2040 1096 2079 hanc
1138 2038 1356 2094 injuriam,
1401 2039 1590 2094 ignomi-

140 2095 345 2150 niamque
381 2097 568 2137 nominis
604 2096 808 2149 Romani,
839 2097 1020 2138 inultam
1058 2097 1404 2152 impunitamque
1426 2096 1590 2137 ‘dimit-

141 2155 255 2195 tere?
288 2154 410 2200 Quot
435 2154 543 2195 bella
565 2155 749 2210 majores
772 2167 956 2205 nostros,
987 2165 1030 2195 et
1061 2164 1224 2209 quanta
1256 2154 1494 2210 suscepisse
1523 2169 1591 2195 ar-

141 2210 378 2263 bitramini,
401 2213 517 2267 quod
540 2212 655 2253 cives
679 2212 868 2254 Romani
897 2213 1056 2268 injuria
1078 2211 1240 2262 affecti,
1271 2212 1387 2266 quod
1409 2211 1590 2253 navicu-

140 2267 234 2310 larii
263 2270 435 2321 retenti,
465 2269 582 2326 quod
615 2281 874 2316 merc-atores
908 2269 1081 2326 spoliati
1110 2270 1383 2311 dicerentur?
1413 2269 1475 2309 At
1503 2283 1592 2325 egos

141 2335 330 2368 retentos
372 2342 460 2369 non
502 2342 681 2383 queror:
716 2328 921 2385 spoliatos
960 2327 1185 2368 ferendum
1226 2337 1355 2383 puto:
1387 2327 1600 2378 navibus,-

139 2384 387 2440 mancipiis,
427 2386 642 2426 mercibus
685 2386 881 2437 ademtis,
929 2385 975 2427 in
1019 2384 1190 2426 vincula
1230 2384 1454 2439 conjectos
1495 2398 1609 2428 esse:

140 2452 416 2495 mercatores,
448 2453 492 2489 et
524 2444 568 2484 in
591 2444 772 2485 vinculis
803 2444 919 2490 cives
954 2442 1176 2489 Romanos
1212 2452 1390 2489 necatos
1409 2456 1501 2489 esse
1520 2456 1589 2487 ar„

141 2513 244 2555 guo.
305 2500 351 2541 Si
373 2500 468 2543 haec
491 2502 605 2558 apud
630 2502 814 2559 Scythas
839 2501 1042 2553 dicerem,
1066 2515 1151 2541 non
1174 2499 1246 2541 hic
1269 2500 1314 2541 in
1335 2508 1457 2541 tanta
1477 2500 1588 2541 mul-
1603 2507 1680 2541 150

180 2670 218 2700 61
243 2678 314 2709 quoe
326 2670 460 2710 eeteros]
478 2671 626 2702 Graevius
643 2681 660 2702 e
675 2669 739 2704 ΜΒ.
756 2670 838 2711 Reg.
881 2669 972 2701 hunc
986 2669 1062 2706 feei,
1079 2678 1179 2708 quem
1193 2668 1226 2700 J.
1240 2669 1434 2700 Gronovius?
1443 2669 1588 2707 volebat,
1603 2682 1605 2685 ·

138 2712 230 2745 addit
244 2716 286 2742 et.
884 2713 1046 2754 probante
1061 2712 1203 2743 Graevio.
1248 2711 1312 2746 Sed
1331 2711 1388 2749 ille
1401 2713 1477 2753 jam
1490 2719 1540 2745 est
1554 2713 1592 2743 in

180 2756 222 2790 62
244 2754 437 2795 mausum]
479 2766 510 2787 v.
550 2754 623 2786 Ind.
660 2756 768 2788 Graec.
806 2757 842 2787 in
886 2755 937 2789 ed.
954 2754 1030 2789 Aldi
1044 2752 1131 2795 Nep.

141 2797 254 2833 clave.
303 2798 461 2834 Ceterum
489 2798 639 2834 ordinem
667 2799 843 2832 verborum
1121 2825 1123 2827 .
