1907 3231
567 107 686 145 PRO
711 106 757 146 L.
785 106 1056 145 MURENA.
1461 111 1536 150 723

99 221 210 264 opus
233 209 288 251 sit
309 223 375 260 eo,
396 223 482 264 quo
508 225 674 266 semper
699 212 761 252 usi
789 214 961 253 sumus?
994 210 1207 252 Homines
1231 218 1378 252 tenues
1401 225 1535 252 unum

101 264 264 307 habent
286 266 329 308 in
350 275 541 308 nostrum
561 268 755 309 ordinem
778 279 852 309 aut
874 272 911 300 ¹5
925 268 1212 324 promerendi,
1231 277 1305 309 aut
1324 267 1533 309 referendi

100 321 300 365 beneficii
325 324 482 374 locum,
505 324 616 366 hanc
641 325 685 366 in
711 327 865 367 nostris
898 324 1181 382 petitionibus
1205 340 1378 380 operam
1404 335 1533 380 atque

98 381 443 423 assectationem.
473 395 612 436 neque
635 383 747 423 enim
773 383 864 424 fieri
890 392 1045 440 potest,
1065 396 1203 437 neque
1226 383 1529 438 postulandum
1544 405 1574 432 p.
1596 400 1662 429 141.

97 445 164 476 est
186 452 211 478 a
237 439 377 489 nobis,
399 446 474 479 aut
496 440 550 479 ab
573 441 790 495 equitibus
824 441 1044 492 Romanis,
1067 448 1114 480 ut
1141 453 1238 480 suos
1271 440 1530 480 necessarios
1541 447 1572 469 ἃ·

97 495 350 536 candidatos
385 497 650 537 16sectentur
682 506 796 539 totos
827 498 941 540 dies:
975 513 999 538 a
1027 498 1183 553 quibus
1208 496 1241 536 si
1274 496 1426 537 domus
1456 512 1533 536 no-

95 559 184 592 stra
203 551 458 604 celebratur,
478 554 512 595 si
534 554 749 596 interdum
772 555 824 596 ad
842 554 983 596 forum
1003 555 1270 604 deducimur,
1292 554 1325 594 si
1350 568 1435 594 uno
1462 555 1534 594 ba-

96 607 229 650 silicae
260 611 401 665 spatio
433 611 724 664 honestamur,
758 612 987 668 diligenter
1017 611 1233 652 observari
1269 611 1460 652 videmur
1492 620 1534 651 et

94 663 201 706 coli:
235 668 477 709 tenuiorum
496 677 539 709 et
559 683 646 709 non
666 680 974 725 occupatorum
995 670 1231 712 amicorum
1249 678 1312 709 est
1333 668 1414 709 ista
1429 668 1534 708 assi-

91 720 260 765 duitas:
292 740 475 780 quorum
506 726 634 782 copia
665 727 789 768 bonis
825 736 868 768 et
900 727 1102 768 beneficis
1133 727 1258 767 deese
1288 741 1372 766 non
1408 725 1530 766 solet.

94 777 198 820 Noli
224 781 357 836 igitur
377 782 541 839 eripere
566 784 680 825 hunc
702 784 894 827 inferiori
918 784 1063 840 generi
1092 783 1318 824 hominum
1342 783 1528 824 fructum
1541 798 1589 837 71

93 836 242 889 officii,
267 838 407 882 Cato:
442 840 532 881 sine
561 840 649 892 eos,
671 842 745 896 qui
777 842 922 882 omnia
947 857 972 882 a
1003 841 1127 882 nobis
1159 853 1346 897 sperant,
1374 841 1531 882 habere

91 893 207 949 ipsos
234 910 407 952 quoque
437 896 613 953 aliquid,
636 899 752 954 quod
784 899 909 939 nobis
937 899 1123 940 tribuere
1156 899 1336 954 possint.
1397 898 1441 939 Si
1465 898 1531 938 ni-

90 949 152 991 hil
189 951 284 1002 erit,
320 963 477 1009 praeter
515 955 704 1011 ipsorum
741 955 1010 1012 suffragium,
1041 967 1170 998 tenne
1207 964 1269 996 est
1286 962 1311 998 ε’
1343 958 1377 989 17
1397 955 1445 1004 si,
1483 964 1532 995 ut

91 1007 394 1065 suffragentur,
414 1011 521 1052 nihil
540 1012 683 1054 valent
701 1014 853 1070 gratia.
917 1013 1004 1069 Ipsi
1026 1014 1226 1069 denique,
1245 1022 1292 1054 ut
1315 1012 1452 1053 solent
1470 1012 1529 1052 lo-

88 1065 179 1120 qui,
208 1081 294 1108 non
321 1069 463 1110 dicere
495 1084 572 1125 pro
603 1071 744 1123 nobis,
776 1086 861 1113 non
894 1071 1119 1128 spondere,
1150 1085 1237 1111 non
1271 1084 1422 1111 vocare
1451 1070 1529 1111 do-

92 1136 212 1164 mum
238 1139 357 1167 suam
387 1137 588 1183 possunt:
622 1136 750 1184 atque
770 1129 866 1170 haec
889 1143 913 1169 a
935 1129 1059 1171 nobis
1083 1137 1236 1184 petunt
1257 1127 1423 1169 omnia:
1456 1142 1529 1168 ne-

88 1194 173 1234 que
195 1181 279 1223 ulla
300 1197 344 1224 re
370 1184 466 1236 alia,
489 1200 586 1241 quae
612 1201 637 1226 a
657 1187 783 1228 nobis
810 1195 1146 1243 consequuntur,
1171 1185 1252 1226 nisi
1276 1199 1407 1241 opera
1438 1199 1528 1235 sua,

88 1242 356 1295 compensari
391 1251 546 1298 putant
577 1258 715 1299 posse.
779 1243 932 1299 Itaque
962 1255 1004 1284 ct
1031 1243 1115 1299 legi
1149 1243 1311 1293 Fabiae,
1335 1256 1432 1298 qnae
1464 1252 1530 1283 est

87 1294 141 1335 de
162 1310 342 1340 numero
374 1309 650 1352 sectatorum,
672 1311 716 1343 et
749 1305 785 1333 18
803 1311 974 1343 senatus
1003 1301 1218 1350 consulto,
1245 1301 1361 1355 quod
1387 1307 1453 1341 est
1479 1300 1528 1341 L.

88 1351 262 1396 Caesare
282 1357 459 1398 consule
476 1357 655 1411 factum,
674 1358 937 1400 restiterunt.
972 1362 1008 1393 19
1024 1358 1138 1400 nulla
1155 1367 1219 1399 est
1240 1357 1355 1398 enim
1381 1372 1527 1413 poena,

83 1424 182 1464 quae
205 1414 342 1467 possit
363 1416 682 1458 observantiam
707 1417 949 1458 tenuiorum
973 1418 1027 1457 ab
1050 1416 1133 1457 hoc
1157 1426 1299 1456 vetere
1326 1414 1526 1456 instituto

82 1468 326 1512 officiorum
349 1472 592 1514 excludere.
649 1474 712 1515 At
732 1474 977 1530 spectacula
1005 1483 1105 1514 sunt
1126 1472 1323 1514 tributim
1347 1473 1461 1522 data,
1483 1481 1525 1513 et
1537 1487 1586 1525 γρ

82 1526 135 1567 ad
158 1529 386 1582 prandium
410 1529 540 1586 vulgo
561 1531 717 1573 vocati.
779 1531 872 1572 Etsi
893 1531 977 1572 hoc
1000 1531 1163 1572 factum
1183 1546 1207 1571 a
1228 1530 1415 1571 Murena
1432 1544 1525 1570 om-

81 1583 202 1635 nino,
217 1584 405 1640 judices,
428 1602 514 1628 non
537 1596 628 1641 est;
659 1590 714 1630 ab
735 1588 829 1645 ejus
852 1588 1002 1630 amicis
1025 1597 1167 1629 autem
1192 1601 1310 1627 more
1332 1597 1375 1627 et
1397 1588 1528 1628 modo

82 1639 247 1683 factum
278 1652 368 1695 est;
401 1653 544 1686 tamen
574 1646 823 1687 admonitus
858 1661 902 1688 re
932 1646 1040 1702 ipsa,
1069 1645 1285 1694 recordor,
1316 1655 1528 1699 qnantum

82 1698 152 1740 hae
175 1702 505 1756 20quaestiones‚
523 1702 568 1743 in
585 1713 734 1745 senatu
752 1703 929 1755 habitae,
950 1711 1209 1759 punctorum
1231 1702 1369 1753 nobis,
1389 1701 1527 1751 Servi,

82 1755 364 1799 detraxerint.
427 1759 558 1807 Quod
577 1761 692 1802 enim
713 1770 882 1818 tempus
902 1761 986 1802 fuit
1002 1769 1077 1801 aut
1095 1769 1243 1801 nostra
1264 1769 1338 1799 aut
1356 1768 1527 1814 patrum

81 1823 328 1857 nostrorum
349 1817 572 1870 memoria,
591 1833 678 1875 quo
699 1818 811 1871 haec,
829 1819 919 1860 sive
941 1817 1124 1859 ambitio
1145 1825 1210 1858 est
1232 1817 1321 1858 sive
1340 1816 1526 1857 liberali-

80 1878 160 1924 ωε,
177 1887 266 1915 non
284 1873 430 1926 fuerit,
448 1883 497 1916 ut
516 1875 635 1918 locus
655 1883 698 1917 et
720 1877 765 1918 in
785 1877 902 1919 circo
924 1878 960 1906 2¹
977 1884 1021 1917 et
1045 1875 1089 1917 in
1107 1874 1202 1917 foro
1225 1875 1398 1916 daretur
1420 1874 1527 1919 ami·

823 2006 862 2038 de
878 2007 1094 2038 assectatione
1107 2006 1347 2043 coercenda,ut
1362 2005 1414 2036 lex
1426 2006 1527 2036 ferre-

121 2008 160 2037 15
176 2016 286 2046 prom.
307 2011 367 2038 aut
384 2005 549 2048 referendi
566 2007 609 2048 b.]
633 2007 780 2048 Vulgata

822 2056 891 2080 tur.
935 2050 971 2080 Ei
991 2050 1141 2080 restitere
1155 2059 1213 2090 per
1227 2049 1400 2079 tribunum
1422 2048 1526 2088 piebis

76 2047 177 2079 lectio
200 2049 389 2090 proferendi
422 2060 553 2081 sensum
586 2060 653 2081 non
680 2051 780 2081 habet

78 2091 155 2121 huic
177 2091 250 2128 loco
275 2096 412 2134 aptum:
441 2093 476 2123 id
496 2093 627 2133 quidem
650 2098 779 2124 certum

77 2138 138 2163 est.
183 2134 279 2165 Edidi
302 2145 379 2174 ergo
402 2137 627 2175 conjecturam
648 2136 686 2166 P.
708 2136 781 2166 Ma-

79 2177 178 2213 nutii‚
195 2181 361 2218 receptam
376 2189 396 2209 a
410 2177 586 2214 Lambino,
606 2178 780 2218 probatam

77 2218 220 2256 Graevio,
238 2224 276 2250 ut
289 2220 406 2251 saltem
421 2221 676 2260 intelligeretur,
692 2220 780 2260 quod

76 2260 258 2293 edidissem.
289 2263 329 2293 In
347 2264 408 2293 Ms.
423 2263 531 2294 Guelf.
547 2267 598 2293 est
606 2262 779 2304 proferen-

76 2303 123 2341 di,
138 2304 194 2335 sed
208 2307 465 2346 superscriptum
481 2316 497 2335 e
511 2315 609 2346 super
622 2315 649 2335 ο.

122 2346 159 2377 16
191 2348 368 2388 sectentur]
399 2348 463 2380 Ms.
491 2347 601 2379 Guelf.
625 2346 716 2379 addit
742 2352 776 2378 et

69 2395 232 2427 praeeant,
249 2391 304 2421 sed
317 2401 360 2420 m.
378 2401 403 2421 s.

123 2433 157 2465 17
179 2433 220 2469 si,
242 2438 281 2463 ut
309 2431 560 2473 suffragantur,
590 2433 675 2463 nihil
696 2431 772 2471 ὕεα]

75 2470 149 2503 Hoc
167 2475 298 2513 quidem
315 2476 469 2506 vitiosum
485 2480 545 2506 est.
569 2484 659 2511 nam,
675 2475 715 2511 si,
736 2478 775 2504 ut

73 2514 326 2555 suffragantur,
349 2518 427 2558 quid
447 2518 519 2549 est?
545 2518 609 2548 Ms.
628 2517 692 2548 Gu.
716 2516 774 2547 ha-

73 2556 130 2588 bet
150 2558 396 2599 suffragentur,
414 2560 503 2600 quod
524 2566 558 2590 et
574 2560 608 2590 F.
634 2559 773 2590 Ursinus

73 2607 324 2641 commemorat,
347 2603 584 2642 edideruntque
609 2602 683 2633 Ald.
707 2601 774 2631 Ne-

74 2652 132 2682 pos
154 2646 242 2675 1580.
260 2644 374 2676 Lanib.
413 2646 450 2676 Id
466 2655 576 2676 verum
593 2649 656 2676 est.
692 2645 772 2675 Sen—

74 2696 127 2716 sus
140 2691 207 2717 est:
232 2689 257 2718 si
275 2688 358 2719 nihil
371 2689 446 2724 erit,
464 2689 525 2718 nisi
542 2693 580 2718 ut
591 2687 772 2726 suffragen-

71 2733 140 2765 tur,
164 2729 195 2760 id
216 2740 345 2770 quoque
367 2741 485 2772 parum
508 2736 582 2768 est;
606 2731 682 2769 quia
704 2739 772 2760 non

72 2775 152 2802 sunt
164 2773 312 2811 gratiosi,
327 2773 471 2813 adeoque
486 2782 600 2804 eorum
616 2772 772 2813 suffraga-

69 2815 118 2845 tio
133 2815 215 2845 nihil
229 2816 380 2856 prodesse
400 2822 519 2856 potest.

114 2860 149 2889 18
181 2857 517 2898 SCto-—resti'cermzq
544 2858 669 2889 SCtum
694 2858 771 2894 fuit,

822 2094 864 2133 Ω.
889 2093 1054 2129 Mucium,
1068 2093 1124 2132 qui
1145 2093 1342 2122 intercessit.
1357 2101 1387 2122 v.
1404 2091 1525 2122 Ascon.

823 2135 864 2166 ad
879 2135 936 2166 Or.
954 2136 988 2165 in
1002 2135 1096 2174 Toga
1112 2134 1269 2166 Candida.

869 2181 906 2211 19
928 2179 1024 2208 nulla
1044 2181 1091 2207 est
1109 2178 1197 2207 enim
1214 2186 1313 2216 poena
1336 2175 1410 2215 &c.]
1451 2176 1525 2207 Hoc

822 2229 890 2251 non
904 2220 1046 2251 refertur
1064 2218 1106 2249 ad
1121 2218 1356 2260 praecedentia,
1372 2229 1432 2249 nec
1447 2219 1526 2249 rati-

821 2273 921 2293 onem
943 2272 1059 2293 eorum
1082 2261 1194 2293 habet,
1236 2261 1376 2292 Videtur
1401 2261 1524 2301 aliquid

819 2309 898 2336 ante
921 2305 1087 2342 excidisse,
1101 2305 1193 2343 eujus
1210 2304 1292 2334 ratio
1308 2303 1474 2340 reddatur,
1492 2315 1522 2334 V.

819 2359 848 2379 c.
874 2354 909 2378 et
929 2347 1116 2379 frustratus
1137 2346 1408 2378 assectationibus
1429 2357 1524 2387 repu-

819 2391 1006 2430 gnabimus.

863 2436 904 2464 20
926 2433 1114 2472 quaestiones
1126 2432 1162 2462 in
1174 2434 1290 2462 senatu
1306 2431 1437 2471 habitae]
1465 2432 1521 2462 In-

816 2475 1008 2515 quisitiones
1023 2475 1061 2505 de
1078 2474 1148 2505 istis
1163 2474 1272 2510 rebus,
1289 2483 1344 2510 an,
1359 2478 1394 2503 et
1409 2485 1428 2504 a
1449 2474 1517 2514 qui-

816 2518 889 2555 bus,
901 2518 998 2548 faetae
1013 2516 1092 2553 sint,
1109 2522 1146 2547 ut
1169 2517 1216 2547 iis.
1230 2515 1345 2545 modus
1360 2516 1431 2554 lege
1452 2523 1519 2547 sta-

816 2564 978 2591 tueretur.
1004 2560 1208 2600 quoestiouem
1231 2559 1347 2588 habere
1369 2558 1407 2589 de
1427 2559 1519 2597 judi-

817 2603 874 2633 ciis
896 2603 1026 2643 proprie
1047 2602 1169 2632 dicitur
1190 2601 1223 2631 in
1246 2601 1351 2631 causis
1365 2601 1515 2641 publicis.

815 2645 878 2676 Sed
885 2649 920 2676 et
932 2656 951 2676 a
962 2648 1080 2676 senatu
1092 2642 1297 2684 quarundam
1307 2653 1415 2673 rerum
1429 2654 1516 2684 quae.

815 2688 937 2718 stiones
966 2687 1101 2723 habitae,
1125 2686 1181 2717 sed
1203 2685 1304 2716 aliter*
1326 2691 1361 2716 et
1387 2686 1422 2716 in
1446 2687 1518 2717 aliis

815 2730 949 2767 caussis,
962 2738 1059 2768 quam
1079 2738 1153 2768 quae
1175 2728 1216 2759 ad
1228 2727 1356 2767 judicia
1375 2731 1520 2768 pertine-

817 2778 913 2809 rent;
935 2777 975 2802 ut
990 2782 1008 2802 e
1022 2772 1116 2802 Livio
1130 2771 1296 2801 discimus.

858 2818 895 2845 21
920 2819 951 2845 et
966 2815 1001 2844 in
1004 2813 1100 2854 foro]
1127 2812 1281 2852 Intellige
1295 2813 1335 2843 de
1351 2811 1435 2842 ludis
1450 2812 1520 2851 gia.

816 2856 976 2896 diatoriis,
999 2857 1054 2897 qui
1077 2860 1168 2894 ante,
1189 2866 1288 2895 quam
1312 2854 1518 2895 amphithea-

734 2907 862 2941 :JA2
