1907 3231
543 124 669 162 ACT.
697 121 748 161 Π.
783 120 973 160 LIBER
1004 119 1280 160 TERTIUS.
1552 125 1640 167 297⁷

190 235 319 285 atque
340 227 554 280 indolem3
585 229 689 284 quid
709 243 763 270 ex
786 243 837 269 eo
859 227 963 269 boni
991 226 1151 283 sperari
1179 234 1309 281 atque
1337 226 1450 268 effici
1473 236 1633 284 potest,

191 289 265 342 qui
288 302 332 328 in
353 286 486 343 patris
508 286 678 327 lu-xuiie
700 286 760 327 sic
782 286 953 336 vixerit,
976 295 1024 325 ut
1045 283 1258 324 5ΘιιιιΠιιιιι
1280 297 1483 339 umquam
1507 287 1634 341 pudi-

192 359 292 385 cum
313 359 451 400 neque
472 344 664 384 sobrium
687 344 934 385 convivium
957 342 1135 383 videiit?
1166 341 1239 397 qui
1264 341 1308 381 in
1330 341 1465 397 epulis
1488 345 1632 397 quoti-

193 401 347 453 dianis,
369 401 571 442 adultae·
537 411 680 452 ‘stat-e,
697 416 772 457 per
789 401 1021 442 tiienn‘iuin
1044 400 1155 440 inter
1175 399 1416 455 impudicas
1435 401 1633 441 mulieies

192 467 236 498 et
258 459 591 516 intempeiantes
617 461 728 500 vinos
751 469 941 500 versatus
971 458 1053 499 sit?
1083 457 1190 498 nihil
1221 471 1425 512 umquam
1455 472 1479 498 a
1511 468 1634 513 patre

190 516 388 567 audierit,
419 531 505 572 quo
551 517 782 573 pudentior
816 527 890 557 aut
925 516 1076 556 melior
1113 518 1248 556 esset?
1279 513 1389 555 nihil
1424 529 1633 570 umquam

191 582 362 638 patiem
381 588 508 630 agere
529 575 700 625 viderit,
721 574 836 630 quod
853 589 952 615 cum
973 574 1166 614 imitatus
1182 583 1308 624 esset,
1329 587 1430 624 non,
1453 573 1496 613 id
1515 573 1630 628 quod

191 631 489 687 turpissimum
518 643 597 683 est,
629 632 741 688 patri
773 632 922 673 similis
955 633 1206 688 putaimetui?
1240 605 1445 678 Qiiibus
1437 645 1479 671 in
1503 631 1629 672 iebus
1644 627 1716 691 69

190 702 279 729 non
312 689 449 731 solum
480 690 583 740 filio,
618 704 767 731 v·e1um
800 690 930 731 etiam
965 689 1213 744 reipublicae
1243 688 1383 729 fecisti
1412 689 1630 745 injuriam.
1648 706 1720 740 151

192 745 450 803 Suscepeias
480 748 592 788 enim
617 747 774 789 libeios
803 763 889 788 non
912 747 1050 788 solum
1073 747 1168 797 tibi,
1200 746 1272 787 sed
1295 747 1427 787 etiam
1460 747 1634 802 patriae:

190 818 264 859 qui
287 819 375 845 non
397 806 527 846 modo
550 806 629 846 tibi
654 805 881 861 voluptati,
917 804 990 844 sed
1017 804 1149 844 etiam
1181 804 1255 858 qui
1287 804 1517 859 aliquando
1539 805 1636 846 usui

189 861 449 927 reipublicae
474 877 565 903 esse
594 872 784 919 possent.
847 861 932 903 Eos
966 862 1190 902 instituere
1216 870 1346 916 atque
1379 863 1547 903 emdire
1580 863 1635 905 ad

190 919 407 975 majorum
441 920 652 970 instituta,
685 930 814 975 atque
855 919 1045 961 civitatis
1083 918 1370 974 disciplinam,
1409 934 1497 961 non
1529 920 1638 963 6οειά

191 985 286 1018 tuas
310 978 597 1034 turpitudines
620 978 824 1018 debuisti
886 977 1010 1018 Esset
1041 991 1096 1018 ex
1123 976 1266 1027 ineiti‚
1300 987 1429 1033 atque
1451 978 1637 1034 impuro,

189 1043 234 1075 et
255 1037 455 1092 improbo
477 1044 652 1091 parente
674 1050 824 1086 navus,
847 1044 890 1076 et
913 1035 1092 1091 pudens,
1109 1044 1152 1075 et
1174 1036 1334 1091 probus
1358 1035 1486 1076 filius.
1504 1036 1637 1078 habe-

191 1101 256 1133 ret
277 1093 437 1148 aliquid
460 1094 535 1134 abs
559 1102 601 1133 te
623 1094 866 1158 respublica
892 1093 1096 1134 muneris.
1143 1093 1273 1134 Nunc
1295 1107 1374 1149 pro
1398 1101 1438 1133 te
1459 1093 1637 1136 Veiiem

191 1150 453 1191 substituisti
485 1151 665 1191 alterum
696 1151 880 1192 civitati.
903 1151 984 1191 nisi
1018 1151 1102 1191 hoc
1131 1149 1244 1191 forte
1274 1150 1461 1191 deterior
1489 1160 1569 1204 est,
1600 1153 1635 1194 si

189 1207 281 1249 fieii
304 1217 462 1273 potest,
485 1209 599 1264 quod
634 1218 680 1249 tu
711 1208 923 1264 ejusmodi
953 1208 1142 1259 evasisti,
1175 1222 1263 1248 non
1294 1208 1337 1248 in
1361 1209 1549 1250 hominis
1571 1209 1636 1251 lu-

188 1265 369 1316 xuiiosi,
393 1266 465 1306 sed
485 1278 654 1307 tantum
677 1267 720 1307 in
744 1266 849 1307 furis
873 1281 922 1307 ac
944 1265 1142 1307 divisoris
1164 1265 1393 1321 disciplina
1411 1267 1633 1310 educatus.

189 1323 310 1369 Quid
333 1324 416 1365 isto
440 1324 636 1364 festivius
660 1324 750 1364 f·01e
781 1324 1055 1374 muniamur,
1089 1323 1162 1378 qui
1193 1332 1258 1363 est
1280 1333 1379 1364 tuus
1409 1333 1564 1366 natura
1582 1327 1722 1373 fi-162

187 1380 283 1431 lius,
306 1382 620 1422 consuetudine
641 1380 892 1437 discipulus,
915 1381 1138 1421 voluntate
1161 1380 1340 1422 similis?
1372 1381 1516 1428 Quem
1534 1397 1632 1440 ego,

180 1437 368 1494 judices,
398 1454 470 1494 qu
458 1439 593 1479 ·imvis
623 1439 786 1479 bonum
809 1438 1053 1494 fortemque
1089 1438 1214 1479 facile
1246 1448 1414 1494 pater-ei
1438 1419 1633 1484 evadere.

187 1511 275 1537 non
299 1498 413 1537 enim
439 1511 508 1537 me
529 1496 769 1537 inimicitiae
793 1505 1085 1547 commovent,
1115 1496 1149 1536 si
1171 1511 1269 1551 quae
1300 1497 1406 1537 inihi
1430 1512 1529 1538 cum
1550 1499 1634 1541 isto

187 1553 347 1595 futuiae
378 1555 478 1595 sint.
500 1569 601 1595 nain
622 1554 657 1594 si
680 1554 723 1595 in
753 1555 956 1596 omnibus
987 1554 1146 1594 rebus
1136 1568 1343 1595 innocens
1366 1554 1503 1607 fuero,
1526 1555 1679 1597 mei-b·

186 1626 271 1667 que
293 1612 465 1664 similis3
497 1612 600 1667 quid
634 1612 741 1653 mihi
769 1612 891 1654 istius
925 1612 1166 1654 inimicitiae
1190 1613 1436 1655 nocebunt?
1467 1613 1532 1654 sin
1555 1615 1633 1655 ali-

186 1684 272 1724 qua
294 1670 337 1710 in
360 1684 403 1710 ie
424 1670 545 1711 Verri
575 1670 725 1711 similis
748 1670 894 1722 f·;ueio
927 1685 1014 1711 non
1037 1670 1175 1725 magis
1196 1669 1305 1710 mihi
1327 1671 1497 1711 deeiit
1488 1672 1633 1713 inimi-

140 1777 142 1779 ·
185 1742 276 1778 eus,
299 1742 429 1782 quam
452 1727 574 1768 Verri
597 1727 750 1769 defuit.
805 1728 976 1769 Etenim
983 1727 1192 1783 ,judices,
1215 1728 1428 1783 ejusmodi
1438 1731 1633 1793 lespub-

187 1784 271 1825 lica
292 1786 421 1827 debet
442 1800 547 1836 esse,
578 1794 622 1826 et
643 1786 738 1838 eiit,
761 1787 987 1827 sexeritate
1010 1785 1278 1850 judicicium
1308 1786 1561 1840 constituta,
1584 1797 1635 1830 ut

189 1843 389 1884 inimicus
416 1857 556 1898 neque
586 1819 738 1884 deesse
768 1844 942 1885 nocenti
974 1844 1125 1900 possit,
1156 1858 1296 1898 neque
1327 1846 1479 1885 obesse
1508 1845 1636 1887 inno-

187 1901 644 1957 centi.Quapiopte1
668 1901 782 1942 nulla
804 1916 867 1942 res
890 1911 969 1953 est,
991 1902 1273 1957 quamobrem
1295 1916 1378 1958 ego
1402 1902 1532 1944 istum
1554 1918 1612 1945 no

187 1958 262 1999 lim
281 1972 335 1998 ex
360 1959 549 2015 palemis
575 1960 742 2015 probris
766 1974 816 2000 ac
846 1960 963 2001 vitiis
985 1973 1219 2005 emeioeie.
1250 1960 1293 2000 id
1321 1961 1437 2015 quod
1461 1961 1634 2003 tameisi

186 2015 258 2057 isti
281 2016 456 2057 diffie-ile
479 2026 558 2067 est,
590 2026 732 2057 tamen
757 2017 870 2058 haud
894 2020 982 2059 scio
1005 2033 1058 2058 an
1088 2017 1178 2057 fieii
1201 2018 1359 2073 possit:
1392 2019 1633 2074 piaesertim

186 2073 222 2115 si
245 2078 313 2126 (ut
335 2089 449 2114 nunc
472 2074 539 2124 fit)
561 2075 761 2115 custodes
794 2076 1031 2117 amieomm
1064 2090 1163 2115 euni
1192 2078 1493 2119 sectabuntur:
1526 2092 1634 2132 quo-

188 2131 305 2172 niam
338 2141 460 2189 patei
492 2141 581 2173 tam
614 2132 838 2188 negligens
870 2148 920 2174 ac
953 2133 1185 2174 dissolutus
1217 2145 1296 2175 est.
1360 2135 1519 2175 V·eium
1549 2135 1634 2176 hue
1649 2137 1722 2171 163

188 2188 375 2245 longius,
406 2205 536 2245 quam
574 2190 771 2231 voluntas
805 2189 903 2242 fuit,
934 2192 989 2232 ab
1021 2191 1205 2247 epistola
1237 2191 1523 2233 Timarchidis
1561 2193 1635 2234 de-

187 2261 334 2302 gressa
367 2257 433 2289 est
461 2248 600 2289 matio
633 2262 742 2288 mea.
777 2263 862 2303 qua
887 2250 1080 2300 recitata,
1112 2249 1416 2290 conclusurum
1447 2264 1515 2290 me
1543 2265 1636 2292 esse

186 2305 348 2346 crimen
369 2305 647 2347 decumarum
667 2306 883 2348 dixeram:
906 2321 959 2348 ex
981 2321 1067 2362 quo
1087 2306 1375 2359 intellexistis,
1390 2308 1636 2349 innumera-

188 2362 319 2404 bilem
342 2362 546 2404 frumenti
566 2378 793 2404 numerum
813 2379 888 2420 per
902 2364 1135 2406 triennium
1154 2379 1351 2406 aversum
1370 2381 1396 2406 a
1413 2366 1637 2421 republica

186 2433 277 2462 esse
298 2430 582 2477 ereptumque
603 2422 860 2463 aratoribus.

245 2477 464 2535 Sequitur,
487 2489 534 2521 ut
551 2480 604 2521 de
622 2478 841 2521 frumento
873 2488 989 2521 emto
1012 2494 1103 2531 vos,
1119 2479 1307 2535 judices,
1328 2480 1524 2534 doceam,
1542 2497 1633 2524 ma-
1646 2485 1719 2541 70

231 2637 271 2670 59
292 2645 325 2667 τι.
352 2646 512 2677 umquam
534 2638 695 2677 pudicum
720 2647 821 2677 neque
844 2636 886 2676 s.]
973 2637 1015 2668 60
1037 2637 1082 2667 ad
1113 2642 1173 2668 tua
1191 2638 1348 2679 flagitia,
1376 2640 1505 2689 nequa]
1552 2639 1636 2672 Haec

186 2679 240 2709 An
270 2689 372 2719 neque
392 2680 553 2719 pudicum
583 2690 682 2720 neque
719 2681 890 2710 sobrium?
931 2678 1048 2710 Lamb.
1063 2691 1080 2710 e
1096 2680 1177 2711 Mss.
1194 2682 1351 2721 antiquis,
1369 2687 1407 2712 ut
1422 2684 1482 2720 ait,
1497 2682 1635 2715 addidit.

188 2721 267 2751 Non
283 2723 462 2752 necessaria
487 2729 538 2753 est
563 2723 741 2753 correctio:
765 2723 821 2753 sed
837 2729 889 2754 ta-
931 2722 1017 2762 Quia
1043 2723 1077 2752 in
1099 2723 1193 2754 nullo
1218 2724 1260 2754 ab
1285 2725 1358 2756 aliis
1380 2731 1546 2766 repertum
1570 2731 1635 2764 est,

188 2773 266 2794 nien
281 2765 460 2795 sexcenties
474 2765 547 2795 istae
565 2764 749 2805 particulae,
775 2775 888 2805 neque,
933 2765 1094 2795 Gruterus
1119 2767 1260 2797 servavit
1285 2768 1434 2807 quidem3
1459 2767 1515 2799 sed
1540 2770 1635 2799 uncis

187 2810 262 2842 aut,
283 2810 326 2843 et,
345 2806 405 2836 tali
428 2806 500 2837 loco
517 2808 712 2838 exciderunt
730 2808 764 2837 in
784 2807 888 2844 libris,
932 2807 1056 2838 includi
1072 2808 1190 2840 voluit.
1220 2809 1339 2850 Operae
1353 2819 1421 2842 non
1442 2816 1636 2852 paruerunt

189 2849 354 2879 restitutae
368 2848 483 2880 deinde
498 2860 537 2880 ex
549 2851 634 2887 aliis,
646 2855 686 2880 ut
699 2851 735 2880 in
747 2850 825 2890 ipsis
838 2850 888 2882 his
932 2850 1002 2881 Nos
1015 2851 1222 2884 sustulimus.

188 2890 279 2922 libris
294 2891 461 2923 Ciceronis
476 2897 512 2923 et
526 2902 547 2923 a
561 2893 654 2924 nobis
668 2893 806 2926 factum.
