1907 3231
471 165 590 203 PRO
618 164 742 202 SEX.
773 163 991 201 ROSCIO
1017 162 1316 200 AMERINO.
1563 162 1612 197 53

176 266 371 309 debatur.
433 267 544 324 Ego,
576 283 836 324 quamquam
867 275 1022 324 praeest
1058 265 1160 307 huic
1198 263 1428 321 quaestioni
1462 265 1540 314 vir,
1571 273 1615 304 et

176 334 328 367 contra
357 326 579 367 audaciam
614 326 885 376 fortissimus,
908 334 951 365 et
973 328 1011 356 55
1025 325 1079 364 ab
1102 322 1349 363 innocentia
1372 320 1614 362 clementis-

175 381 330 424 simus:
365 391 507 423 tamen
538 382 664 423 facile
695 397 762 423 me
796 392 976 438 paterer,
999 381 1066 422 vel
1098 380 1168 420 illo
1191 380 1285 435 ipso
1307 378 1513 418 acerrimo
1539 377 1612 431 ju-

173 438 269 478 dice
300 450 533 493 quaerente,
562 440 625 480 vel
657 439 770 495 apud
795 440 1023 481 Cassianos
1049 437 1235 492 judices,
1268 449 1451 490 quorum
1481 434 1612 474 etiam

173 509 287 536 nunc
318 495 362 546 ii,
394 497 549 551 quibus
580 511 708 537 causa
742 497 924 537 dicenda
956 505 1034 546 est,
1061 508 1216 535 nomen
1247 494 1387 548 ipsum
1417 490 1613 531 reformi—

173 551 291 602 dant,
314 567 392 607 pro
423 553 525 594 Sex.
549 553 710 594 Roscio
732 554 888 595 dicere.
950 553 999 594 In
1032 552 1112 593 hac
1142 551 1256 592 enim
1280 564 1408 590 causa
1428 562 1527 589 cum
1549 545 1692 592 xvi-31

172 607 336 660 derent,
381 610 474 650 illos
516 611 823 666 amplissimam
872 610 1097 666 pecuniam
1139 607 1370 664 possidere,
1408 605 1524 646 hunc
1566 605 1672 650 in86

172 679 340 706 summa
369 667 648 708 mendicitate
672 683 776 719 esse,
808 667 911 709 illud
945 667 1119 722 quidem
1149 680 1234 706 non
1264 672 1518 719 quaererent,
1541 662 1612 702 cui

172 722 288 763 bono
320 722 484 774 fuisset,
516 725 639 766 ⁵6sed
661 740 711 766 eo
746 725 1019 781 perspicuum
1050 724 1212 766 crimen
1245 732 1288 762 et
1323 720 1613 776 suspicionem

172 779 321 834 potius·
340 781 392 821 ad
416 781 606 836 praedam
629 782 928 837 adjungerent,
950 795 1079 836 quam
1104 781 1157 821 ad
1179 787 1430 835 egestatem.
1493 776 1614 823 Quid

174 836 208 876 si
230 837 399 878 accedit
420 839 585 890 eodem,
608 847 654 879 ut
678 840 817 879 tenuis
840 848 967 879 antea
988 837 1147 878 fueris?
1170 836 1272 891 quid
1296 835 1345 886 si,
1368 844 1416 875 ut
1437 835 1616 874 avarus?

172 893 275 948 quid
301 894 350 944 si,
374 906 420 936 ut
451 896 620 937 audax?
651 896 755 951 quid
785 896 834 946 si,
859 905 905 936 ut
935 894 1061 945 illius,
1084 895 1158 949 qui
1181 893 1347 934 occisus
1371 900 1449 941 est,
1472 891 1617 931 inimi-

173 950 398 993 cissimus?
428 967 531 993 num
553 952 785 1008 quaerenda
805 967 948 1003 causa,
970 967 1068 1006 quae
1100 962 1141 991 te
1172 951 1225 991 ad
1257 958 1425 990 tantum
1448 947 1614 989 facinus

167 1007 429 1050 adduxerit?
462 1009 581 1056 Quid
611 1024 714 1065 ergo
746 1009 898 1051 horum
929 1008 1077 1065 negari
1109 1009 1278 1064 potest?
1308 1005 1514 1047 Tenuitas
1535 1004 1615 1045 ho-

171 1065 299 1106 minis
337 1065 549 1120 ejusmodi
590 1076 668 1118 est,
704 1076 753 1107 ut
793 1066 1050 1107 dissimulari
1087 1080 1174 1106 non
1214 1073 1357 1120 queat,
1396 1072 1524 1118 atque
1563 1076 1614 1102 eo

172 1122 311 1178 magis
344 1123 523 1174 eluceat,
562 1139 648 1179 quo
682 1124 820 1180 magis
855 1123 1111 1165 occultatur.
1143 1121 1383 1162 Avaritiam
1422 1118 1678 1176 praefers‚87

171 1179 245 1233 qui
288 1180 536 1221 societatem
572 1181 724 1222 coieris
767 1182 819 1222 de
860 1180 1092 1235 municipis
1132 1179 1394 1234 cognatique
1432 1176 1615 1217 fortunis

173 1250 272 1276 cum
294 1237 570 1283 alienissimo.
633 1238 776 1284 Quam
801 1238 856 1278 sis
879 1237 1020 1279 audax
1042 1241 1111 1289 (ut
1142 1236 1223 1276 alia
1245 1235 1493 1284 obliviscar)
1517 1233 1659 1274 11111οΡ·
1675 1233 1727 1261 33.

173 1307 322 1335 omnes
354 1294 592 1351 intelligere
631 1304 878 1351 potuerunt,
914 1294 1033 1349 quod
1066 1308 1121 1334 ex
1154 1302 1246 1333 tota
1279 1292 1500 1341 societate,
1534 1282 1659 1331 hoca.

174 1358 253 1401 est,
277 1365 330 1392 ex
355 1361 421 1392 tot
451 1352 628 1402 sicariis,
653 1352 765 1393 solus
797 1362 843 1392 tu
867 1352 1065 1392 inventus
1088 1364 1146 1400 es,
1168 1349 1242 1404 qui
1266 1362 1366 1389 011111
1396 1358 1619 1388 accusato-

172 1407 292 1454 ribus
328 1409 508 1459 sederes,
546 1418 674 1464 atque
713 1424 759 1450 os
801 1419 923 1450 tuum
956 1423 1044 1450 non
1082 1407 1212 1447 modo
1252 1405 1512 1455 ostenderes,
1547 1404 1620 1444 sed

175 1465 308 1509 etiam
331 1465 518 1506 offerres.
582 1465 838 1507 Inimicitias
863 1465 941 1506 tibi
966 1465 1097 1506 fuisse
1119 1478 1218 1505 cum
1251 1463 1354 1504 Sex.
1379 1462 1555 1513 Roscio,
1578 1471 1623 1501 et

173 1535 353 1578 magnas
383 1523 443 1563 rei
479 1522 699 1564 familiaris
730 1523 1059 1573 controversias,
1092 1520 1303 1562 concedas
1337 1533 1509 1560 necesse
1539 1528 1617 1559 est.

175 1577 346 1631 Restat,
370 1579 556 1635 judices,
588 1590 637 1621 ut
671 1580 755 1622 hoc
789 1581 1051 1630 dubitemus,
1082 1588 1176 1619 uter
1214 1578 1358 1633 potius
1394 1576 1496 1617 Sex.
1529 1576 1681 1619 Ro-ss

173 1636 310 1678 scium
334 1637 565 1679 occiderit:
599 1637 649 1690 is,
681 1638 733 1678 ad
766 1652 894 1693 quem
924 1647 1063 1678 morte
1094 1635 1186 1691 ejus
1213 1634 1378 1676 divitiae
1410 1633 1621 1683 venerint,

175 1708 230 1735 an
257 1694 306 1745 is,
330 1694 383 1735 ad
413 1709 541 1750 quem
572 1695 852 1740 mendicitas:
878 1695 926 1745 15,
958 1694 1032 1749 qui
1064 1703 1191 1734 antea
1221 1692 1361 1733 tenuis
1392 1690 1536 1741 fuerit,
1568 1705 1624 1731 an

176 1750 227 1802 is,
251 1751 324 1806 qui
356 1761 506 1807 postea
527 1750 666 1793 factus
690 1752 746 1793 sit
766 1752 1094 1808 egentissimus:
1126 1751 1177 1801 is,
1200 1749 1272 1805 qui
1305 1748 1455 1790 ardens
1486 1748 1625 1789 avari-

177 1808 238 1849 tia
260 1809 420 1850 feratur
443 1809 623 1850 infestus
655 1810 698 1851 in
729 1824 843 1860 suos,
864 1824 919 1850 an
941 1809 991 1859 is,
1013 1808 1088 1863 qui
1111 1821 1278 1862 Semper
1300 1807 1361 1846 ita
1382 1805 1554 1856 vixerit,
1577 1815 1626 1846 ut

178 1875 394 1921 quaestum
425 1876 570 1907 nosset
602 1866 781 1918 nullum,
804 1866 994 1907 fructum
1025 1876 1168 1908 autem
1191 1878 1290 1913 eum
1321 1863 1474 1914 solum,
1496 1877 1625 1917 quem

175 1922 322 1964 labore
361 1925 621 1979 peperisset:
653 1925 703 1976 is,
736 1924 810 1979 qui
841 1923 1036 1966 omnium
1067 1930 1281 1963 sectorum
1313 1921 1624 1961 audacissimus

176 1980 246 2032 sit,
269 1995 322 2021 an
350 1980 400 2032 is,
423 1980 497 2036 qui
528 1989 703 2037 propter
733 1981 815 2022 fori
840 1981 1195 2036 judiciorumque
1224 1978 1512 2027 insolentiam,
1535 1991 1623 2017 non

174 2037 306 2079 modo
329 2037 543 2089 subsellia,
567 2053 714 2079 verum
737 2039 867 2079 etiam
890 2039 1041 2079 urbem
1067 2038 1205 2092 ipsam
1236 2034 1510 2076 reformidet:
1545 2048 1622 2090 po-

176 2104 351 2146 stremo,
378 2095 565 2151 judiceS,
600 2095 642 2136 id
673 2096 787 2150 quod
824 2095 876 2139 ad
911 2109 1015 2146 rem,
1046 2108 1142 2134 mea
1173 2092 1400 2143 sententia,
1432 2092 1623 2132 maxime

175 2151 378 2207 pertinet,
401 2161 543 2193 utrum
569 2153 769 2193 inimicus
799 2152 958 2208 potius,
981 2167 1035 2192 an
1058 2151 1185 2192 filius.
1248 2149 1360 2190 Haec
1392 2159 1454 2199 tu,
1477 2148 1623 2200 Eruci,
1638 2146 1707 2192 3²2.

176 2218 243 2249 tot
264 2217 307 2249 et
330 2217 449 2250 tanta
471 2210 505 2250 si
529 2218 679 2250 nactus
702 2224 813 2250 esses
837 2210 880 2250 in
913 2224 1000 2261 reo,
1023 2208 1228 2264 quamdiu
1252 2207 1443 2248 diceres?
1473 2221 1558 2261 quo
1582 2215 1623 2246 te
1634 2217 1684 2253 89

175 2266 307 2307 modo
327 2265 544 2320 jactares?
577 2276 762 2322 tempus,
795 2266 981 2317 hercule,
1006 2275 1047 2306 te
1069 2266 1213 2316 eitius,
1238 2279 1368 2319 quam
1391 2265 1529 2304 oratio
1553 2263 1627 2303 de-

176 2322 338 2370 ficeret.
400 2323 573 2367 Etenim
597 2324 638 2364 in
664 2323 842 2380 singulis
871 2324 996 2365 rebus
1020 2322 1234 2379 ejusmodi
1258 2321 1457 2367 materies
1480 2330 1558 2372 est,
1582 2329 1630 2360 ut

176 2481 224 2514 ad
232 2482 449 2512 severitatem.
493 2481 532 2512 ld
546 2481 592 2512 sic
607 2482 728 2512 dicitur
740 2487 775 2512 ut
792 2482 883 2512 uber-
927 2482 998 2512 vius
1020 2481 1169 2521 pluribus
1192 2480 1297 2510 verbis
1319 2478 1482 2519 explicare
1506 2482 1628 2510 tentat.

176 2525 283 2554 rimus
304 2523 350 2553 ad
363 2523 536 2563 *si-uotum,
567 2525 613 2554 aa?
644 2525 885 2555 oblectationem
928 2524 1076 2554 Primum
1093 2534 1126 2553 eo
1141 2532 1204 2562 quo
1222 2523 1382 2552 reseratur
1397 2531 1464 2551 non
1479 2522 1557 2552 satis
1572 2522 1629 2552 ha-

171 2564 446 2608 jucundisst'mus,
459 2571 494 2596 et
508 2567 640 2603 similia,
651 2567 801 2597 Ciceroni
819 2567 886 2596 usi·
928 2567 1003 2596 bet:
1031 2566 1240 2605 perspicuum
1267 2569 1379 2594 autem
1402 2565 1526 2594 crimen
1552 2574 1630 2594 cum

178 2608 355 2638 tutissima.
929 2609 1106 2647 suspicione
1133 2617 1201 2637 non
1236 2606 1410 2636 consentit.
1456 2606 1557 2643 Nam,
1592 2613 1633 2636 ut

221 2652 261 2681 55
284 2651 325 2680 ab
346 2651 531 2681 innocencia
553 2650 717 2690 clement]
743 2651 880 2692 opponi·
924 2652 1069 2690 primum
1092 2650 1302 2690 perspicuum
1325 2652 1375 2678 est
1389 2648 1530 2685 crimen,
1545 2648 1633 2687 quod

179 2694 235 2721 tur
255 2702 276 2721 a
297 2694 338 2732 τῷ
360 2696 492 2725 contrm
517 2693 661 2723 clemens
684 2699 734 2724 est
754 2695 789 2724 in
810 2703 882 2733 gra·
925 2693 959 2722 in
983 2692 1125 2731 aliquem
1148 2691 1344 2726 intenditur,
1373 2691 1514 2730 suspicio
1542 2690 1634 2720 tolli-

179 2733 262 2764 tiam
277 2744 404 2772 eorum,
418 2735 472 2773 qui
487 2740 566 2765 sunt
583 2735 787 2767 innocentes.
818 2736 884 2766 Ex·
925 2740 994 2770 tur,
1017 2744 1078 2764 nec
1097 2742 1148 2764 est
1169 2733 1310 2773 amplius
1330 2733 1486 2773 suspiciO,
1509 2731 1564 2761 s‘ed
1585 2741 1634 2762 res

180 2776 331 2814 (1111511101-
359 2783 409 2806 est
436 2777 488 2806 hic
515 2786 593 2807 usus
628 2778 884 2818 praepositioniS‚
927 2782 1028 2806 certa.
1074 2776 1159 2806 Satis
1182 2780 1273 2805 erat:
1296 2775 1352 2804 sed
1373 2775 1498 2804 eeren
1513 2778 1545 2804 et
1566 2784 1636 2804 sus-

181 2828 279 2857 ‚quem
296 2818 443 2848 Graevius
459 2818 490 2848 h.
508 2819 531 2849 1.
548 2828 615 2849 non
630 2825 680 2849 est
694 2828 873 2851 assecutus.
925 2819 1084 2858 picionem
1102 2820 1160 2848 ἃο.
1184 2817 1245 2847 Sed
1259 2817 1336 2856 quid
1348 2817 1454 2847 verbis
1469 2826 1503 2846 eo
1510 2817 1636 2856 perspi-

224 2860 264 2891 56
286 2860 343 2890 sed
354 2870 388 2890 eo
397 2861 609 2900 perspicuum
622 2862 683 2901 er.]
703 2863 776 2893 Hoc
789 2863 886 2892 vitio·
932 2871 1030 2891 cuum
1047 2860 1178 2898 faciam,
1192 2869 1260 2890 non
1274 2859 1387 2890 habeo.
1405 2858 1469 2893 Ms,
1483 2858 1522 2893 (3.
1538 2858 1637 2897 habet

181 2910 255 2932 sum
279 2911 360 2940 esse,
369 2903 442 2942 jam
455 2902 510 2933 alii
526 2903 692 2942 viderunt,
715 2905 776 2935 etsi
799 2905 889 2935 Gra’-
932 2903 989 2933 sed
1000 2913 1058 2942 ego
1069 2911 1104 2943 p.

874 2952 950 2987 ΕΒ
