<?xml version="1.0" encoding="UTF-8"?>
<!DOCTYPE html PUBLIC "-//W3C//DTD XHTML 1.0 Transitional//EN"
    "http://www.w3.org/TR/xhtml1/DTD/xhtml1-transitional.dtd">
<html xmlns="http://www.w3.org/1999/xhtml" xml:lang="en" lang="en">
 <head>
  <title>
</title>
<meta http-equiv="Content-Type" content="text/html;charset=utf-8" />
  <meta name='ocr-system' content='tesseract 3.04.00' />
  <meta name='ocr-capabilities' content='ocr_page ocr_carea ocr_par ocr_line ocrx_word'/>
</head>
<body>
  <div class='ocr_page' id='page_1' title='image "./p1operaomnia02ciceuoft_0578.png"; bbox 0 0 1907 3231; ppageno 0'>
   <div class='ocr_carea' id='block_1_1' title="bbox 325 146 1168 192">
    <p class='ocr_par' dir='ltr' id='par_1_1' title="bbox 325 146 1168 192">
     <span class='ocr_line' id='line_1_1' title="bbox 325 146 1168 192; baseline -0.002 -7"><span class='ocrx_word' id='word_1_1' title='bbox 325 150 404 192; x_wconf 67' lang='lat'>554</span> <span class='ocrx_word' id='word_1_2' title='bbox 921 146 1168 185; x_wconf 82' lang='lat' dir='ltr'>ORATlo</span> 
     </span>
    </p>
   </div>
   <div class='ocr_carea' id='block_1_2' title="bbox 222 247 1768 2357">
    <p class='ocr_par' dir='ltr' id='par_1_2' title="bbox 222 247 1767 1773">
     <span class='ocr_line' id='line_1_2' title="bbox 329 247 1755 307; baseline 0 -15"><span class='ocrx_word' id='word_1_3' title='bbox 329 252 448 292; x_wconf 86' lang='lat' dir='ltr'>tione</span> <span class='ocrx_word' id='word_1_4' title='bbox 477 258 716 307; x_wconf 82' lang='lat' dir='ltr'>pugnatum</span> <span class='ocrx_word' id='word_1_5' title='bbox 738 257 816 300; x_wconf 88' lang='lat' dir='ltr'>est,</span> <span class='ocrx_word' id='word_1_6' title='bbox 837 257 886 291; x_wconf 92' lang='lat' dir='ltr'>ut</span> <span class='ocrx_word' id='word_1_7' title='bbox 907 250 957 290; x_wconf 90' lang='lat' dir='ltr'>lis</span> <span class='ocrx_word' id='word_1_8' title='bbox 979 250 1073 291; x_wconf 82' lang='lat' dir='ltr'>haec</span> <span class='ocrx_word' id='word_1_9' title='bbox 1092 247 1245 304; x_wconf 86' lang='lat' dir='ltr'>capitis</span> <span class='ocrx_word' id='word_1_10' title='bbox 1265 247 1560 290; x_wconf 84' lang='lat' dir='ltr'>aestimaretur.</span> <span class='ocrx_word' id='word_1_11' title='bbox 1577 263 1672 304; x_wconf 87' lang='lat' dir='ltr'>quae</span> <span class='ocrx_word' id='word_1_12' title='bbox 1691 264 1755 302; x_wconf 54' lang='lat' dir='ltr'>re*</span> 
     </span>
     <span class='ocr_line' id='line_1_3' title="bbox 331 305 1758 364; baseline 0 -15"><span class='ocrx_word' id='word_1_13' title='bbox 331 309 365 350; x_wconf 91' lang='lat' dir='ltr'>si</span> <span class='ocrx_word' id='word_1_14' title='bbox 387 308 445 349; x_wconf 88' lang='lat' dir='ltr'>rei</span> <span class='ocrx_word' id='word_1_15' title='bbox 459 307 667 363; x_wconf 80' lang='lat' dir='ltr'>judicatae</span> <span class='ocrx_word' id='word_1_16' title='bbox 692 308 858 364; x_wconf 87' lang='lat' dir='ltr'>pondus</span> <span class='ocrx_word' id='word_1_17' title='bbox 890 306 1132 347; x_wconf 72' lang='lat' dir='ltr'>habuisset:</span> <span class='ocrx_word' id='word_1_18' title='bbox 1165 305 1234 346; x_wconf 90' lang='lat' dir='ltr'>ille</span> <span class='ocrx_word' id='word_1_19' title='bbox 1255 314 1405 361; x_wconf 84' lang='lat' dir='ltr'>postea</span> <span class='ocrx_word' id='word_1_20' title='bbox 1424 306 1489 347; x_wconf 80' lang='lat' dir='ltr'>vel</span> <span class='ocrx_word' id='word_1_21' title='bbox 1509 307 1674 360; x_wconf 87' lang='lat' dir='ltr'>iisdem,</span> <span class='ocrx_word' id='word_1_22' title='bbox 1691 307 1758 357; x_wconf 77' lang='lat' dir='ltr'>vel</span> 
     </span>
     <span class='ocr_line' id='line_1_4' title="bbox 328 361 1399 418; baseline -0.002 -12"><span class='ocrx_word' id='word_1_23' title='bbox 328 365 425 410; x_wconf 75' lang='lat' dir='ltr'>aliis</span> <span class='ocrx_word' id='word_1_24' title='bbox 446 365 644 416; x_wconf 85' lang='lat' dir='ltr'>inimicis,</span> <span class='ocrx_word' id='word_1_25' title='bbox 676 379 770 406; x_wconf 85' lang='lat' dir='ltr'>reus</span> <span class='ocrx_word' id='word_1_26' title='bbox 790 364 869 404; x_wconf 83' lang='lat' dir='ltr'>hac</span> <span class='ocrx_word' id='word_1_27' title='bbox 892 363 985 418; x_wconf 83' lang='lat' dir='ltr'>lege</span> <span class='ocrx_word' id='word_1_28' title='bbox 1008 363 1100 417; x_wconf 85' lang='lat' dir='ltr'>ipsa</span> <span class='ocrx_word' id='word_1_29' title='bbox 1120 361 1260 404; x_wconf 84' lang='lat' dir='ltr'>factus</span> <span class='ocrx_word' id='word_1_30' title='bbox 1275 372 1399 404; x_wconf 90' lang='lat' dir='ltr'>esset.</span> 
     </span>
     <span class='ocr_line' id='line_1_5' title="bbox 249 419 1758 478; baseline -0.001 -15"><span class='ocrx_word' id='word_1_31' title='bbox 249 429 318 478; x_wconf 75' lang='lat'>42</span> <span class='ocrx_word' id='word_1_32' title='bbox 392 423 593 477; x_wconf 81' lang='lat' dir='ltr'>Sequitur</span> <span class='ocrx_word' id='word_1_33' title='bbox 614 423 671 472; x_wconf 86' lang='lat' dir='ltr'>id,</span> <span class='ocrx_word' id='word_1_34' title='bbox 693 421 807 476; x_wconf 88' lang='lat' dir='ltr'>quod</span> <span class='ocrx_word' id='word_1_35' title='bbox 830 419 887 460; x_wconf 88' lang='lat' dir='ltr'>illi</span> <span class='ocrx_word' id='word_1_36' title='bbox 905 419 1121 474; x_wconf 86' lang='lat' dir='ltr'>judicium</span> <span class='ocrx_word' id='word_1_37' title='bbox 1151 419 1380 475; x_wconf 85' lang='lat' dir='ltr'>appellant,</span> <span class='ocrx_word' id='word_1_38' title='bbox 1401 419 1584 474; x_wconf 84' lang='lat' dir='ltr'>majores</span> <span class='ocrx_word' id='word_1_39' title='bbox 1613 428 1758 467; x_wconf 82' lang='lat' dir='ltr'>autem</span> 
     </span>
     <span class='ocr_line' id='line_1_6' title="bbox 248 474 1759 540; baseline -0.003 -17"><span class='ocrx_word' id='word_1_40' title='bbox 248 503 317 540; x_wconf 73' lang='lat'>117</span> <span class='ocrx_word' id='word_1_41' title='bbox 334 481 466 523; x_wconf 83' lang='lat' dir='ltr'>nostri</span> <span class='ocrx_word' id='word_1_42' title='bbox 503 493 733 534; x_wconf 83' lang='lat' dir='ltr'>numquam</span> <span class='ocrx_word' id='word_1_43' title='bbox 766 491 904 531; x_wconf 90' lang='lat' dir='ltr'>neque</span> <span class='ocrx_word' id='word_1_44' title='bbox 925 475 1142 530; x_wconf 87' lang='lat' dir='ltr'>judicium</span> <span class='ocrx_word' id='word_1_45' title='bbox 1173 476 1463 528; x_wconf 85' lang='lat' dir='ltr'>nominarunt,</span> <span class='ocrx_word' id='word_1_46' title='bbox 1496 474 1632 533; x_wconf 87' lang='lat' dir='ltr'>neque</span> <span class='ocrx_word' id='word_1_47' title='bbox 1664 492 1759 533; x_wconf 87' lang='lat' dir='ltr'>per-</span> 
     </span>
     <span class='ocr_line' id='line_1_7' title="bbox 329 533 1758 590; baseline -0.001 -12"><span class='ocrx_word' id='word_1_48' title='bbox 329 536 446 588; x_wconf 87' lang='lat' dir='ltr'>inde,</span> <span class='ocrx_word' id='word_1_49' title='bbox 478 546 526 577; x_wconf 89' lang='lat' dir='ltr'>ut</span> <span class='ocrx_word' id='word_1_50' title='bbox 558 551 644 576; x_wconf 86' lang='lat' dir='ltr'>rem</span> <span class='ocrx_word' id='word_1_51' title='bbox 669 534 925 590; x_wconf 84' lang='lat' dir='ltr'>judicatam,</span> <span class='ocrx_word' id='word_1_52' title='bbox 954 533 1302 584; x_wconf 85' lang='lat' dir='ltr'>observaverunt,</span> <span class='ocrx_word' id='word_1_53' title='bbox 1324 534 1663 575; x_wconf 81' lang='lat' dir='ltr'>3animadversio</span> <span class='ocrx_word' id='word_1_54' title='bbox 1693 543 1758 581; x_wconf 57' lang='lat' dir='ltr'>atf-</span> 
     </span>
     <span class='ocr_line' id='line_1_8' title="bbox 327 589 1759 648; baseline -0.002 -13"><span class='ocrx_word' id='word_1_55' title='bbox 327 608 414 648; x_wconf 89' lang='lat' dir='ltr'>que</span> <span class='ocrx_word' id='word_1_56' title='bbox 435 593 666 634; x_wconf 68' lang='lat' dir='ltr'>auctoritas</span> <span class='ocrx_word' id='word_1_57' title='bbox 689 590 895 631; x_wconf 85' lang='lat' dir='ltr'>censoria.</span> <span class='ocrx_word' id='word_1_58' title='bbox 956 589 1056 636; x_wconf 81' lang='lat' dir='ltr'>Qua</span> <span class='ocrx_word' id='word_1_59' title='bbox 1077 589 1129 629; x_wconf 88' lang='lat' dir='ltr'>de</span> <span class='ocrx_word' id='word_1_60' title='bbox 1151 604 1194 630; x_wconf 90' lang='lat' dir='ltr'>re</span> <span class='ocrx_word' id='word_1_61' title='bbox 1214 598 1443 645; x_wconf 72' lang='lat' dir='ltr'>autequam</span> <span class='ocrx_word' id='word_1_62' title='bbox 1465 591 1641 647; x_wconf 86' lang='lat' dir='ltr'>incipio,</span> <span class='ocrx_word' id='word_1_63' title='bbox 1664 606 1759 647; x_wconf 90' lang='lat' dir='ltr'>per-</span> 
     </span>
     <span class='ocr_line' id='line_1_9' title="bbox 328 646 1758 707; baseline -0.001 -15"><span class='ocrx_word' id='word_1_64' title='bbox 328 665 468 707; x_wconf 81' lang='lat' dir='ltr'>pauca</span> <span class='ocrx_word' id='word_1_65' title='bbox 489 649 594 689; x_wconf 83' lang='lat' dir='ltr'>mihi</span> <span class='ocrx_word' id='word_1_66' title='bbox 625 648 677 688; x_wconf 90' lang='lat' dir='ltr'>de</span> <span class='ocrx_word' id='word_1_67' title='bbox 706 661 802 687; x_wconf 91' lang='lat' dir='ltr'>meo</span> <span class='ocrx_word' id='word_1_68' title='bbox 835 646 982 688; x_wconf 85' lang='lat' dir='ltr'>officio</span> <span class='ocrx_word' id='word_1_69' title='bbox 1011 647 1142 686; x_wconf 86' lang='lat' dir='ltr'>verba</span> <span class='ocrx_word' id='word_1_70' title='bbox 1170 646 1371 688; x_wconf 82' lang='lat' dir='ltr'>faciunda</span> <span class='ocrx_word' id='word_1_71' title='bbox 1400 656 1522 689; x_wconf 88' lang='lat' dir='ltr'>sunt:</span> <span class='ocrx_word' id='word_1_72' title='bbox 1553 656 1604 689; x_wconf 90' lang='lat' dir='ltr'>ut</span> <span class='ocrx_word' id='word_1_73' title='bbox 1633 663 1659 688; x_wconf 89' lang='lat' dir='ltr'>a</span> <span class='ocrx_word' id='word_1_74' title='bbox 1689 662 1758 690; x_wconf 81' lang='lat' dir='ltr'>me</span> 
     </span>
     <span class='ocr_line' id='line_1_10' title="bbox 328 703 1759 760; baseline -0.001 -12"><span class='ocrx_word' id='word_1_75' title='bbox 328 722 427 749; x_wconf 90' lang='lat' dir='ltr'>cum</span> <span class='ocrx_word' id='word_1_76' title='bbox 468 705 647 760; x_wconf 86' lang='lat' dir='ltr'>hujusce</span> <span class='ocrx_word' id='word_1_77' title='bbox 685 703 877 760; x_wconf 84' lang='lat' dir='ltr'>periculi,</span> <span class='ocrx_word' id='word_1_78' title='bbox 914 711 1005 743; x_wconf 84' lang='lat' dir='ltr'>tum</span> <span class='ocrx_word' id='word_1_79' title='bbox 1039 712 1277 744; x_wconf 89' lang='lat' dir='ltr'>ceterorum</span> <span class='ocrx_word' id='word_1_80' title='bbox 1314 718 1485 759; x_wconf 91' lang='lat' dir='ltr'>quoque</span> <span class='ocrx_word' id='word_1_81' title='bbox 1516 705 1759 748; x_wconf 87' lang='lat' dir='ltr'>officiorum</span> 
     </span>
     <span class='ocr_line' id='line_1_11' title="bbox 329 761 1759 807; baseline -0.001 -1"><span class='ocrx_word' id='word_1_82' title='bbox 329 774 373 807; x_wconf 81' lang='lat' dir='ltr'>et</span> <span class='ocrx_word' id='word_1_83' title='bbox 403 762 687 804; x_wconf 82' lang='lat' dir='ltr'>amicitiarum</span> <span class='ocrx_word' id='word_1_84' title='bbox 718 761 827 801; x_wconf 87' lang='lat' dir='ltr'>ratio</span> <span class='ocrx_word' id='word_1_85' title='bbox 850 769 1101 802; x_wconf 83' lang='lat' dir='ltr'>conservata</span> <span class='ocrx_word' id='word_1_86' title='bbox 1121 775 1211 801; x_wconf 88' lang='lat' dir='ltr'>esse</span> <span class='ocrx_word' id='word_1_87' title='bbox 1241 761 1448 802; x_wconf 86' lang='lat' dir='ltr'>videatur.</span> <span class='ocrx_word' id='word_1_88' title='bbox 1508 761 1622 802; x_wconf 85' lang='lat' dir='ltr'>Nam</span> <span class='ocrx_word' id='word_1_89' title='bbox 1652 762 1759 805; x_wconf 85' lang='lat' dir='ltr'>mihi</span> 
     </span>
     <span class='ocr_line' id='line_1_12' title="bbox 329 817 1759 873; baseline 0.001 -13"><span class='ocrx_word' id='word_1_90' title='bbox 329 835 429 861; x_wconf 89' lang='lat' dir='ltr'>cum</span> <span class='ocrx_word' id='word_1_91' title='bbox 454 820 551 860; x_wconf 84' lang='lat' dir='ltr'>viris</span> <span class='ocrx_word' id='word_1_92' title='bbox 574 818 773 869; x_wconf 82' lang='lat' dir='ltr'>fortibus,</span> <span class='ocrx_word' id='word_1_93' title='bbox 794 818 867 873; x_wconf 90' lang='lat' dir='ltr'>qui</span> <span class='ocrx_word' id='word_1_94' title='bbox 893 831 1088 859; x_wconf 79' lang='lat' dir='ltr'>censores</span> <span class='ocrx_word' id='word_1_95' title='bbox 1120 818 1315 873; x_wconf 84' lang='lat' dir='ltr'>proxime</span> <span class='ocrx_word' id='word_1_96' title='bbox 1342 817 1528 869; x_wconf 86' lang='lat' dir='ltr'>fuerunt,</span> <span class='ocrx_word' id='word_1_97' title='bbox 1551 819 1759 861; x_wconf 83' lang='lat' dir='ltr'>ambobus</span> 
     </span>
     <span class='ocr_line' id='line_1_13' title="bbox 329 875 1759 931; baseline -0.001 -13"><span class='ocrx_word' id='word_1_98' title='bbox 329 886 395 918; x_wconf 88' lang='lat' dir='ltr'>est</span> <span class='ocrx_word' id='word_1_99' title='bbox 429 876 642 918; x_wconf 84' lang='lat' dir='ltr'>amicitia:</span> <span class='ocrx_word' id='word_1_100' title='bbox 675 889 773 916; x_wconf 90' lang='lat' dir='ltr'>cum</span> <span class='ocrx_word' id='word_1_101' title='bbox 805 875 939 916; x_wconf 87' lang='lat' dir='ltr'>altero</span> <span class='ocrx_word' id='word_1_102' title='bbox 973 889 1071 916; x_wconf 88' lang='lat' dir='ltr'>vero</span> <span class='ocrx_word' id='word_1_103' title='bbox 1108 875 1239 927; x_wconf 85' lang='lat' dir='ltr'>(sicut</span> <span class='ocrx_word' id='word_1_104' title='bbox 1269 883 1313 915; x_wconf 89' lang='lat' dir='ltr'>et</span> <span class='ocrx_word' id='word_1_105' title='bbox 1348 875 1538 931; x_wconf 82' lang='lat' dir='ltr'>plerique</span> <span class='ocrx_word' id='word_1_106' title='bbox 1569 876 1759 917; x_wconf 71' lang='lat' dir='ltr'>vestrum</span> 
     </span>
     <span class='ocr_line' id='line_1_14' title="bbox 331 931 1763 988; baseline 0 -14"><span class='ocrx_word' id='word_1_107' title='bbox 331 934 491 983; x_wconf 86' lang='lat' dir='ltr'>sciunt)</span> <span class='ocrx_word' id='word_1_108' title='bbox 514 948 694 988; x_wconf 83' lang='lat' dir='ltr'>magnus</span> <span class='ocrx_word' id='word_1_109' title='bbox 726 946 824 972; x_wconf 90' lang='lat' dir='ltr'>usus</span> <span class='ocrx_word' id='word_1_110' title='bbox 847 943 891 973; x_wconf 91' lang='lat' dir='ltr'>et</span> <span class='ocrx_word' id='word_1_111' title='bbox 920 947 1087 972; x_wconf 85' lang='lat' dir='ltr'>summa</span> <span class='ocrx_word' id='word_1_112' title='bbox 1109 932 1329 986; x_wconf 88' lang='lat' dir='ltr'>utriusque</span> <span class='ocrx_word' id='word_1_113' title='bbox 1351 931 1504 972; x_wconf 87' lang='lat' dir='ltr'>officiis</span> <span class='ocrx_word' id='word_1_114' title='bbox 1527 932 1763 982; x_wconf 73' lang='lat' dir='ltr'>constituta</span> 
     </span>
     <span class='ocr_line' id='line_1_15' title="bbox 247 988 1762 1044; baseline -0.001 -12"><span class='ocrx_word' id='word_1_115' title='bbox 247 990 600 1042; x_wconf 65' lang='lat' dir='ltr'>llgnecessitudo</span> <span class='ocrx_word' id='word_1_116' title='bbox 619 998 696 1030; x_wconf 89' lang='lat' dir='ltr'>est.</span> <span class='ocrx_word' id='word_1_117' title='bbox 730 990 889 1040; x_wconf 81' lang='lat' dir='ltr'>Quare,</span> <span class='ocrx_word' id='word_1_118' title='bbox 905 988 1113 1044; x_wconf 86' lang='lat' dir='ltr'>quidquid</span> <span class='ocrx_word' id='word_1_119' title='bbox 1135 989 1186 1029; x_wconf 92' lang='lat' dir='ltr'>de</span> <span class='ocrx_word' id='word_1_120' title='bbox 1207 988 1595 1044; x_wconf 86' lang='lat' dir='ltr'>subscriptionibus</span> <span class='ocrx_word' id='word_1_121' title='bbox 1613 1004 1762 1031; x_wconf 88' lang='lat' dir='ltr'>eorum</span> 
     </span>
     <span class='ocr_line' id='line_1_16' title="bbox 222 1045 1763 1100; baseline -0.001 -12"><span class='ocrx_word' id='word_1_122' title='bbox 222 1065 255 1100; x_wconf 80' lang='lat' dir='ltr'>p.</span> <span class='ocrx_word' id='word_1_123' title='bbox 270 1048 439 1089; x_wconf 51' lang='lat' dir='ltr'>ananim</span> <span class='ocrx_word' id='word_1_124' title='bbox 471 1047 698 1097; x_wconf 82' lang='lat' dir='ltr'>dicendum</span> <span class='ocrx_word' id='word_1_125' title='bbox 717 1046 812 1098; x_wconf 89' lang='lat' dir='ltr'>erit,</span> <span class='ocrx_word' id='word_1_126' title='bbox 833 1061 883 1087; x_wconf 88' lang='lat' dir='ltr'>eo</span> <span class='ocrx_word' id='word_1_127' title='bbox 906 1046 1046 1087; x_wconf 88' lang='lat' dir='ltr'>dicam</span> <span class='ocrx_word' id='word_1_128' title='bbox 1077 1045 1235 1096; x_wconf 89' lang='lat' dir='ltr'>animo,</span> <span class='ocrx_word' id='word_1_129' title='bbox 1257 1057 1305 1086; x_wconf 85' lang='lat' dir='ltr'>ut</span> <span class='ocrx_word' id='word_1_130' title='bbox 1331 1060 1500 1087; x_wconf 89' lang='lat' dir='ltr'>omnem</span> <span class='ocrx_word' id='word_1_131' title='bbox 1523 1046 1763 1093; x_wconf 84' lang='lat' dir='ltr'>orationem</span> 
     </span>
     <span class='ocr_line' id='line_1_17' title="bbox 291 1102 1762 1153; baseline -0.001 -8"><span class='ocrx_word' id='word_1_132' title='bbox 291 1110 321 1130; x_wconf 71' lang='lat'>²¹·</span> <span class='ocrx_word' id='word_1_133' title='bbox 333 1119 471 1145; x_wconf 86' lang='lat' dir='ltr'>meam</span> <span class='ocrx_word' id='word_1_134' title='bbox 503 1120 587 1145; x_wconf 91' lang='lat' dir='ltr'>non</span> <span class='ocrx_word' id='word_1_135' title='bbox 620 1104 671 1144; x_wconf 91' lang='lat' dir='ltr'>de</span> <span class='ocrx_word' id='word_1_136' title='bbox 702 1103 870 1144; x_wconf 83' lang='lat' dir='ltr'>illorum</span> <span class='ocrx_word' id='word_1_137' title='bbox 893 1102 1022 1153; x_wconf 87' lang='lat' dir='ltr'>facto,</span> <span class='ocrx_word' id='word_1_138' title='bbox 1047 1103 1119 1143; x_wconf 87' lang='lat' dir='ltr'>sed</span> <span class='ocrx_word' id='word_1_139' title='bbox 1150 1103 1202 1143; x_wconf 90' lang='lat' dir='ltr'>de</span> <span class='ocrx_word' id='word_1_140' title='bbox 1232 1104 1396 1144; x_wconf 80' lang='lat' dir='ltr'>ratione</span> <span class='ocrx_word' id='word_1_141' title='bbox 1417 1103 1610 1144; x_wconf 85' lang='lat' dir='ltr'>censoria</span> <span class='ocrx_word' id='word_1_142' title='bbox 1640 1103 1762 1152; x_wconf 74' lang='lat' dir='ltr'>habi,-</span> 
     </span>
     <span class='ocr_line' id='line_1_18' title="bbox 332 1159 1761 1215; baseline -0.003 -10"><span class='ocrx_word' id='word_1_143' title='bbox 332 1170 419 1206; x_wconf 65' lang='lat' dir='ltr'>,tam</span> <span class='ocrx_word' id='word_1_144' title='bbox 443 1161 679 1202; x_wconf 80' lang='lat' dir='ltr'>existimari</span> <span class='ocrx_word' id='word_1_145' title='bbox 704 1160 853 1202; x_wconf 88' lang='lat' dir='ltr'>velim:</span> <span class='ocrx_word' id='word_1_146' title='bbox 886 1175 910 1201; x_wconf 86' lang='lat' dir='ltr'>a</span> <span class='ocrx_word' id='word_1_147' title='bbox 942 1159 1124 1201; x_wconf 83' lang='lat' dir='ltr'>Lentulo</span> <span class='ocrx_word' id='word_1_148' title='bbox 1147 1169 1304 1211; x_wconf 84' lang='lat' dir='ltr'>autem,</span> <span class='ocrx_word' id='word_1_149' title='bbox 1327 1160 1523 1200; x_wconf 85' lang='lat' dir='ltr'>familiar-i</span> <span class='ocrx_word' id='word_1_150' title='bbox 1555 1175 1665 1212; x_wconf 88' lang='lat' dir='ltr'>meo,</span> <span class='ocrx_word' id='word_1_151' title='bbox 1687 1160 1761 1215; x_wconf 88' lang='lat' dir='ltr'>qui</span> 
     </span>
     <span class='ocr_line' id='line_1_19' title="bbox 330 1217 1764 1273; baseline -0.001 -14"><span class='ocrx_word' id='word_1_152' title='bbox 330 1234 357 1261; x_wconf 87' lang='lat' dir='ltr'>a</span> <span class='ocrx_word' id='word_1_153' title='bbox 376 1233 445 1259; x_wconf 90' lang='lat' dir='ltr'>me</span> <span class='ocrx_word' id='word_1_154' title='bbox 468 1233 545 1273; x_wconf 87' lang='lat' dir='ltr'>pro</span> <span class='ocrx_word' id='word_1_155' title='bbox 567 1217 728 1259; x_wconf 79' lang='lat' dir='ltr'>eximia</span> <span class='ocrx_word' id='word_1_156' title='bbox 752 1233 827 1258; x_wconf 84' lang='lat' dir='ltr'>sua</span> <span class='ocrx_word' id='word_1_157' title='bbox 848 1217 1006 1258; x_wconf 90' lang='lat' dir='ltr'>virtute</span> <span class='ocrx_word' id='word_1_158' title='bbox 1037 1217 1298 1272; x_wconf 82' lang='lat' dir='ltr'>summisque</span> <span class='ocrx_word' id='word_1_159' title='bbox 1329 1217 1578 1268; x_wconf 78' lang='lat' dir='ltr'>honoribus,</span> <span class='ocrx_word' id='word_1_160' title='bbox 1600 1232 1707 1272; x_wconf 91' lang='lat' dir='ltr'>quos</span> <span class='ocrx_word' id='word_1_161' title='bbox 1739 1232 1764 1259; x_wconf 73' lang='lat' dir='ltr'>a,</span> 
     </span>
     <span class='ocr_line' id='line_1_20' title="bbox 329 1273 1763 1332; baseline -0.002 -16"><span class='ocrx_word' id='word_1_162' title='bbox 329 1276 492 1332; x_wconf 83' lang='lat' dir='ltr'>populo</span> <span class='ocrx_word' id='word_1_163' title='bbox 517 1275 714 1316; x_wconf 83' lang='lat' dir='ltr'>Romano</span> <span class='ocrx_word' id='word_1_164' title='bbox 737 1275 916 1330; x_wconf 87' lang='lat' dir='ltr'>adeptus</span> <span class='ocrx_word' id='word_1_165' title='bbox 947 1284 1025 1325; x_wconf 87' lang='lat' dir='ltr'>est,</span> <span class='ocrx_word' id='word_1_166' title='bbox 1057 1273 1232 1315; x_wconf 88' lang='lat' dir='ltr'>honoris</span> <span class='ocrx_word' id='word_1_167' title='bbox 1262 1289 1390 1315; x_wconf 84' lang='lat' dir='ltr'>causa</span> <span class='ocrx_word' id='word_1_168' title='bbox 1418 1274 1678 1326; x_wconf 84' lang='lat' dir='ltr'>nominatur,</span> <span class='ocrx_word' id='word_1_169' title='bbox 1699 1274 1763 1315; x_wconf 66' lang='lat' dir='ltr'>fa—</span> 
     </span>
     <span class='ocr_line' id='line_1_21' title="bbox 331 1331 1764 1388; baseline -0.001 -15"><span class='ocrx_word' id='word_1_170' title='bbox 331 1333 412 1373; x_wconf 83' lang='lat' dir='ltr'>cile</span> <span class='ocrx_word' id='word_1_171' title='bbox 443 1333 540 1384; x_wconf 89' lang='lat' dir='ltr'>hoc,</span> <span class='ocrx_word' id='word_1_172' title='bbox 564 1332 749 1387; x_wconf 85' lang='lat' dir='ltr'>judices,</span> <span class='ocrx_word' id='word_1_173' title='bbox 779 1332 1034 1388; x_wconf 80' lang='lat' dir='ltr'>impetrabo,</span> <span class='ocrx_word' id='word_1_174' title='bbox 1066 1341 1127 1382; x_wconf 86' lang='lat' dir='ltr'>ut,</span> <span class='ocrx_word' id='word_1_175' title='bbox 1157 1346 1286 1386; x_wconf 86' lang='lat' dir='ltr'>quam</span> <span class='ocrx_word' id='word_1_176' title='bbox 1318 1332 1406 1387; x_wconf 83' lang='lat' dir='ltr'>ipse</span> <span class='ocrx_word' id='word_1_177' title='bbox 1436 1331 1639 1372; x_wconf 82' lang='lat' dir='ltr'>adhibere</span> <span class='ocrx_word' id='word_1_178' title='bbox 1660 1346 1764 1372; x_wconf 85' lang='lat' dir='ltr'>con-</span> 
     </span>
     <span class='ocr_line' id='line_1_22' title="bbox 331 1387 1764 1445; baseline 0.001 -14"><span class='ocrx_word' id='word_1_179' title='bbox 331 1390 472 1431; x_wconf 83' lang='lat' dir='ltr'>suevit</span> <span class='ocrx_word' id='word_1_180' title='bbox 494 1390 536 1441; x_wconf 84' lang='lat' dir='ltr'>in</span> <span class='ocrx_word' id='word_1_181' title='bbox 559 1389 793 1430; x_wconf 87' lang='lat' dir='ltr'>amicorum</span> <span class='ocrx_word' id='word_1_182' title='bbox 817 1388 1016 1445; x_wconf 87' lang='lat' dir='ltr'>periculis</span> <span class='ocrx_word' id='word_1_183' title='bbox 1039 1387 1165 1429; x_wconf 86' lang='lat' dir='ltr'>fidem</span> <span class='ocrx_word' id='word_1_184' title='bbox 1187 1397 1229 1429; x_wconf 88' lang='lat' dir='ltr'>et</span> <span class='ocrx_word' id='word_1_185' title='bbox 1256 1387 1538 1444; x_wconf 84' lang='lat' dir='ltr'>diligentiam,</span> <span class='ocrx_word' id='word_1_186' title='bbox 1562 1397 1654 1429; x_wconf 90' lang='lat' dir='ltr'>tum</span> <span class='ocrx_word' id='word_1_187' title='bbox 1679 1388 1764 1432; x_wconf 83' lang='lat' dir='ltr'>vim</span> 
     </span>
     <span class='ocr_line' id='line_1_23' title="bbox 331 1445 1765 1501; baseline -0.002 -13"><span class='ocrx_word' id='word_1_188' title='bbox 331 1448 463 1489; x_wconf 83' lang='lat' dir='ltr'>animi</span> <span class='ocrx_word' id='word_1_189' title='bbox 496 1447 823 1501; x_wconf 84' lang='lat' dir='ltr'>libertatemque</span> <span class='ocrx_word' id='word_1_190' title='bbox 854 1445 1051 1497; x_wconf 72' lang='lat' dir='ltr'>dicendi,</span> <span class='ocrx_word' id='word_1_191' title='bbox 1085 1445 1163 1485; x_wconf 74' lang='lat' dir='ltr'>4in</span> <span class='ocrx_word' id='word_1_192' title='bbox 1198 1445 1278 1486; x_wconf 86' lang='lat' dir='ltr'>hac</span> <span class='ocrx_word' id='word_1_193' title='bbox 1312 1445 1417 1486; x_wconf 87' lang='lat' dir='ltr'>mihi</span> <span class='ocrx_word' id='word_1_194' title='bbox 1454 1446 1677 1496; x_wconf 84' lang='lat' dir='ltr'>concedat,</span> <span class='ocrx_word' id='word_1_195' title='bbox 1715 1453 1765 1485; x_wconf 86' lang='lat' dir='ltr'>ut</span> 
     </span>
     <span class='ocr_line' id='line_1_24' title="bbox 331 1501 1766 1559; baseline -0.001 -15"><span class='ocrx_word' id='word_1_196' title='bbox 331 1512 498 1545; x_wconf 86' lang='lat' dir='ltr'>tantum</span> <span class='ocrx_word' id='word_1_197' title='bbox 519 1504 625 1544; x_wconf 79' lang='lat' dir='ltr'>mihi</span> <span class='ocrx_word' id='word_1_198' title='bbox 645 1518 824 1554; x_wconf 82' lang='lat' dir='ltr'>sumam,</span> <span class='ocrx_word' id='word_1_199' title='bbox 842 1512 1051 1558; x_wconf 85' lang='lat' dir='ltr'>quantum</span> <span class='ocrx_word' id='word_1_200' title='bbox 1075 1501 1164 1543; x_wconf 85' lang='lat' dir='ltr'>sinc</span> <span class='ocrx_word' id='word_1_201' title='bbox 1186 1502 1312 1557; x_wconf 86' lang='lat' dir='ltr'>hujus</span> <span class='ocrx_word' id='word_1_202' title='bbox 1335 1502 1525 1559; x_wconf 90' lang='lat' dir='ltr'>periculo</span> <span class='ocrx_word' id='word_1_203' title='bbox 1549 1502 1766 1557; x_wconf 82' lang='lat' dir='ltr'>praeterire</span> 
     </span>
     <span class='ocr_line' id='line_1_25' title="bbox 330 1559 1764 1616; baseline -0.002 -14"><span class='ocrx_word' id='word_1_204' title='bbox 330 1575 418 1602; x_wconf 86' lang='lat' dir='ltr'>non</span> <span class='ocrx_word' id='word_1_205' title='bbox 456 1576 644 1616; x_wconf 88' lang='lat' dir='ltr'>possum.</span> <span class='ocrx_word' id='word_1_206' title='bbox 700 1559 740 1600; x_wconf 92' lang='lat' dir='ltr'><strong>A</strong></span> <span class='ocrx_word' id='word_1_207' title='bbox 771 1575 839 1600; x_wconf 89' lang='lat' dir='ltr'>me</span> <span class='ocrx_word' id='word_1_208' title='bbox 870 1569 1028 1610; x_wconf 86' lang='lat' dir='ltr'>tamen,</span> <span class='ocrx_word' id='word_1_209' title='bbox 1059 1568 1106 1599; x_wconf 89' lang='lat' dir='ltr'>ut</span> <span class='ocrx_word' id='word_1_210' title='bbox 1143 1574 1314 1614; x_wconf 85' lang='lat' dir='ltr'>aequum</span> <span class='ocrx_word' id='word_1_211' title='bbox 1335 1559 1429 1609; x_wconf 83' lang='lat' dir='ltr'>est,</span> <span class='ocrx_word' id='word_1_212' title='bbox 1464 1560 1610 1600; x_wconf 85' lang='lat' dir='ltr'>omnia</span> <span class='ocrx_word' id='word_1_213' title='bbox 1639 1568 1764 1599; x_wconf 82' lang='lat' dir='ltr'>caute</span> 
     </span>
     <span class='ocr_line' id='line_1_26' title="bbox 331 1615 1763 1674; baseline -0.001 -16"><span class='ocrx_word' id='word_1_214' title='bbox 331 1618 681 1674; x_wconf 83' lang='lat' dir='ltr'>pedetentimque</span> <span class='ocrx_word' id='word_1_215' title='bbox 712 1617 922 1667; x_wconf 87' lang='lat' dir='ltr'>dicentur,</span> <span class='ocrx_word' id='word_1_216' title='bbox 955 1626 1001 1656; x_wconf 88' lang='lat' dir='ltr'>ut</span> <span class='ocrx_word' id='word_1_217' title='bbox 1037 1630 1174 1671; x_wconf 88' lang='lat' dir='ltr'>neque</span> <span class='ocrx_word' id='word_1_218' title='bbox 1206 1617 1308 1657; x_wconf 86' lang='lat' dir='ltr'>fides</span> <span class='ocrx_word' id='word_1_219' title='bbox 1340 1616 1467 1671; x_wconf 86' lang='lat' dir='ltr'>hujus</span> <span class='ocrx_word' id='word_1_220' title='bbox 1504 1615 1763 1656; x_wconf 81' lang='lat' dir='ltr'>defensionis</span> 
     </span>
     <span class='ocr_line' id='line_1_27' title="bbox 333 1672 1767 1729; baseline -0.002 -12"><span class='ocrx_word' id='word_1_221' title='bbox 333 1675 496 1726; x_wconf 84' lang='lat' dir='ltr'>relicta,</span> <span class='ocrx_word' id='word_1_222' title='bbox 530 1689 667 1729; x_wconf 88' lang='lat' dir='ltr'>neque</span> <span class='ocrx_word' id='word_1_223' title='bbox 701 1676 955 1729; x_wconf 76' lang='lat' dir='ltr'>cujusquam</span> <span class='ocrx_word' id='word_1_224' title='bbox 994 1682 1068 1713; x_wconf 86' lang='lat' dir='ltr'>aut</span> <span class='ocrx_word' id='word_1_225' title='bbox 1102 1674 1289 1728; x_wconf 83' lang='lat' dir='ltr'>dignitas</span> <span class='ocrx_word' id='word_1_226' title='bbox 1317 1673 1431 1725; x_wconf 85' lang='lat' dir='ltr'>laesa,</span> <span class='ocrx_word' id='word_1_227' title='bbox 1467 1681 1540 1713; x_wconf 87' lang='lat' dir='ltr'>aut</span> <span class='ocrx_word' id='word_1_228' title='bbox 1575 1672 1767 1714; x_wconf 83' lang='lat' dir='ltr'>amicitia</span> 
     </span>
     <span class='ocr_line' id='line_1_28' title="bbox 335 1731 835 1773; baseline -0.002 -1"><span class='ocrx_word' id='word_1_229' title='bbox 335 1732 495 1773; x_wconf 81' lang='lat' dir='ltr'>violata</span> <span class='ocrx_word' id='word_1_230' title='bbox 515 1746 605 1772; x_wconf 86' lang='lat' dir='ltr'>esse</span> <span class='ocrx_word' id='word_1_231' title='bbox 628 1731 835 1771; x_wconf 86' lang='lat' dir='ltr'>videatur.</span> 
     </span>
    </p>

    <p class='ocr_par' dir='ltr' id='par_1_3' title="bbox 330 1786 1768 2357">
     <span class='ocr_line' id='line_1_29' title="bbox 393 1786 1765 1843; baseline -0.002 -14"><span class='ocrx_word' id='word_1_232' title='bbox 393 1789 530 1829; x_wconf 79' lang='lat' dir='ltr'>Video</span> <span class='ocrx_word' id='word_1_233' title='bbox 553 1789 698 1843; x_wconf 78' lang='lat' dir='ltr'>igitur,</span> <span class='ocrx_word' id='word_1_234' title='bbox 723 1788 909 1843; x_wconf 85' lang='lat' dir='ltr'>judices,</span> <span class='ocrx_word' id='word_1_235' title='bbox 931 1786 1280 1827; x_wconf 84' lang='lat' dir='ltr'>animadvertisse</span> <span class='ocrx_word' id='word_1_236' title='bbox 1301 1800 1497 1827; x_wconf 84' lang='lat' dir='ltr'>censores</span> <span class='ocrx_word' id='word_1_237' title='bbox 1523 1787 1568 1827; x_wconf 89' lang='lat' dir='ltr'>in</span> <span class='ocrx_word' id='word_1_238' title='bbox 1595 1786 1765 1842; x_wconf 86' lang='lat' dir='ltr'>judices</span> 
     </span>
     <span class='ocr_line' id='line_1_30' title="bbox 334 1843 1767 1899; baseline -0.001 -13"><span class='ocrx_word' id='word_1_239' title='bbox 334 1846 543 1899; x_wconf 84' lang='lat' dir='ltr'>quosdam</span> <span class='ocrx_word' id='word_1_240' title='bbox 576 1845 686 1886; x_wconf 87' lang='lat' dir='ltr'>illius</span> <span class='ocrx_word' id='word_1_241' title='bbox 716 1844 885 1889; x_wconf 80' lang='lat' dir='ltr'>consilii</span> <span class='ocrx_word' id='word_1_242' title='bbox 915 1843 1108 1893; x_wconf 85' lang='lat' dir='ltr'>Juniani,</span> <span class='ocrx_word' id='word_1_243' title='bbox 1140 1859 1238 1884; x_wconf 88' lang='lat' dir='ltr'>cum</span> <span class='ocrx_word' id='word_1_244' title='bbox 1269 1844 1393 1884; x_wconf 82' lang='lat' dir='ltr'>istam</span> <span class='ocrx_word' id='word_1_245' title='bbox 1428 1843 1563 1899; x_wconf 83' lang='lat' dir='ltr'>ipsam</span> <span class='ocrx_word' id='word_1_246' title='bbox 1594 1858 1767 1884; x_wconf 80' lang='lat' dir='ltr'>causam</span> 
     </span>
     <span class='ocr_line' id='line_1_31' title="bbox 333 1900 1767 1957; baseline -0.004 -11"><span class='ocrx_word' id='word_1_247' title='bbox 333 1903 665 1946; x_wconf 79' lang='lat' dir='ltr'>subscriberent.</span> <span class='ocrx_word' id='word_1_248' title='bbox 745 1901 834 1943; x_wconf 89' lang='lat' dir='ltr'>Hic</span> <span class='ocrx_word' id='word_1_249' title='bbox 876 1901 1062 1957; x_wconf 88' lang='lat' dir='ltr'>primum</span> <span class='ocrx_word' id='word_1_250' title='bbox 1104 1900 1205 1941; x_wconf 87' lang='lat' dir='ltr'>illud</span> <span class='ocrx_word' id='word_1_251' title='bbox 1244 1915 1473 1941; x_wconf 87' lang='lat' dir='ltr'>commune</span> <span class='ocrx_word' id='word_1_252' title='bbox 1515 1915 1767 1957; x_wconf 87' lang='lat' dir='ltr'>proponam,</span> 
     </span>
     <span class='ocr_line' id='line_1_32' title="bbox 332 1957 1768 2014; baseline -0.003 -12"><span class='ocrx_word' id='word_1_253' title='bbox 332 1974 565 2014; x_wconf 81' lang='lat' dir='ltr'>numquam</span> <span class='ocrx_word' id='word_1_254' title='bbox 600 1959 1041 2000; x_wconf 85' lang='lat' dir='ltr'>animadversionibus</span> <span class='ocrx_word' id='word_1_255' title='bbox 1071 1958 1274 1998; x_wconf 84' lang='lat' dir='ltr'>censoriis</span> <span class='ocrx_word' id='word_1_256' title='bbox 1311 1957 1422 1998; x_wconf 86' lang='lat' dir='ltr'>hanc</span> <span class='ocrx_word' id='word_1_257' title='bbox 1452 1958 1673 1999; x_wconf 84' lang='lat' dir='ltr'>civitatem</span> <span class='ocrx_word' id='word_1_258' title='bbox 1707 1957 1768 1998; x_wconf 83' lang='lat' dir='ltr'>ita</span> 
     </span>
     <span class='ocr_line' id='line_1_33' title="bbox 332 2014 1768 2071; baseline -0.001 -16"><span class='ocrx_word' id='word_1_259' title='bbox 332 2026 596 2067; x_wconf 70' lang='lat' dir='ltr'>contentam,</span> <span class='ocrx_word' id='word_1_260' title='bbox 619 2027 667 2056; x_wconf 87' lang='lat' dir='ltr'>ut</span> <span class='ocrx_word' id='word_1_261' title='bbox 688 2018 813 2058; x_wconf 86' lang='lat' dir='ltr'>rebus</span> <span class='ocrx_word' id='word_1_262' title='bbox 829 2016 1051 2071; x_wconf 79' lang='lat' dir='ltr'>judicatiS‚</span> <span class='ocrx_word' id='word_1_263' title='bbox 1074 2014 1218 2056; x_wconf 85' lang='lat' dir='ltr'>fuisse.</span> <span class='ocrx_word' id='word_1_264' title='bbox 1250 2029 1387 2069; x_wconf 91' lang='lat' dir='ltr'>neque</span> <span class='ocrx_word' id='word_1_265' title='bbox 1410 2015 1451 2056; x_wconf 89' lang='lat' dir='ltr'>in</span> <span class='ocrx_word' id='word_1_266' title='bbox 1474 2029 1519 2056; x_wconf 89' lang='lat' dir='ltr'>re</span> <span class='ocrx_word' id='word_1_267' title='bbox 1540 2024 1644 2056; x_wconf 84' lang='lat' dir='ltr'>nota</span> <span class='ocrx_word' id='word_1_268' title='bbox 1663 2029 1768 2055; x_wconf 90' lang='lat' dir='ltr'>con-</span> 
     </span>
     <span class='ocr_line' id='line_1_34' title="bbox 332 2071 1766 2128; baseline -0.003 -13"><span class='ocrx_word' id='word_1_269' title='bbox 332 2089 498 2115; x_wconf 80' lang='lat' dir='ltr'>sumam</span> <span class='ocrx_word' id='word_1_270' title='bbox 535 2083 704 2128; x_wconf 83' lang='lat' dir='ltr'>tempus</span> <span class='ocrx_word' id='word_1_271' title='bbox 734 2072 957 2128; x_wconf 83' lang='lat' dir='ltr'>exempliS.</span> <span class='ocrx_word' id='word_1_272' title='bbox 990 2086 1148 2128; x_wconf 82' lang='lat' dir='ltr'>ponam</span> <span class='ocrx_word' id='word_1_273' title='bbox 1184 2072 1287 2112; x_wconf 87' lang='lat' dir='ltr'>illud</span> <span class='ocrx_word' id='word_1_274' title='bbox 1319 2087 1476 2114; x_wconf 88' lang='lat' dir='ltr'>unum:</span> <span class='ocrx_word' id='word_1_275' title='bbox 1511 2072 1562 2113; x_wconf 90' lang='lat' dir='ltr'>C.</span> <span class='ocrx_word' id='word_1_276' title='bbox 1594 2071 1766 2122; x_wconf 81' lang='lat' dir='ltr'>Getam,</span> 
     </span>
     <span class='ocr_line' id='line_1_35' title="bbox 330 2129 1767 2182; baseline -0.001 -12"><span class='ocrx_word' id='word_1_277' title='bbox 330 2146 431 2179; x_wconf 86' lang='lat' dir='ltr'>cum</span> <span class='ocrx_word' id='word_1_278' title='bbox 463 2146 488 2171; x_wconf 87' lang='lat' dir='ltr'>a</span> <span class='ocrx_word' id='word_1_279' title='bbox 520 2131 568 2171; x_wconf 91' lang='lat' dir='ltr'>L.</span> <span class='ocrx_word' id='word_1_280' title='bbox 593 2129 772 2171; x_wconf 83' lang='lat' dir='ltr'>Metello</span> <span class='ocrx_word' id='word_1_281' title='bbox 803 2139 848 2171; x_wconf 91' lang='lat' dir='ltr'>et</span> <span class='ocrx_word' id='word_1_282' title='bbox 879 2129 960 2171; x_wconf 91' lang='lat' dir='ltr'>Cn.</span> <span class='ocrx_word' id='word_1_283' title='bbox 989 2129 1201 2180; x_wconf 81' lang='lat' dir='ltr'>Domitio,</span> <span class='ocrx_word' id='word_1_284' title='bbox 1233 2130 1496 2182; x_wconf 89' lang='lat' dir='ltr'>censoribus,</span> <span class='ocrx_word' id='word_1_285' title='bbox 1526 2144 1580 2172; x_wconf 84' lang='lat' dir='ltr'>ex</span> <span class='ocrx_word' id='word_1_286' title='bbox 1618 2138 1767 2169; x_wconf 83' lang='lat' dir='ltr'>senatu</span> 
     </span>
     <span class='ocr_line' id='line_1_36' title="bbox 331 2185 1766 2242; baseline -0.001 -14"><span class='ocrx_word' id='word_1_287' title='bbox 331 2188 496 2242; x_wconf 78' lang='lat' dir='ltr'>ejectus</span> <span class='ocrx_word' id='word_1_288' title='bbox 519 2196 643 2238; x_wconf 86' lang='lat' dir='ltr'>esset,</span> <span class='ocrx_word' id='word_1_289' title='bbox 663 2202 883 2228; x_wconf 86' lang='lat' dir='ltr'>censorem</span> <span class='ocrx_word' id='word_1_290' title='bbox 905 2187 1046 2242; x_wconf 85' lang='lat' dir='ltr'>ipsum</span> <span class='ocrx_word' id='word_1_291' title='bbox 1066 2195 1215 2242; x_wconf 80' lang='lat' dir='ltr'>postea</span> <span class='ocrx_word' id='word_1_292' title='bbox 1235 2200 1326 2227; x_wconf 81' lang='lat' dir='ltr'>esse</span> <span class='ocrx_word' id='word_1_293' title='bbox 1349 2186 1536 2229; x_wconf 79' lang='lat' dir='ltr'>factum:</span> <span class='ocrx_word' id='word_1_294' title='bbox 1567 2194 1624 2236; x_wconf 89' lang='lat' dir='ltr'>et,</span> <span class='ocrx_word' id='word_1_295' title='bbox 1642 2185 1766 2240; x_wconf 77' lang='lat' dir='ltr'>cujus</span> 
     </span>
     <span class='ocr_line' id='line_1_37' title="bbox 331 2242 1767 2300; baseline 0.001 -15"><span class='ocrx_word' id='word_1_296' title='bbox 331 2260 472 2292; x_wconf 87' lang='lat' dir='ltr'>mores</span> <span class='ocrx_word' id='word_1_297' title='bbox 495 2261 520 2286; x_wconf 87' lang='lat' dir='ltr'>a</span> <span class='ocrx_word' id='word_1_298' title='bbox 541 2244 790 2285; x_wconf 85' lang='lat' dir='ltr'>censoribus</span> <span class='ocrx_word' id='word_1_299' title='bbox 812 2253 934 2285; x_wconf 87' lang='lat' dir='ltr'>erant</span> <span class='ocrx_word' id='word_1_300' title='bbox 961 2243 1218 2298; x_wconf 87' lang='lat' dir='ltr'>reprehensi,</span> <span class='ocrx_word' id='word_1_301' title='bbox 1242 2243 1354 2284; x_wconf 85' lang='lat' dir='ltr'>hunc</span> <span class='ocrx_word' id='word_1_302' title='bbox 1376 2254 1526 2300; x_wconf 86' lang='lat' dir='ltr'>postea</span> <span class='ocrx_word' id='word_1_303' title='bbox 1546 2252 1589 2285; x_wconf 87' lang='lat' dir='ltr'>et</span> <span class='ocrx_word' id='word_1_304' title='bbox 1619 2242 1767 2298; x_wconf 69' lang='lat' dir='ltr'>populi</span> 
     </span>
     <span class='ocr_line' id='line_1_38' title="bbox 333 2300 1766 2357; baseline -0.002 -12"><span class='ocrx_word' id='word_1_305' title='bbox 333 2301 537 2353; x_wconf 84' lang='lat' dir='ltr'>Romani,</span> <span class='ocrx_word' id='word_1_306' title='bbox 558 2311 603 2355; x_wconf 80' lang='lat' dir='ltr'>et</span> <span class='ocrx_word' id='word_1_307' title='bbox 621 2316 784 2355; x_wconf 87' lang='lat' dir='ltr'>eorum,</span> <span class='ocrx_word' id='word_1_308' title='bbox 806 2301 880 2357; x_wconf 89' lang='lat' dir='ltr'>qui</span> <span class='ocrx_word' id='word_1_309' title='bbox 905 2301 949 2342; x_wconf 91' lang='lat' dir='ltr'>in</span> <span class='ocrx_word' id='word_1_310' title='bbox 979 2300 1121 2356; x_wconf 75' lang='lat' dir='ltr'>ipsum</span> <span class='ocrx_word' id='word_1_311' title='bbox 1150 2300 1551 2353; x_wconf 77' lang='lat' dir='ltr'>animadverterant,</span> <span class='ocrx_word' id='word_1_312' title='bbox 1571 2300 1766 2342; x_wconf 79' lang='lat' dir='ltr'>moribus</span> 
     </span>
    </p>
   </div>
   <div class='ocr_carea' id='block_1_3' title="bbox 250 1802 323 1836">
    <p class='ocr_par' dir='ltr' id='par_1_4' title="bbox 250 1802 323 1836">
     <span class='ocr_line' id='line_1_39' title="bbox 250 1802 323 1836; baseline 0 -1"><span class='ocrx_word' id='word_1_313' title='bbox 250 1802 323 1836; x_wconf 87' lang='lat'>119</span> 
     </span>
    </p>
   </div>
   <div class='ocr_carea' id='block_1_4' title="bbox 334 2423 1033 2925">
    <p class='ocr_par' dir='ltr' id='par_1_5' title="bbox 334 2423 1033 2832">
     <span class='ocr_line' id='line_1_40' title="bbox 376 2423 1026 2465; baseline -0.005 -8"><span class='ocrx_word' id='word_1_314' title='bbox 376 2428 396 2457; x_wconf 86' lang='lat'><strong>3</strong></span> <span class='ocrx_word' id='word_1_315' title='bbox 430 2426 669 2457; x_wconf 65' lang='lat' dir='ltr'>animadversio</span> <span class='ocrx_word' id='word_1_316' title='bbox 702 2430 800 2465; x_wconf 77' lang='lat' dir='ltr'>neque</span> <span class='ocrx_word' id='word_1_317' title='bbox 831 2423 1026 2463; x_wconf 60' lang='lat' dir='ltr'>auetorilas]</span> 
     </span>
     <span class='ocr_line' id='line_1_41' title="bbox 334 2467 1031 2506; baseline -0.003 -8"><span class='ocrx_word' id='word_1_318' title='bbox 334 2467 417 2498; x_wconf 83' lang='lat' dir='ltr'>Edd.</span> <span class='ocrx_word' id='word_1_319' title='bbox 433 2473 512 2497; x_wconf 72' lang='lat' dir='ltr'>vett.</span> <span class='ocrx_word' id='word_1_320' title='bbox 530 2478 630 2506; x_wconf 82' lang='lat' dir='ltr'>usque</span> <span class='ocrx_word' id='word_1_321' title='bbox 647 2468 687 2498; x_wconf 86' lang='lat' dir='ltr'>ad</span> <span class='ocrx_word' id='word_1_322' title='bbox 703 2468 885 2498; x_wconf 80' lang='lat' dir='ltr'>victorium</span> <span class='ocrx_word' id='word_1_323' title='bbox 908 2467 1031 2496; x_wconf 84' lang='lat' dir='ltr'>habeut</span> 
     </span>
     <span class='ocr_line' id='line_1_42' title="bbox 334 2510 1032 2549; baseline -0.001 -10"><span class='ocrx_word' id='word_1_324' title='bbox 334 2510 646 2540; x_wconf 65' lang='lat' dir='ltr'>1⁷71irnmlversz&#39;onem</span> <span class='ocrx_word' id='word_1_325' title='bbox 676 2514 774 2549; x_wconf 74' lang='lat' dir='ltr'>utque</span> <span class='ocrx_word' id='word_1_326' title='bbox 802 2511 1032 2539; x_wconf 70' lang='lat' dir='ltr'>auctoritatem</span> 
     </span>
     <span class='ocr_line' id='line_1_43' title="bbox 335 2551 1031 2582; baseline -0.001 -1"><span class='ocrx_word' id='word_1_327' title='bbox 335 2561 418 2581; x_wconf 75' lang='lat' dir='ltr'>cens.</span> <span class='ocrx_word' id='word_1_328' title='bbox 433 2557 467 2581; x_wconf 79' lang='lat' dir='ltr'>et</span> <span class='ocrx_word' id='word_1_329' title='bbox 489 2553 533 2581; x_wconf 75' lang='lat' dir='ltr'>sio</span> <span class='ocrx_word' id='word_1_330' title='bbox 556 2553 622 2582; x_wconf 78' lang='lat' dir='ltr'>fere</span> <span class='ocrx_word' id='word_1_331' title='bbox 640 2551 718 2582; x_wconf 82' lang='lat' dir='ltr'>Mss.</span> <span class='ocrx_word' id='word_1_332' title='bbox 763 2551 892 2581; x_wconf 84' lang='lat' dir='ltr'>Primus</span> <span class='ocrx_word' id='word_1_333' title='bbox 908 2552 942 2581; x_wconf 91' lang='lat' dir='ltr'>P.</span> <span class='ocrx_word' id='word_1_334' title='bbox 960 2551 1031 2580; x_wconf 90' lang='lat' dir='ltr'>Ma-</span> 
     </span>
     <span class='ocr_line' id='line_1_44' title="bbox 336 2594 1033 2632; baseline -0.001 -9"><span class='ocrx_word' id='word_1_335' title='bbox 336 2594 449 2624; x_wconf 78' lang='lat' dir='ltr'>nutius</span> <span class='ocrx_word' id='word_1_336' title='bbox 471 2597 557 2624; x_wconf 68' lang='lat'>15⁴0.</span> <span class='ocrx_word' id='word_1_337' title='bbox 573 2594 673 2624; x_wconf 83' lang='lat' dir='ltr'>edidit</span> <span class='ocrx_word' id='word_1_338' title='bbox 686 2594 924 2624; x_wconf 66' lang='lat' dir='ltr'>animadversio</span> <span class='ocrx_word' id='word_1_339' title='bbox 936 2597 1033 2632; x_wconf 75' lang='lat' dir='ltr'>atque</span> 
     </span>
     <span class='ocr_line' id='line_1_45' title="bbox 337 2635 1030 2666; baseline 0 -2"><span class='ocrx_word' id='word_1_340' title='bbox 337 2639 425 2665; x_wconf 77' lang='lat' dir='ltr'>auct.</span> <span class='ocrx_word' id='word_1_341' title='bbox 447 2646 529 2665; x_wconf 82' lang='lat' dir='ltr'>cens.</span> <span class='ocrx_word' id='word_1_342' title='bbox 575 2636 677 2666; x_wconf 81' lang='lat' dir='ltr'>Vetus</span> <span class='ocrx_word' id='word_1_343' title='bbox 701 2635 845 2666; x_wconf 85' lang='lat' dir='ltr'>restitnit</span> <span class='ocrx_word' id='word_1_344' title='bbox 860 2636 1030 2664; x_wconf 81' lang='lat' dir='ltr'>Gruterus.</span> 
     </span>
     <span class='ocr_line' id='line_1_46' title="bbox 337 2677 1031 2713; baseline -0.001 -6"><span class='ocrx_word' id='word_1_345' title='bbox 337 2677 406 2707; x_wconf 81' lang='lat' dir='ltr'>Nos</span> <span class='ocrx_word' id='word_1_346' title='bbox 436 2678 624 2707; x_wconf 82' lang='lat' dir='ltr'>Manutium</span> <span class='ocrx_word' id='word_1_347' title='bbox 660 2678 763 2713; x_wconf 81' lang='lat' dir='ltr'>secuti</span> <span class='ocrx_word' id='word_1_348' title='bbox 788 2687 915 2707; x_wconf 86' lang='lat' dir='ltr'>sumus:</span> <span class='ocrx_word' id='word_1_349' title='bbox 956 2687 1031 2706; x_wconf 79' lang='lat' dir='ltr'>nam</span> 
     </span>
     <span class='ocr_line' id='line_1_47' title="bbox 336 2719 1029 2758; baseline 0 -10"><span class='ocrx_word' id='word_1_350' title='bbox 336 2719 509 2748; x_wconf 63' lang='lat' dir='ltr'>manifeste</span> <span class='ocrx_word' id='word_1_351' title='bbox 552 2720 691 2749; x_wconf 84' lang='lat' dir='ltr'>refertur</span> <span class='ocrx_word' id='word_1_352' title='bbox 731 2719 772 2749; x_wconf 88' lang='lat' dir='ltr'>ad</span> <span class='ocrx_word' id='word_1_353' title='bbox 805 2721 950 2758; x_wconf 77' lang='lat' dir='ltr'>sequitur</span> <span class='ocrx_word' id='word_1_354' title='bbox 986 2720 1029 2748; x_wconf 83' lang='lat' dir='ltr'>id.</span> 
     </span>
     <span class='ocr_line' id='line_1_48' title="bbox 335 2760 1031 2801; baseline 0 -11"><span class='ocrx_word' id='word_1_355' title='bbox 335 2760 474 2791; x_wconf 84' lang='lat' dir='ltr'>Librarii</span> <span class='ocrx_word' id='word_1_356' title='bbox 501 2762 751 2791; x_wconf 76' lang='lat' dir='ltr'>conformatum</span> <span class='ocrx_word' id='word_1_357' title='bbox 774 2760 1031 2801; x_wconf 69' lang='lat' dir='ltr'>prm-cedentibus</span> 
     </span>
     <span class='ocr_line' id='line_1_49' title="bbox 336 2803 538 2832; baseline -0.005 0"><span class='ocrx_word' id='word_1_358' title='bbox 336 2803 538 2832; x_wconf 73' lang='lat' dir='ltr'>accusativis.</span> 
     </span>
    </p>

    <p class='ocr_par' dir='ltr' id='par_1_6' title="bbox 336 2844 1030 2925">
     <span class='ocr_line' id='line_1_50' title="bbox 378 2844 1030 2883; baseline -0.002 -8"><span class='ocrx_word' id='word_1_359' title='bbox 378 2848 399 2875; x_wconf 88' lang='lat'>4</span> <span class='ocrx_word' id='word_1_360' title='bbox 424 2845 458 2878; x_wconf 72' lang='lat' dir='ltr'>in</span> <span class='ocrx_word' id='word_1_361' title='bbox 486 2846 547 2875; x_wconf 76' lang='lat' dir='ltr'>leae</span> <span class='ocrx_word' id='word_1_362' title='bbox 573 2846 654 2875; x_wconf 75' lang='lat' dir='ltr'>mihi</span> <span class='ocrx_word' id='word_1_363' title='bbox 682 2854 708 2875; x_wconf 82' lang='lat' dir='ltr'>c.</span> <span class='ocrx_word' id='word_1_364' title='bbox 735 2844 809 2883; x_wconf 59' lang='grc' dir='ltr'>δια]</span> <span class='ocrx_word' id='word_1_365' title='bbox 838 2844 953 2874; x_wconf 80' lang='lat' dir='ltr'>Oratio</span> <span class='ocrx_word' id='word_1_366' title='bbox 980 2848 1030 2874; x_wconf 84' lang='lat' dir='ltr'>est</span> 
     </span>
     <span class='ocr_line' id='line_1_51' title="bbox 336 2887 1030 2925; baseline 0 -7"><span class='ocrx_word' id='word_1_367' title='bbox 336 2887 533 2925; x_wconf 66' lang='grc' dir='ltr'>ἂναιιόλκθος,</span> <span class='ocrx_word' id='word_1_368' title='bbox 556 2887 582 2918; x_wconf 86' lang='lat' dir='ltr'>si</span> <span class='ocrx_word' id='word_1_369' title='bbox 604 2896 684 2918; x_wconf 79' lang='lat' dir='ltr'>sana</span> <span class='ocrx_word' id='word_1_370' title='bbox 707 2892 768 2919; x_wconf 81' lang='lat' dir='ltr'>est.</span> <span class='ocrx_word' id='word_1_371' title='bbox 794 2896 870 2917; x_wconf 77' lang='lat' dir='ltr'>nam</span> <span class='ocrx_word' id='word_1_372' title='bbox 892 2887 1030 2918; x_wconf 85' lang='lat' dir='ltr'>debebat</span> 
     </span>
    </p>
   </div>
   <div class='ocr_carea' id='block_1_5' title="bbox 1072 2424 1768 2886">
    <p class='ocr_par' dir='ltr' id='par_1_7' title="bbox 1072 2424 1768 2886">
     <span class='ocr_line' id='line_1_52' title="bbox 1073 2424 1768 2461; baseline 0 -7"><span class='ocrx_word' id='word_1_373' title='bbox 1073 2433 1153 2461; x_wconf 81' lang='lat' dir='ltr'>esse,</span> <span class='ocrx_word' id='word_1_374' title='bbox 1168 2428 1205 2454; x_wconf 76' lang='lat' dir='ltr'>ut</span> <span class='ocrx_word' id='word_1_375' title='bbox 1228 2424 1308 2455; x_wconf 59' lang='lat' dir='ltr'>milei</span> <span class='ocrx_word' id='word_1_376' title='bbox 1322 2424 1474 2455; x_wconf 76' lang='lat' dir='ltr'>concedat</span> <span class='ocrx_word' id='word_1_377' title='bbox 1487 2428 1619 2454; x_wconf 74' lang='lat' dir='ltr'>tantum</span> <span class='ocrx_word' id='word_1_378' title='bbox 1640 2433 1768 2455; x_wconf 67' lang='lat' dir='ltr'>sumere</span> 
     </span>
     <span class='ocr_line' id='line_1_53' title="bbox 1075 2466 1767 2506; baseline -0.001 -10"><span class='ocrx_word' id='word_1_379' title='bbox 1075 2467 1133 2496; x_wconf 70' lang='grc' dir='ltr'>ἃς.</span> <span class='ocrx_word' id='word_1_380' title='bbox 1179 2467 1279 2496; x_wconf 81' lang='lat' dir='ltr'>Porro</span> <span class='ocrx_word' id='word_1_381' title='bbox 1306 2466 1377 2496; x_wconf 85' lang='lat' dir='ltr'>edd.</span> <span class='ocrx_word' id='word_1_382' title='bbox 1405 2476 1452 2506; x_wconf 83' lang='lat' dir='ltr'>pr.</span> <span class='ocrx_word' id='word_1_383' title='bbox 1484 2466 1607 2498; x_wconf 86' lang='lat' dir='ltr'>habent</span> <span class='ocrx_word' id='word_1_384' title='bbox 1634 2467 1667 2495; x_wconf 78' lang='lat' dir='ltr'>in</span> <span class='ocrx_word' id='word_1_385' title='bbox 1690 2468 1767 2502; x_wconf 79' lang='lat' dir='ltr'>hac,</span> 
     </span>
     <span class='ocr_line' id='line_1_54' title="bbox 1074 2507 1766 2549; baseline -0.001 -11"><span class='ocrx_word' id='word_1_386' title='bbox 1074 2513 1194 2549; x_wconf 84' lang='lat' dir='ltr'>praeter</span> <span class='ocrx_word' id='word_1_387' title='bbox 1218 2507 1267 2540; x_wconf 36' lang='lat' dir='ltr'>ed,</span> <span class='ocrx_word' id='word_1_388' title='bbox 1297 2510 1387 2541; x_wconf 82' lang='lat'>1471.</span> <span class='ocrx_word' id='word_1_389' title='bbox 1413 2508 1447 2537; x_wconf 86' lang='lat' dir='ltr'>in</span> <span class='ocrx_word' id='word_1_390' title='bbox 1473 2518 1536 2547; x_wconf 88' lang='lat' dir='ltr'>qua</span> <span class='ocrx_word' id='word_1_391' title='bbox 1560 2512 1608 2538; x_wconf 81' lang='lat' dir='ltr'>est</span> <span class='ocrx_word' id='word_1_392' title='bbox 1635 2509 1670 2537; x_wconf 75' lang='lat' dir='ltr'>in</span> <span class='ocrx_word' id='word_1_393' title='bbox 1697 2509 1766 2545; x_wconf 77' lang='lat' dir='ltr'>hoc,</span> 
     </span>
     <span class='ocr_line' id='line_1_55' title="bbox 1072 2550 1767 2590; baseline 0 -10"><span class='ocrx_word' id='word_1_394' title='bbox 1072 2556 1113 2581; x_wconf 86' lang='lat' dir='ltr'>ut</span> <span class='ocrx_word' id='word_1_395' title='bbox 1145 2550 1179 2580; x_wconf 88' lang='lat' dir='ltr'>in</span> <span class='ocrx_word' id='word_1_396' title='bbox 1210 2550 1289 2580; x_wconf 86' lang='lat' dir='ltr'>Mss.</span> <span class='ocrx_word' id='word_1_397' title='bbox 1317 2550 1507 2589; x_wconf 84' lang='lat' dir='ltr'>quibusdam</span> <span class='ocrx_word' id='word_1_398' title='bbox 1535 2551 1656 2590; x_wconf 81' lang='lat' dir='ltr'>reperit</span> <span class='ocrx_word' id='word_1_399' title='bbox 1683 2550 1767 2580; x_wconf 78' lang='lat' dir='ltr'>Gru-</span> 
     </span>
     <span class='ocr_line' id='line_1_56' title="bbox 1074 2591 1768 2632; baseline 0 -10"><span class='ocrx_word' id='word_1_400' title='bbox 1074 2597 1178 2622; x_wconf 81' lang='lat' dir='ltr'>terus:</span> <span class='ocrx_word' id='word_1_401' title='bbox 1194 2592 1288 2631; x_wconf 86' lang='lat' dir='ltr'>idque</span> <span class='ocrx_word' id='word_1_402' title='bbox 1303 2592 1461 2632; x_wconf 80' lang='lat' dir='ltr'>probabat</span> <span class='ocrx_word' id='word_1_403' title='bbox 1476 2591 1667 2622; x_wconf 83' lang='lat' dir='ltr'>Lambinus.</span> <span class='ocrx_word' id='word_1_404' title='bbox 1691 2591 1768 2622; x_wconf 82' lang='lat' dir='ltr'>Hac</span> 
     </span>
     <span class='ocr_line' id='line_1_57' title="bbox 1075 2633 1767 2674; baseline -0.001 -10"><span class='ocrx_word' id='word_1_405' title='bbox 1075 2634 1268 2674; x_wconf 80' lang='lat' dir='ltr'>intelligunt</span> <span class='ocrx_word' id='word_1_406' title='bbox 1302 2634 1356 2664; x_wconf 85' lang='lat' dir='ltr'>alii</span> <span class='ocrx_word' id='word_1_407' title='bbox 1385 2634 1549 2669; x_wconf 79' lang='lat' dir='ltr'>libertate,</span> <span class='ocrx_word' id='word_1_408' title='bbox 1578 2634 1633 2664; x_wconf 85' lang='lat' dir='ltr'>alii</span> <span class='ocrx_word' id='word_1_409' title='bbox 1660 2633 1767 2664; x_wconf 76' lang='lat' dir='ltr'>causa.</span> 
     </span>
     <span class='ocr_line' id='line_1_58' title="bbox 1075 2675 1768 2715; baseline -0.001 -9"><span class='ocrx_word' id='word_1_410' title='bbox 1075 2677 1108 2706; x_wconf 87' lang='lat' dir='ltr'>Si</span> <span class='ocrx_word' id='word_1_411' title='bbox 1134 2678 1190 2706; x_wconf 76' lang='lat' dir='ltr'>hoc</span> <span class='ocrx_word' id='word_1_412' title='bbox 1213 2685 1324 2706; x_wconf 78' lang='lat' dir='ltr'>verum</span> <span class='ocrx_word' id='word_1_413' title='bbox 1348 2681 1409 2712; x_wconf 82' lang='lat' dir='ltr'>est,</span> <span class='ocrx_word' id='word_1_414' title='bbox 1434 2675 1683 2715; x_wconf 79' lang='lat' dir='ltr'>intelligendum</span> <span class='ocrx_word' id='word_1_415' title='bbox 1711 2685 1768 2705; x_wconf 89' lang='lat' dir='ltr'>ne-</span> 
     </span>
     <span class='ocr_line' id='line_1_59' title="bbox 1075 2717 1766 2758; baseline -0.001 -11"><span class='ocrx_word' id='word_1_416' title='bbox 1075 2719 1178 2755; x_wconf 68' lang='lat' dir='ltr'>gotio,</span> <span class='ocrx_word' id='word_1_417' title='bbox 1204 2720 1320 2758; x_wconf 85' lang='lat' dir='ltr'>capite.</span> <span class='ocrx_word' id='word_1_418' title='bbox 1353 2722 1450 2757; x_wconf 78' lang='lat' dir='ltr'>atque</span> <span class='ocrx_word' id='word_1_419' title='bbox 1486 2717 1517 2747; x_wconf 84' lang='lat' dir='ltr'>id</span> <span class='ocrx_word' id='word_1_420' title='bbox 1554 2717 1766 2758; x_wconf 78' lang='lat' dir='ltr'>praetulerim.</span> 
     </span>
     <span class='ocr_line' id='line_1_60' title="bbox 1075 2759 1766 2799; baseline -0.001 -10"><span class='ocrx_word' id='word_1_421' title='bbox 1075 2760 1185 2790; x_wconf 80' lang='lat' dir='ltr'>Etiam</span> <span class='ocrx_word' id='word_1_422' title='bbox 1214 2759 1347 2789; x_wconf 85' lang='lat' dir='ltr'>verbum</span> <span class='ocrx_word' id='word_1_423' title='bbox 1372 2761 1544 2799; x_wconf 67' lang='lat' dir='ltr'>praeterire</span> <span class='ocrx_word' id='word_1_424' title='bbox 1570 2759 1689 2790; x_wconf 84' lang='lat' dir='ltr'>durum</span> <span class='ocrx_word' id='word_1_425' title='bbox 1717 2763 1766 2789; x_wconf 83' lang='lat' dir='ltr'>est</span> 
     </span>
     <span class='ocr_line' id='line_1_61' title="bbox 1073 2800 1767 2842; baseline 0 -10"><span class='ocrx_word' id='word_1_426' title='bbox 1073 2802 1107 2832; x_wconf 80' lang='lat' dir='ltr'>in</span> <span class='ocrx_word' id='word_1_427' title='bbox 1131 2802 1191 2832; x_wconf 75' lang='lat' dir='ltr'>hac</span> <span class='ocrx_word' id='word_1_428' title='bbox 1213 2803 1388 2833; x_wconf 82' lang='lat' dir='ltr'>sententia.</span> <span class='ocrx_word' id='word_1_429' title='bbox 1431 2801 1538 2833; x_wconf 79' lang='lat' dir='ltr'>Locus</span> <span class='ocrx_word' id='word_1_430' title='bbox 1560 2806 1622 2840; x_wconf 84' lang='lat' dir='ltr'>est,</span> <span class='ocrx_word' id='word_1_431' title='bbox 1637 2809 1677 2832; x_wconf 84' lang='lat' dir='ltr'>ut</span> <span class='ocrx_word' id='word_1_432' title='bbox 1698 2800 1767 2842; x_wconf 80' lang='lat' dir='ltr'>opi&#39;-</span> 
     </span>
     <span class='ocr_line' id='line_1_62' title="bbox 1074 2844 1728 2886; baseline -0.003 -11"><span class='ocrx_word' id='word_1_433' title='bbox 1074 2853 1146 2882; x_wconf 86' lang='lat' dir='ltr'>nor,</span> <span class='ocrx_word' id='word_1_434' title='bbox 1162 2844 1309 2886; x_wconf 60' lang='lat' dir='ltr'>vitiosus,</span> <span class='ocrx_word' id='word_1_435' title='bbox 1725 2849 1728 2851; x_wconf 86' lang='grc'><strong>’</strong></span> 
     </span>
    </p>
   </div>
  </div>
 </body>
</html>
