1907 3231
413 164 490 203 706
967 164 1215 204 ORATIO

419 264 570 320 gratia.
632 264 803 309 Etenim
844 283 870 309 a
902 269 1025 310 vobis
1058 269 1281 310 salubritas
1319 267 1541 324 quaedam:
1573 269 1627 310 ab
1659 269 1726 321 iis,
1760 269 1833 326 qui

284 322 315 352 1>-
336 315 584 388 ¹32·dicunt,
606 323 717 365 salus
752 325 845 381 ipsa
876 327 1050 381 petitur.
1111 325 1280 367 Deinde
1310 334 1449 366 vestra
1478 340 1679 381 responsa
1707 336 1836 382 atque

400 378 603 430 'dem-eta,
626 390 669 420 et
686 392 934 423 evertuntur
955 396 1068 437 saepe
1089 383 1347 433 dicundo,et
1369 383 1458 423 sine
1475 383 1722 424 defensione
1743 398 1837 424 ora-

416 435 521 475 toris
545 435 665 478 firma
693 452 783 479 esse
805 453 889 479 non
912 448 1115 494 possunt:
1147 439 1244 479 53in
1274 454 1359 494 qua
1378 453 1421 480 re
1444 439 1476 479 si
1505 440 1606 480 satis
1630 440 1835 495 profecis-

417 505 522 543 sem,
544 495 712 548 parcius
735 496 786 535 de
805 495 897 550 ejus
920 495 1042 536 laude
1063 496 1271 536 dicerem:
1301 510 1416 538 nunc
1434 496 1540 537 nihil
1561 497 1613 537 de
1634 511 1703 538 me
1722 497 1837 548 dico,

415 549 488 589 sed
510 549 562 590 de
583 551 649 601 iis,
672 552 744 605 qui
768 552 810 591 in
831 552 1014 593 dicendo
1038 553 1182 608 magni
1207 561 1305 593 sunt
1327 561 1400 593 aut
1421 552 1608 594 fuerunt.

336 604 403 651 14
472 605 583 647 Duae
607 617 706 648 sunt
726 617 850 659 artes,
881 624 977 665 quae
1006 619 1184 665 possunt
1214 610 1352 650 locare
1375 609 1568 651 homines
1595 610 1641 651 in
1662 609 1836 666 amplis-

349 675 402 709 30
414 662 521 703 simo
560 664 693 718 gradu
736 665 984 721 dignitatis:
1037 681 1121 707 una
1160 665 1444 722 imperatoris,
1485 666 1617 708 altera
1653 667 1835 708 oratoris

411 719 527 760 boni.
549 721 603 760 ab
625 720 708 762 hoc
729 724 841 762 enim
864 724 982 779 pacis
1003 732 1253 765 ornamenta
1272 723 1532 765 retinentur:
1564 724 1618 764 ab
1639 723 1711 764 illo
1734 723 1832 764 belli

408 776 597 831 pericula
611 778 884 834 repelluntur.
919 780 1085 821 Ceterae
1101 789 1242 820 tamen
1257 781 1435 821 virtutes
1449 779 1553 835 ipsae
1573 794 1647 836 per
1665 795 1708 821 se
1724 781 1834 822 mul-

408 842 500 873 tum
523 834 689 876 valent:
715 835 902 890 justitia,
933 837 1052 887 fides,
1084 838 1235 892 pudor,
1259 836 1565 892 temperantia3
1596 837 1752 892 quibus
1774 847 1831 888 te,

408 889 544 941 Servi,
574 891 780 933 excellere
802 908 948 934 omnes
982 894 1251 950 intelligunt:
1285 894 1358 934 sed
1380 908 1494 934 nunc
1523 893 1575 934 de
1605 894 1756 934 studiis
1778 895 1832 935 ad.

404 945 613 988 honorem
635 949 869 1005 dispositis,
891 965 976 992 non
999 951 1051 992 de
1082 952 1210 991 insita
1230 951 1439 1005 cujusque
1461 950 1619 991 virtute
1643 950 1833 1006 disputo,

407 1003 568 1045 Omnia
598 1005 681 1046 ista
709 1007 833 1047 nobis
864 1008 1004 1048 studia
1034 1008 1085 1048 de
1106 1007 1304 1048 manibus
1326 1006 1620 1058 excutiuntur,
1642 1007 1834 1048 simulat-

404 1075 488 1115 que
517 1062 668 1116 aliquis
702 1073 843 1104 motus
865 1079 1001 1105 novus
1032 1064 1231 1105 bellicum
1256 1079 1407 1105 canere
1429 1064 1582 1119 coepit.
1644 1063 1832 1116 Etenim,

403 1126 452 1158 ut
483 1118 544 1159 ait
568 1119 814 1175 ingeniosus
847 1121 992 1176 po'eta,
1021 1131 1064 1162 et
1095 1130 1246 1162 auctor
1278 1121 1399 1162 valde
1438 1122 1590 1172 bonus‚·
1611 1124 1652 1153 54
1665 1121 1831 1176 proeliis

402 1175 700 1231 promulgatis,
722 1181 760 1208 55
765 1177 939 1232 pellitur
968 1193 988 1219 e
1009 1177 1152 1228 medio,
1171 1193 1257 1219 non
1290 1179 1427 1219 solum
1456 1177 1539 1218 ista
1566 1186 1706 1219 vestra
1739 1192 1832 1218 ver-

402 1232 507 1272 bosa
529 1233 743 1275 simulatio
760 1235 1014 1290 prudentiae,
1032 1235 1102 1276 secl
1121 1235 1250 1276 etiam
1273 1235 1366 1290 ipsa
1386 1234 1458 1275 illa
1478 1234 1653 1276 domina
1673 1248 1829 1286 rerum,

399 1289 621 1342 sapientia.-
651 1290 693 1332 vi
709 1292 869 1347 geritur
890 1307 970 1334 res:
998 1292 1202 1347 spernitur
1222 1299 1373 1343 orator,
1391 1305 1479 1332 non
1497 1290 1634 1331 solum
1656 1291 1829 1333 odiosus

400 1346 444 1386 in
477 1346 674 1398 dicendo,
707 1363 756 1389 ac
783 1348 957 1403 loquax,
988 1363 1133 1389 verum
1163 1349 1293 1389 etiam
1327 1349 1475 1390 bonus.-
1505 1347 1692 1388 horridus
1719 1348 1830 1390 miles

399 1409 583 1446 amatur:
616 1414 801 1446 vestrum
835 1421 932 1446 vero
963 1405 1149 1446 studium
1181 1415 1320 1447 totum
1343 1406 1478 1460 jacet.
1539 1403 1637 1445 Non
1668 1419 1716 1445 ex
1728 1405 1831 1461 jure

401 1460 441 1489 56
453 1475 578 1502 manu
612 1469 846 1513 consertum,
869 1462 983 1503 573εά
1017 1477 1133 1518 mage
1149 1461 1288 1519 ferro,
1322 1463 1484 1517 inquit:
1515 1475 1598 1502 rem
1627 1468 1827 1515 repetunt.

403 1515 533 1562 Quod
575 1518 608 1558 si
651 1519 712 1559 ita
751 1529 830 1570 est,
871 1521 1009 1569 cedat,
1048 1520 1216 1575 opinor,
1257 1519 1436 1574 Sulpici,
1482 1518 1624 1558 forum
1662 1519 1826 1570 castris,

400 1573 536 1614 otium
558 1575 740 1626 militiae,
763 1577 883 1617 stilus
905 1576 1063 1632 gladio,
1086 1577 1238 1616 umbra
1259 1576 1359 1617 soli:
1393 1576 1447 1615 sit
1476 1575 1660 1629 denique
1691 1575 1733 1615 in
1765 1576 1826 1616 ci-

398 1629 532 1671 vitate
554 1646 604 1672 ea
625 1632 762 1688 prima
782 1648 861 1683 res,
894 1643 1068 1688 propter
1088 1648 1216 1688 quam
1247 1633 1340 1688 ipsa
1360 1641 1424 1672 est
1450 1631 1601 1672 civitas
1632 1631 1823 1672 omnium

334 1687 610 1743 31princeps.
672 1690 829 1730 Verum
868 1690 976 1740 haec,
1014 1690 1140 1739 Cato,
1174 1690 1353 1729 nimium
1385 1703 1462 1728 nos
1493 1688 1649 1729 nostris
1683 1689 1824 1729 verbis

395 1758 554 1800 magna
566 1745 706 1786 facere
727 1747 1014 1788 demonstrat:
1038 1756 1081 1786 et
1097 1746 1255 1787 oblitos
1276 1760 1381 1796 esse,
1398 1744 1555 1785 bellum
1576 1744 1679 1785 illud
1697 1758 1829 1786 omne

1124 1885 1209 1924 quod
1236 1889 1269 1914 et
1296 1884 1348 1914 hic
1378 1883 1566 1923 requiritur.
1589 1883 1685 1915 litera
1706 1895 1723 1915 ,9
1742 1883 1826 1916 elisa·

429 1886 468 1914 53
492 1886 527 1914 in
554 1895 619 1924 qua
647 1885 696 1924 re]
728 1886 778 1915 Sic
807 1886 950 1925 primum
980 1885 1081 1915 edidit

1122 1932 1184 1962 est,
1202 1936 1267 1956 non
1283 1931 1319 1956 ut
1335 1926 1458 1966 syllaba
1471 1927 1700 1966 corriperetur,
1715 1927 1770 1957 sed
1780 1932 1819 1957 ut

385 1924 503 1963 Junta,
529 1936 624 1965 quem
653 1927 834 1966 Hervagius
859 1933 892 1957 et
917 1928 1080 1958 Victorius

384 1969 487 1998 secuti
511 1975 599 1999 sunt.
643 1970 682 1999 ln
706 1970 821 1999 ceteris
844 1973 924 1999 vett.
949 1970 982 1999 in
1004 1980 1080 2009 qua.

385 2010 472 2047 quod
501 2011 594 2041 nihili
630 2016 691 2048 est,
727 2011 885 2051 debetque
921 2021 988 2042 esse
1023 2017 1081 2042 aut

384 2061 420 2081 ‘m
435 2061 506 2091 ᾳιιο,
523 2058 581 2083 aut
596 2054 629 2082 in
644 2063 707 2093 qua
721 2063 767 2083 re.

429 2097 468 2124 54
484 2096 609 2134 proeliis
624 2095 858 2134 pt‘otyzzclg·sttis]
882 2095 989 2125 Verba
1004 2099 1082 2125 sunt

385 2134 506 2174 Ennii3
540 2138 656 2167 saltem
681 2139 908 2176 promulgare.
938 2147 1013 2167 nam
1050 2137 1082 2166 id

384 2177 443 2208 tali
458 2188 554 2208 sensu
571 2184 619 2208 est
634 2180 810 2219 poeticum.

428 2222 467 2248 55
483 2222 624 2260 pellitur
649 2231 665 2250 e
693 2221 808 2260 medio]
839 2221 918 2251 Edd.
945 2230 993 2261 pr.
1022 2222 1080 2250 tol-

386 2262 479 2298 litur,
493 2272 595 2302 usque
617 2263 657 2292 ad
680 2263 890 2299 Lambinum,
905 2264 960 2302 qui
975 2273 992 2292 e
1016 2262 1078 2292 ΜΞ.

379 2305 519 2342 pellitur
540 2304 654 2341 edidit,
677 2309 716 2334 ut
736 2309 785 2334 est
807 2305 906 2335 etiam
930 2315 981 2344 ap.
1005 2304 1080 2334 Gel-

386 2345 480 2382 lium,
503 2347 579 2384 XX,
606 2351 635 2380 9.
679 2347 731 2376 Sic
753 2350 787 2376 et
813 2347 875 2377 Ms.
897 2353 1021 2382 noster,
1045 2347 1080 2376 in

385 2397 449 2426 quo
472 2398 587 2419 manus
609 2399 671 2418 sec.
694 2389 919 2429 superscripsit
940 2390 1077 2419 tollitur.

384 2430 508 2460 Contra
523 2441 600 2461 mox
618 2441 676 2471 pro
694 2432 860 2470 spernitur
880 2431 929 2461 ed.
949 2431 1002 2461 w.
1021 2430 1078 2461 ha-

381 2471 435 2501 bet
446 2473 595 2510 pellitur.

423 2515 463 2543 56
485 2524 586 2544 manu
599 2514 794 2553 consertum]
815 2514 958 2545 Restitui
974 2523 1077 2544 manu

379 2565 417 2585 ex
431 2555 502 2586 edd.
514 2562 592 2586 vett.
604 2562 637 2586 et
651 2557 731 2587 Mss.
741 2557 841 2586 etiam
855 2557 917 2586 (ιύ.
932 2556 1073 2586 [Vanum

377 2602 426 2626 est
442 2599 584 2636 primum
598 2599 722 2628 editum
734 2609 753 2628 a
766 2599 800 2628 P.
815 2598 966 2628 Manutio
983 2600 1072 2628 1540.

377 2639 428 2668 Sic
451 2646 484 2669 ct
507 2651 558 2679 ap.
583 2641 726 2670 Gellium
748 2641 825 2675 XX,
854 2643 899 2670 10.
926 2640 998 2670 edd.
1021 2649 1070 2679 pr.

376 2691 488 2710 manu.
513 2683 626 2721 Stepli.
642 2683 732 2712 dedit
745 2692 896 2719 manum,
919 2682 1004 2720 quod
1018 2692 1070 2712 ce-

374 2724 435 2753 teri
451 2725 554 2754 secuti
576 2729 664 2754 sunt.
709 2724 816 2754 Manu
839 2729 886 2754 est
914 2725 1014 2754 etiam
1038 2724 1073 2754 in

1123 1969 1254 1998 mollior
1274 1974 1358 1998 esset
1376 1968 1581 2007 compositio.
1595 1967 1664 1998 Viri
1681 1968 1768 1999 docti
1790 1979 1822 2000 v.

1124 2021 1151 2040 e.
1166 2010 1205 2040 ad
1221 2010 1290 2040 Liv.
1304 2011 1362 2047 vl,
1374 2012 1425 2041 42.
1448 2014 1619 2050 notarunt,
1635 2011 1818 2050 promiscue

1124 2052 1186 2082 dici
1200 2062 1337 2082 manum
1351 2057 1385 2082 et
1394 2061 1512 2082 manus
1526 2061 1699 2089 conserere,
1710 2051 1819 2083 allatis

1124 2095 1236 2124 inultis
1250 2094 1416 2134 exemplis
1459 2094 1522 2124 Sed
1536 2103 1602 2124 non
1617 2094 1818 2125 animadver-

1124 2141 1250 2173 terunt,
1275 2135 1432 2175 pluralem
1446 2145 1514 2165 esse
1528 2145 1666 2176 semper,
1681 2137 1737 2167 ubi
1752 2147 1818 2167 ser-

1125 2188 1179 2207 mo
1194 2184 1243 2208 est
1258 2178 1295 2208 de
1311 2178 1469 2218 pluribus,
1485 2183 1519 2207 et
1533 2177 1744 2216 singularem,
1760 2179 1816 2210 ubi

1122 2220 1160 2250 de
1176 2230 1242 2250 uno
1257 2221 1308 2250 vel
1331 2220 1464 2250 homine
1479 2219 1527 2250 vel
1549 2220 1713 2257 exercitu„
1748 2220 1817 2251 Ita-

1121 2272 1182 2300 que
1207 2263 1272 2299 ubi,
1290 2273 1366 2292 cum
1388 2270 1472 2292 unus
1492 2261 1612 2292 dieitur
1633 2272 1815 2300 conserere,

1122 2304 1155 2333 in
1169 2304 1238 2334 edd.
1254 2310 1302 2334 est
1319 2313 1448 2340 maanus,
1463 2312 1590 2343 semper
1599 2308 1749 2335 notatum
1765 2315 1814 2335 re-

1123 2346 1191 2385 peri
1204 2357 1271 2376 var.
1285 2346 1460 2376 lectionem
1476 2355 1621 2376 manum.
1660 2345 1746 2385 Ergo
1761 2345 1815 2377 hic

1120 2387 1257 2419 debebat
1283 2399 1349 2418 esse
1372 2397 1500 2424 mauu-⁹,
1525 2396 1591 2417 nou
1614 2397 1764 2426 manum,
1786 2390 1815 2419 si

1120 2429 1215 2469 plene
1228 2429 1432 2461 scribendum
1448 2433 1529 2460 erat.

1162 2474 1199 2506 57
1223 2473 1278 2502 sed
1288 2483 1318 2503 m
1323 2482 1385 2511 age
1384 2470 1498 2511 ferro]
1523 2470 1626 2510 Mage
1636 2471 1726 2502 abest
1741 2471 1812 2503 edd.

1118 2523 1167 2553 pr.
1184 2514 1329 2544 additum
1345 2519 1394 2544 est
1408 2525 1425 2544 e
1440 2512 1559 2549 Gellio,
1582 2522 1649 2543 non
1671 2514 1751 2544 Mss.
1772 2513 1812 2544 li.

1117 2555 1201 2586 bris:
1225 2557 1323 2586 etiam
1346 2561 1459 2586 nostro
1480 2555 1582 2586 abest.
1601 2564 1660 2585 nec
1683 2565 1811 2587 necesse

1114 2603 1186 2628 erat
1208 2597 1240 2628 id
1252 2598 1326 2629 addi
1348 2608 1368 2628 a
1389 2598 1558 2633 Cicerone,
1581 2606 1656 2627 curu
1675 2597 1716 2628 ad
1736 2607 1810 2628 sen-

1113 2640 1254 2670 tentiam
1279 2640 1324 2670 nil
1350 2639 1526 2679 prodesset.
1575 2639 1684 2678 Atque
1705 2645 1741 2669 et
1755 2649 1808 2679 ap.

1113 2681 1256 2712 Gellium
1271 2681 1444 2721 legendum
1467 2681 1576 2720 potius
1599 2681 1702 2720 magi’
1718 2681 1810 2721 judi-

1115 2728 1169 2754 cat
1185 2723 1380 2759 Gronovius,
1402 2721 1489 2762 quod
1510 2723 1545 2753 in
1567 2722 1632 2753 Ms.
1651 2727 1724 2754 erat
1737 2733 1809 2757 ma-

373 2775 444 2805 epp.
461 2766 501 2796 ad
512 2766 586 2796 Div.
599 2766 671 2796 x'll.
688 2766 745 2797 Or.
756 2766 784 2802 Ι,
799 2769 848 2803 10,
862 2765 930 2805 (ubi
943 2766 975 2795 in
987 2772 1067 2796 nota
1105 2766 1171 2802 gis,
1187 2770 1224 2795 ut
1238 2764 1271 2795 h.
1287 2765 1308 2796 1.
1323 2766 1357 2795 in
1373 2765 1486 2794 Frane.
1529 2764 1657 2805 Nempe
1679 2764 1806 2799 Ennius

375 2806 444 2846 lege
459 2812 495 2837 at
509 2818 566 2847 pro
583 2808 668 2847 aut‚)
688 2812 723 2838 et
737 2808 886 2838 omnibus
901 2807 993 2844 locis,
1011 2807 1065 2838 ubi
1108 2807 1236 2847 scripsit
1251 2808 1371 2846 magis,
1392 2811 1432 2836 ut
1453 2807 1604 2837 horridus
1625 2810 1717 2843 ante,
1738 2816 1807 2839 non

374 2848 441 2878 hcm*
456 2849 554 2880 Ennii
567 2850 663 2880 verba
673 2854 982 2880 commemorantur.
1007 2849 1067 2880 Est

371 2899 482 2922 autem
509 2902 611 2922 onam(
648 2892 897 2931 intelligendum
936 2902 1064 2928 manus,

1109 2850 1268 2886 Izorridu’,
1278 2849 1332 2880 sed
1341 2848 1552 2891 pronunciari
1561 2847 1692 2879 volebat
1698 2849 1807 2888 azagi,

1109 2892 1255 2922 horrida.
