1907 3231
400 116 475 153 DE
500 115 646 153 LEGE
673 114 793 153 AGR.
821 114 1041 153 CONTRA
1067 116 1314 156 RULLUM.
1507 120 1597 155 623-

124 217 314 275 aliquam
345 216 790 277 quaererentxneque
808 220 924 263 enim
955 221 1245 263 concionandi
1277 230 1470 278 potestas
1491 231 1589 264 erat

123 277 344 334 cuiquam,
366 278 642 320 nec-consilii
665 279 1082 336 capiundipublici:
1117 294 1203 320 non
1236 280 1386 335 gloriae
1416 280 1594 337 cupidi-v

122 336 549 387 tateefferebantur,
586 347 816 393 propterea
846 337 978 393 quod,
1009 336 1084 377 ubi
1118 337 1257 378 honos
1290 338 1464 392 publice
1498 352 1586 378 non

122 400 204 443 est,
227 393 288 434 ibi
322 394 473 450 gloriae
497 395 714 450 cupiditas
737 409 828 436 esse
855 409 942 436 non
974 403 1143 450 potest:
1176 409 1264 434 non
1286 395 1595 444 con.tentione,.
1647 407 1657 415 ⁶

123 461 211 490 non
236 452 478 493 ambitione
500 451 735 493 discordes.
762 453 870 493 nihil
891 453 1009 493 enim
1041 461 1276 508 supererat,
1297 452 1352 493 de
1381 467 1469 506 quo
1494 467 1585 494 cer-

123 514 303 551 tarent(-
323 509 448 560 nihil,
472 510 587 564 quod
611 519 764 551 contra
795 521 993 567 peterent
1009 526 1032 551 :.
1051 511 1176 562 nihil,
1205 510 1279 551 ubi
1299 509 1592 551 dissiderent-

124 561 284 620 Itaque
314 566 429 608 illam
463 566 731 623 Campanam
762 568 1072 624 arrogantiam,
1104 577 1235 623 atque
1268 567 1586 609 intolerandam

125 619 348 675 ferociam,
372 624 546 666 ratione·
560 635 604 666 et
625 626 807 667 consilio
830 625 1012 680 majores
1034 627 1170 667 nostri
1196 625 1250 666 ad
1273 625 1586 666 inertissimum

123 686 169 719 et
188 680 578 724 desidiosissimum
602 683 741 724 otium
765 684 1075 740 perduxerunt.
1138 683 1211 724 Sic
1232 694 1277 723 et
1304 686 1340 714 13
1354 682 1586 724 crudelita-

125 736 181 777 tis
211 737 436 782 infamiam
471 741 732 797 efl'ugerunt,
759 741 874 796 quod
907 742 1059 781 urbem
1096 755 1150 781 ex
1191 740 1319 782 Italia
1346 740 1585 796 pulcherri-

123 808 242 837 mam
263 813 350 839 non
375 799 653 850 sustulerunt,
675 808 719 839 et
749 798 936 838 multum
967 799 1012 838 in
1039 808 1262 853 posterum
1286 798 1584 854 providerunt,

125 854 259 907 quod,
281 857 424 898 nervis
455 856 572 897 urbis
594 856 797 896 omnibus
820 856 1022 907 exsectis,
1042 857 1192 896 urbem
1226 856 1364 911 ipsum
1397 856 1582 896 solutam

126 925 177 952 ac
217 912 490 956 debilitatam
531 913 812 968 reliquerunt.
875 913 988 954 Haec
1031 913 1212 954 consilia
1251 913 1468 967 majorum
1513 913 1667 970 M.34

129 967 284 1023 Bruto,
307 981 356 1013 ut
377 981 504 1013 antea
521 971 629 1021 dixi,
652 971 1020 1027 reprehendenda,
1043 981 1087 1012 et
1112 971 1161 1012 P.
1187 970 1318 1011 Rullo
1343 971 1433 1011 visa
1456 979 1555 1012 sunt
1571 987 1580 1012 :
1595 993 1644 1028 92

124 1039 268 1083 neque
300 1040 356 1081 te,
383 1029 435 1070 P.
460 1028 598 1079 Rulle,
623 1030 771 1069 omina
802 1029 875 1070 illa
904 1028 972 1071 M.
997 1029 1123 1070 Bruti
1158 1042 1287 1084 atque
1319 1029 1528 1086 auspicia,
1559 1044 1585 1068 a

125 1084 256 1127 simili
289 1086 434 1128 furore
467 1087 701 1128 deterrent.
766 1086 880 1128 Nam
903 1096 946 1128 et
978 1087 1084 1143 ipse,
1108 1087 1182 1142 qui
1213 1086 1411 1137 deduxit,
1435 1097 1478 1127 et
1509 1086 1582 1142 qui

122 1144 432 1199 magistratum
458 1149 496 1177 14
511 1144 691 1200 Capuae,
713 1159 763 1185 ea
794 1145 888 1201 lege
910 1146 1059 1196 creati,
1081 1154 1305 1201 ceperunt,
1328 1153 1371 1185 et
1403 1145 1476 1200 qui
1509 1143 1587 1185 ali-

123 1214 254 1256 quam
289 1212 457 1259 partem
498 1202 610 1242 illius
651 1202 940 1254 deductionis,
975 1203 1167 1253 honoris,
1201 1203 1391 1243 muneris
1428 1202 1588 1259 attige-

124 1268 242 1310 runt,
261 1275 412 1301 omnes
434 1260 735 1301 acerbissimas
759 1261 995 1317 impiorum
1015 1276 1170 1317 poenas
1195 1260 1476 1316 pertulerunt.
1529 1259 1589 1301 Et

125 1317 333 1372 quoniam
359 1319 484 1359 Bruti
518 1327 647 1374 atque
670 1319 878 1374 temporis
912 1319 1022 1360 illius
1046 1319 1130 1360 feci
1161 1320 1444 1369 mentionem,
1467 1333 1587 1359 com-

125 1377 380 1418 memorabo
418 1376 461 1417 id
493 1376 610 1431 quod
640 1388 816 1432 egomet
863 1376 969 1427 vidi,
1002 1392 1101 1418 cum
1141 1376 1356 1417 venissem
1389 1375 1587 1432 Capuam

125 1432 359 1485 coloniam,
392 1434 628 1476 deductum
660 1435 709 1474 L.
734 1434 946 1476 Considio
970 1444 1013 1475 et
1045 1435 1168 1475 Sext.
1192 1434 1329 1475 Saltio
1361 1434 1588 1489 (quemad-

123 1491 304 1533 modum
326 1492 410 1549 ipsi
435 1491 743 1547 loquebantur)
767 1493 1054 1548 p1·aetoribus:
1089 1502 1138 1533 ut
1158 1492 1427 1548 intelligatiS,
1450 1507 1587 1548 quan-

125 1556 214 1590 tam
236 1548 357 1590 locus
384 1550 476 1606 ipse
506 1549 659 1590 afferat
689 1550 963 1606 superbiam:
996 1565 1093 1606 quae
1125 1551 1276 1606 paucis
1299 1551 1467 1602 diebus,
1489 1550 1586 1605 qui-

123 1606 206 1647 bus
227 1605 302 1648 illo
323 1607 498 1649 colonia
517 1607 705 1649 deducta
728 1608 825 1659 fuit,
849 1609 1035 1665 perspici
1062 1617 1193 1664 atque
1216 1608 1400 1664 intelligi
1425 1608 1591 1664 potuit..

127 1663 244 1707 Nam
277 1666 481 1722 primum,
505 1665 545 1706 id
570 1666 686 1721 quod
719 1666 827 1717 dixi,
850 1681 948 1707 cum
972 1667 1124 1707 ceteris
1158 1666 1200 1706 in
1224 1666 1406 1707 coloniis
1428 1666 1582 1707 duum-
1596 1676 1645 1711 93

125 1722 207 1764 viri
230 1724 515 1780 appellentur,
540 1723 582 1764 hi
607 1738 650 1764 se
674 1733 882 1780 praetores
906 1724 1112 1781 appellari
1136 1724 1356 1766 volebant.
1410 1724 1583 1771 Quibus

126 1781 291 1839 primus
324 1797 460 1823 annus
496 1782 607 1822 hanc
639 1782 923 1838 cupiditatem
959 1783 1188 1832 attulisset,
1222 1797 1367 1823 nonne
1400 1782 1582 1824 arbitra-
1595 1782 1695 1819 ⁹8⁵·

127 1838 234 1879 mini
277 1840 427 1896 paucis
469 1840 593 1880 annis
638 1839 767 1881 fuisse
807 1841 1034 1882 consulum
1078 1855 1236 1881 nomen
1278 1833 1625 1896 appetiturosia'

129 1895 301 1938 Deinde
337 1898 564 1938 anteibant
601 1897 788 1949 lictores,
825 1914 911 1939 non
949 1914 1048 1940 curn
1086 1898 1267 1949 bacillis,
1302 1898 1391 1949 sed,
1425 1908 1472 1938 ut
1512 1898 1584 1939 hie

127 1956 389 2010 praetoribus
427 1963 648 2007 anteeunt,
686 1971 785 1997 cum
823 1957 1012 1998 fascibus
1052 1957 1237 1998 duobus.
1269 1965 1391 1996 erant
1427 1955 1584 1998 hostiae

126 2013 315 2068 majores
339 2014 381 2054 in
405 2013 501 2055 foro
523 2014 790 2064 constitutae,
814 2029 911 2070 quae.
946 2016 1001 2056 ab
1032 2015 1098 2056 his
1131 2014 1392 2071 praetoribus
1423 2014 1477 2055 de
1506 2014 1586 2055 'tri-

128 2070 292 2122 bunali,
316 2072 429 2112 sicut
451 2087 476 2112 a
497 2072 622 2112 nobis
645 2073 896 2113 consulibus
923 2077 957 2105 15
972 2073 1025 2114 de
1047 2072 1216 2114 consilii
1249 2071 1464 2113 sententia
1486 2087 1587 2128 pro-

127 2128 259 2180 batae,
291 2130 343 2170 ad
376 2144 622 2185 praeconem
645 2140 689 2171 et
719 2130 770 2171 ad
795 2131 1022 2172 tibicinem
1054 2130 1406 2171 immolabantur.
1430 2130 1587 2171 deinde

129 2196 273 2243 patres
305 2187 542 2243 conscripti
574 2189 858 2230 vocabantur.
918 2189 1019 2231 Jain
1052 2203 1153 2230 vero
1186 2188 1353 2229 vultum
1387 2188 1586 2231 Considii

127 2244 289 2297 videre,
312 2244 537 2286 ferendum
567 2245 644 2287 vix
673 2255 779 2288 erat.
841 2247 984 2294 Quem
1018 2246 1240 2288 hominem
1263 2246 1471 2302 vegrandi
1493 2260 1586 2287 ma-

174 2374 211 2403 13
248 2372 399 2402 crudelit.
429 2370 491 2411 irgf'.
529 2369 736 2412 effugerunt]
783 2373 835 2403 Sic

128 2413 277 2445 Graevius
306 2415 408 2445 edidit
434 2425 493 2455 pro
511 2415 697 2454 jugerum,
725 2427 743 2445 e
770 2416 835 2447 Ms.

128 2456 199 2487 Erf.
249 2458 302 2488 Sic
331 2458 455 2488 dudum
484 2458 594 2488 fuerat
621 2458 656 2488 in
685 2459 757 2490 edd.
786 2469 835 2499 pr.

128 2498 225 2530 Rom.
245 2501 300 2531 W.
324 2501 379 2531 ΒΓ.
403 2501 461 2531 δερ.
507 2501 600 2541 Saepe
621 2501 656 2530 in
676 2501 740 2532 hoc
760 2512 836 2542 pee-

127 2550 217 2573 casse
239 2543 472 2583 librariosjam
490 2543 642 2580 vidimus,
657 2549 696 2574 ut
718 2544 754 2574 in
774 2544 837 2576 hae

129 2584 238 2616 forma
251 2586 292 2616 ad
306 2586 447 2626 simplex
462 2587 665 2618 aberrarent.

175 2630 213 2658 14
246 2628 378 2668 Capuae,
405 2639 446 2659 ea
475 2631 545 2668 lege
572 2629 690 2668 creati]
730 2629 791 2660 Est
817 2640 835 2661 e

129 2679 214 2701 corr.
241 2671 277 2702 P.
301 2671 447 2702 Manuui
470 2673 559 2703 edita
582 2672 622 2703 ab
647 2672 730 2702 Aido
749 2672 835 2713 Nep.

128 2712 176 2743 Et
211 2713 244 2744 id
279 2713 383 2745 malui
409 2725 485 2745 cum
515 2716 658 2745 Grutero
692 2724 835 2752 servare,

129 2759 169 2785 ut
190 2762 306 2786 tamen
325 2761 423 2794 esset,
438 2758 526 2797 quod
548 2757 691 2797 intelligi
714 2764 835 2798 posset.

130 2798 212 2829 Mss.
237 2799 368 2838 quidem
391 2805 425 2830 et
447 2800 520 2831 edd.
543 2810 592 2841 pr.
616 2800 664 2831 ita
689 2801 836 2841 corrupti

129 2846 222 2878 sunt,
248 2846 282 2871 et
311 2842 359 2872 ita
386 2842 421 2872 in
448 2843 513 2873 ista
541 2844 754 2883 corruptione
782 2854 837 2874 va-

130 2883 232 2924 riant,
255 2889 307 2924 ut,
331 2885 418 2924 quod
441 2895 590 2926 sequare,
614 2895 684 2916 non
705 2885 837 2918 habeas.

880 2374 1028 2405 Graevius
1050 2374 1185 2414 conjicit
1213 2373 1254 2403 ab
1279 2373 1335 2403 illo
1358 2372 1474 2409 creati,
1498 2376 1585 2403 cete·

880 2427 954 2448 rum
981 2416 1084 2448 edidit
1113 2421 1144 2446 et
1174 2416 1382 2452 Leocrecznh,
1412 2425 1487 2455 quae
1513 2420 1587 2448 erat

880 2465 958 2490 ante
973 2459 1109 2499 vulgata
1122 2459 1234 2496 lectio,
1252 2460 1321 2489 siue
1336 2459 1427 2488 ouini
1443 2468 1571 2497 sensu.3

922 2503 957 2533 15
981 2503 1019 2533 de
1041 2512 1165 2532 consus.
1182 2501 1344 2542 probatoe]
1370 2502 1423 2536 Sic
1446 2501 1622 2546 correxi-,gv

879 2555 954 2575 cum
976 2546 1120 2586 primum
1143 2544 1219 2583 legi.
1245 2545 1449 2583 miratusque
1471 2548 1613 2584 postea²

877 2597 965 2625 sum,
991 2588 1137 2627 vulgatae
1162 2588 1324 2627 probati&
1353 2596 1426 2625 quae
1450 2586 1587 2617 ,nullum

877 2640 1009 2661 sensum
1024 2630 1138 2667 habet,
1152 2636 1186 2660 et
1208 2640 1227 2660 a
1241 2629 1346 2660 stulto
1361 2629 1495 2660 librario
1510 2633 1595 2665 orta,
1611 2633 1616 2662 ἶ

878 2679 941 2710 est,
963 2673 1019 2713 qui
1043 2672 1083 2704 ad
1100 2673 1296 2713 praetoribus
1319 2672 1494 2709 referebat,
1509 2682 1587 2707 cum

879 2716 920 2746 ad
946 2716 1097 2746 victimas
1122 2715 1315 2756 pertineret,
1342 2720 1458 2745 tamen
1482 2715 1588 2745 inhae-
1603 2730 1614 2749 ,-

879 2759 956 2790 sisse
979 2759 1122 2789 editores
1140 2758 1359 2788 doctissimos,
1404 2757 1586 2788 Lambinus

879 2812 978 2837 unus,
1003 2800 1090 2840 quod
1115 2806 1150 2831 et
1177 2800 1392 2832 Lauredanus
1420 2801 1588 2836 voluerat,

880 2844 1005 2884 recepit
1015 2844 1179 2883 probatae:
1195 2843 1282 2883 quod
1293 2848 1408 2879 tamen
1424 2843 1587 2878 Gruterus

881 2886 1059 2919 admodum
1073 2886 1180 2918 simile
1195 2887 1273 2918 vero
1282 2884 1458 2926 judicavit.
1510 2918 1513 2919 ⁷
1571 2919 1573 2921 ,
