<?xml version="1.0" encoding="UTF-8"?>
<!DOCTYPE html PUBLIC "-//W3C//DTD XHTML 1.0 Transitional//EN"
    "http://www.w3.org/TR/xhtml1/DTD/xhtml1-transitional.dtd">
<html xmlns="http://www.w3.org/1999/xhtml" xml:lang="en" lang="en">
 <head>
  <title>
</title>
<meta http-equiv="Content-Type" content="text/html;charset=utf-8" />
  <meta name='ocr-system' content='tesseract 3.04.00' />
  <meta name='ocr-capabilities' content='ocr_page ocr_carea ocr_par ocr_line ocrx_word'/>
</head>
<body>
  <div class='ocr_page' id='page_1' title='image "./p1operaomnia02ciceuoft_0582.png"; bbox 0 0 1907 3231; ppageno 0'>
   <div class='ocr_carea' id='block_1_1' title="bbox 318 153 1132 203">
    <p class='ocr_par' dir='ltr' id='par_1_1' title="bbox 318 153 1132 203">
     <span class='ocr_line' id='line_1_1' title="bbox 318 153 1132 203; baseline -0.004 0"><span class='ocrx_word' id='word_1_1' title='bbox 318 166 394 203; x_wconf 75' lang='lat'>553</span> <span class='ocrx_word' id='word_1_2' title='bbox 883 153 1132 202; x_wconf 79' lang='lat' dir='ltr'><strong>ORATIO</strong></span> 
     </span>
    </p>
   </div>
   <div class='ocr_carea' id='block_1_2' title="bbox 241 261 1756 2035">
    <p class='ocr_par' dir='ltr' id='par_1_2' title="bbox 241 261 1753 1062">
     <span class='ocr_line' id='line_1_2' title="bbox 320 261 1746 324; baseline -0.001 -15"><span class='ocrx_word' id='word_1_3' title='bbox 320 269 440 309; x_wconf 84' lang='lat' dir='ltr'>sione</span> <span class='ocrx_word' id='word_1_4' title='bbox 472 267 691 319; x_wconf 83' lang='lat' dir='ltr'>vitiorum,</span> <span class='ocrx_word' id='word_1_5' title='bbox 714 269 787 324; x_wconf 86' lang='lat' dir='ltr'>qui</span> <span class='ocrx_word' id='word_1_6' title='bbox 815 268 1042 310; x_wconf 85' lang='lat' dir='ltr'>convenit?</span> <span class='ocrx_word' id='word_1_7' title='bbox 1079 278 1179 305; x_wconf 83' lang='lat' dir='ltr'>nam</span> <span class='ocrx_word' id='word_1_8' title='bbox 1210 262 1345 314; x_wconf 78' lang='lat' dir='ltr'>miles,</span> <span class='ocrx_word' id='word_1_9' title='bbox 1379 262 1451 318; x_wconf 87' lang='lat' dir='ltr'>qui</span> <span class='ocrx_word' id='word_1_10' title='bbox 1484 261 1627 305; x_wconf 89' lang='lat' dir='ltr'>locum</span> <span class='ocrx_word' id='word_1_11' title='bbox 1658 266 1746 308; x_wconf 75' lang='lat' dir='ltr'>noti</span> 
     </span>
     <span class='ocr_line' id='line_1_3' title="bbox 321 321 1745 380; baseline -0.003 -13"><span class='ocrx_word' id='word_1_12' title='bbox 321 326 475 376; x_wconf 75' lang='lat' dir='ltr'>tenuit,</span> <span class='ocrx_word' id='word_1_13' title='bbox 496 326 569 380; x_wconf 91' lang='lat' dir='ltr'>qui</span> <span class='ocrx_word' id='word_1_14' title='bbox 593 326 779 367; x_wconf 87' lang='lat' dir='ltr'>hostium</span> <span class='ocrx_word' id='word_1_15' title='bbox 804 326 1011 380; x_wconf 86' lang='lat' dir='ltr'>impetum</span> <span class='ocrx_word' id='word_1_16' title='bbox 1037 321 1210 377; x_wconf 88' lang='lat' dir='ltr'>vimque</span> <span class='ocrx_word' id='word_1_17' title='bbox 1225 321 1459 377; x_wconf 88' lang='lat' dir='ltr'>pertimuit,</span> <span class='ocrx_word' id='word_1_18' title='bbox 1473 330 1614 377; x_wconf 89' lang='lat' dir='ltr'>potest</span> <span class='ocrx_word' id='word_1_19' title='bbox 1631 322 1745 363; x_wconf 90' lang='lat' dir='ltr'>idem</span> 
     </span>
     <span class='ocr_line' id='line_1_4' title="bbox 321 378 1747 439; baseline -0.003 -15"><span class='ocrx_word' id='word_1_20' title='bbox 321 393 472 439; x_wconf 85' lang='lat' dir='ltr'>postea</span> <span class='ocrx_word' id='word_1_21' title='bbox 502 392 546 423; x_wconf 89' lang='lat' dir='ltr'>et</span> <span class='ocrx_word' id='word_1_22' title='bbox 574 383 694 424; x_wconf 87' lang='lat' dir='ltr'>miles</span> <span class='ocrx_word' id='word_1_23' title='bbox 732 396 823 423; x_wconf 89' lang='lat' dir='ltr'>esse</span> <span class='ocrx_word' id='word_1_24' title='bbox 860 381 1023 430; x_wconf 84' lang='lat' dir='ltr'>melior,</span> <span class='ocrx_word' id='word_1_25' title='bbox 1061 388 1105 418; x_wconf 85' lang='lat' dir='ltr'>et</span> <span class='ocrx_word' id='word_1_26' title='bbox 1138 379 1201 419; x_wconf 86' lang='lat' dir='ltr'>vir</span> <span class='ocrx_word' id='word_1_27' title='bbox 1231 380 1380 428; x_wconf 92' lang='lat' dir='ltr'>bonus,</span> <span class='ocrx_word' id='word_1_28' title='bbox 1403 386 1446 418; x_wconf 90' lang='lat' dir='ltr'>et</span> <span class='ocrx_word' id='word_1_29' title='bbox 1479 378 1585 418; x_wconf 86' lang='lat' dir='ltr'>civis</span> <span class='ocrx_word' id='word_1_30' title='bbox 1616 379 1747 421; x_wconf 82' lang='lat' dir='ltr'>utilis.</span> 
     </span>
     <span class='ocr_line' id='line_1_5' title="bbox 324 435 1748 492; baseline -0.004 -11"><span class='ocrx_word' id='word_1_31' title='bbox 324 440 483 490; x_wconf 81' lang='lat' dir='ltr'>Quare,</span> <span class='ocrx_word' id='word_1_32' title='bbox 518 455 572 481; x_wconf 88' lang='lat' dir='ltr'>ne</span> <span class='ocrx_word' id='word_1_33' title='bbox 604 441 646 480; x_wconf 90' lang='lat' dir='ltr'>in</span> <span class='ocrx_word' id='word_1_34' title='bbox 678 439 801 487; x_wconf 87' lang='lat' dir='ltr'>bello,</span> <span class='ocrx_word' id='word_1_35' title='bbox 832 446 1006 492; x_wconf 77' lang='lat' dir='ltr'>propter</span> <span class='ocrx_word' id='word_1_36' title='bbox 1040 435 1227 476; x_wconf 84' lang='lat' dir='ltr'>hostium</span> <span class='ocrx_word' id='word_1_37' title='bbox 1260 443 1437 486; x_wconf 89' lang='lat' dir='ltr'>metum,</span> <span class='ocrx_word' id='word_1_38' title='bbox 1469 435 1748 490; x_wconf 83' lang='lat' dir='ltr'><strong>delinqueret,</strong></span> 
     </span>
     <span class='ocr_line' id='line_1_6' title="bbox 323 492 1749 552; baseline -0.004 -14"><span class='ocrx_word' id='word_1_39' title='bbox 323 497 506 552; x_wconf 86' lang='lat' dir='ltr'>amplior</span> <span class='ocrx_word' id='word_1_40' title='bbox 526 498 564 537; x_wconf 86' lang='lat' dir='ltr'>ei</span> <span class='ocrx_word' id='word_1_41' title='bbox 587 496 735 536; x_wconf 86' lang='lat' dir='ltr'>mortis</span> <span class='ocrx_word' id='word_1_42' title='bbox 754 503 797 534; x_wconf 92' lang='lat' dir='ltr'>et</span> <span class='ocrx_word' id='word_1_43' title='bbox 818 493 1016 549; x_wconf 85' lang='lat' dir='ltr'>supplicii</span> <span class='ocrx_word' id='word_1_44' title='bbox 1038 503 1175 532; x_wconf 86' lang='lat' dir='ltr'>metus</span> <span class='ocrx_word' id='word_1_45' title='bbox 1197 500 1261 533; x_wconf 88' lang='lat' dir='ltr'>est</span> <span class='ocrx_word' id='word_1_46' title='bbox 1281 507 1306 532; x_wconf 91' lang='lat' dir='ltr'>a</span> <span class='ocrx_word' id='word_1_47' title='bbox 1326 492 1561 546; x_wconf 82' lang='lat' dir='ltr'>majoribus</span> <span class='ocrx_word' id='word_1_48' title='bbox 1587 492 1749 534; x_wconf 79' lang='lat' dir='ltr'>cou‘sti-</span> 
     </span>
     <span class='ocr_line' id='line_1_7' title="bbox 326 548 1750 605; baseline -0.003 -11"><span class='ocrx_word' id='word_1_49' title='bbox 326 563 467 595; x_wconf 79' lang='lat' dir='ltr'>tutus:</span> <span class='ocrx_word' id='word_1_50' title='bbox 500 569 551 594; x_wconf 87' lang='lat' dir='ltr'>ne</span> <span class='ocrx_word' id='word_1_51' title='bbox 572 562 713 593; x_wconf 89' lang='lat' dir='ltr'>autem</span> <span class='ocrx_word' id='word_1_52' title='bbox 738 551 916 591; x_wconf 90' lang='lat' dir='ltr'>nimium</span> <span class='ocrx_word' id='word_1_53' title='bbox 936 549 1059 591; x_wconf 91' lang='lat' dir='ltr'>multi</span> <span class='ocrx_word' id='word_1_54' title='bbox 1083 563 1259 605; x_wconf 83' lang='lat' dir='ltr'>poenam</span> <span class='ocrx_word' id='word_1_55' title='bbox 1280 548 1433 604; x_wconf 88' lang='lat' dir='ltr'>capitis</span> <span class='ocrx_word' id='word_1_56' title='bbox 1455 549 1661 600; x_wconf 88' lang='lat' dir='ltr'>subirent,</span> <span class='ocrx_word' id='word_1_57' title='bbox 1684 549 1750 590; x_wconf 91' lang='lat' dir='ltr'>id-</span> 
     </span>
     <span class='ocr_line' id='line_1_8' title="bbox 241 605 1750 663; baseline -0.004 -11"><span class='ocrx_word' id='word_1_58' title='bbox 241 612 313 647; x_wconf 70' lang='lat'>129</span> <span class='ocrx_word' id='word_1_59' title='bbox 327 612 441 653; x_wconf 89' lang='lat' dir='ltr'>circo</span> <span class='ocrx_word' id='word_1_60' title='bbox 462 611 530 651; x_wconf 84' lang='lat' dir='ltr'>illa</span> <span class='ocrx_word' id='word_1_61' title='bbox 560 608 727 650; x_wconf 85' lang='lat' dir='ltr'>sortitio</span> <span class='ocrx_word' id='word_1_62' title='bbox 749 617 996 663; x_wconf 82' lang='lat' dir='ltr'>comparata</span> <span class='ocrx_word' id='word_1_63' title='bbox 1018 614 1094 647; x_wconf 83' lang='lat' dir='ltr'>est.</span> <span class='ocrx_word' id='word_1_64' title='bbox 1156 606 1256 647; x_wconf 88' lang='lat' dir='ltr'>Hoc</span> <span class='ocrx_word' id='word_1_65' title='bbox 1278 615 1325 646; x_wconf 88' lang='lat' dir='ltr'>tu</span> <span class='ocrx_word' id='word_1_66' title='bbox 1347 605 1460 646; x_wconf 87' lang='lat' dir='ltr'>idem</span> <span class='ocrx_word' id='word_1_67' title='bbox 1481 605 1626 658; x_wconf 84' lang='lat' dir='ltr'>facies,</span> <span class='ocrx_word' id='word_1_68' title='bbox 1649 621 1750 647; x_wconf 88' lang='lat' dir='ltr'>cen-</span> 
     </span>
     <span class='ocr_line' id='line_1_9' title="bbox 327 663 1749 720; baseline -0.004 -11"><span class='ocrx_word' id='word_1_69' title='bbox 327 683 408 717; x_wconf 85' lang='lat' dir='ltr'>sor,</span> <span class='ocrx_word' id='word_1_70' title='bbox 444 668 529 707; x_wconf 62' lang='lat' dir='ltr'>min</span> <span class='ocrx_word' id='word_1_71' title='bbox 554 675 701 706; x_wconf 81' lang='lat' dir='ltr'>senatu</span> <span class='ocrx_word' id='word_1_72' title='bbox 721 665 930 720; x_wconf 80' lang='lat' dir='ltr'>legendo?</span> <span class='ocrx_word' id='word_1_73' title='bbox 962 664 1006 704; x_wconf 79' lang='lat' dir='ltr'>Si</span> <span class='ocrx_word' id='word_1_74' title='bbox 1029 672 1153 704; x_wconf 90' lang='lat' dir='ltr'>erunt</span> <span class='ocrx_word' id='word_1_75' title='bbox 1182 663 1338 718; x_wconf 81' lang='lat' dir='ltr'>plureS,</span> <span class='ocrx_word' id='word_1_76' title='bbox 1360 663 1434 717; x_wconf 85' lang='lat' dir='ltr'>qui</span> <span class='ocrx_word' id='word_1_77' title='bbox 1456 664 1512 703; x_wconf 93' lang='lat' dir='ltr'>ob</span> <span class='ocrx_word' id='word_1_78' title='bbox 1544 663 1749 705; x_wconf 87' lang='lat' dir='ltr'>innocen·</span> 
     </span>
     <span class='ocr_line' id='line_1_10' title="bbox 326 720 1750 777; baseline -0.003 -12"><span class='ocrx_word' id='word_1_79' title='bbox 326 734 411 766; x_wconf 87' lang='lat' dir='ltr'>tem</span> <span class='ocrx_word' id='word_1_80' title='bbox 446 721 818 764; x_wconf 82' lang='lat' dir='ltr'>condemnandum</span> <span class='ocrx_word' id='word_1_81' title='bbox 849 721 1073 777; x_wconf 78' lang='lat' dir='ltr'>pecuniam</span> <span class='ocrx_word' id='word_1_82' title='bbox 1104 720 1362 776; x_wconf 85' lang='lat' dir='ltr'>acceperint,</span> <span class='ocrx_word' id='word_1_83' title='bbox 1381 728 1430 760; x_wconf 91' lang='lat' dir='ltr'>ut</span> <span class='ocrx_word' id='word_1_84' title='bbox 1450 733 1535 760; x_wconf 89' lang='lat' dir='ltr'>non</span> <span class='ocrx_word' id='word_1_85' title='bbox 1557 720 1750 762; x_wconf 84' lang='lat' dir='ltr'>animad-</span> 
     </span>
     <span class='ocr_line' id='line_1_11' title="bbox 323 776 1748 833; baseline -0.002 -12"><span class='ocrx_word' id='word_1_86' title='bbox 323 791 462 821; x_wconf 81' lang='lat' dir='ltr'>vertas</span> <span class='ocrx_word' id='word_1_87' title='bbox 485 780 527 820; x_wconf 89' lang='lat' dir='ltr'>in</span> <span class='ocrx_word' id='word_1_88' title='bbox 550 793 712 829; x_wconf 86' lang='lat' dir='ltr'>omnes,</span> <span class='ocrx_word' id='word_1_89' title='bbox 735 779 806 819; x_wconf 89' lang='lat' dir='ltr'>sed</span> <span class='ocrx_word' id='word_1_90' title='bbox 829 793 992 833; x_wconf 84' lang='lat' dir='ltr'>carpas,</span> <span class='ocrx_word' id='word_1_91' title='bbox 1015 786 1062 818; x_wconf 91' lang='lat' dir='ltr'>ut</span> <span class='ocrx_word' id='word_1_92' title='bbox 1082 777 1253 828; x_wconf 90' lang='lat' dir='ltr'>velis,et</span> <span class='ocrx_word' id='word_1_93' title='bbox 1271 791 1430 833; x_wconf 81' lang='lat' dir='ltr'>paucos</span> <span class='ocrx_word' id='word_1_94' title='bbox 1451 790 1506 816; x_wconf 84' lang='lat' dir='ltr'>ex</span> <span class='ocrx_word' id='word_1_95' title='bbox 1527 777 1671 817; x_wconf 89' lang='lat' dir='ltr'>multis</span> <span class='ocrx_word' id='word_1_96' title='bbox 1695 776 1748 818; x_wconf 86' lang='lat' dir='ltr'>ad</span> 
     </span>
     <span class='ocr_line' id='line_1_12' title="bbox 323 833 1751 893; baseline -0.002 -16"><span class='ocrx_word' id='word_1_97' title='bbox 323 837 605 893; x_wconf 77' lang='lat' dir='ltr'>ignominiam</span> <span class='ocrx_word' id='word_1_98' title='bbox 636 836 843 877; x_wconf 78' lang='lat' dir='ltr'>sortiare?</span> <span class='ocrx_word' id='word_1_99' title='bbox 904 835 1099 876; x_wconf 82' lang='lat' dir='ltr'>Habebit</span> <span class='ocrx_word' id='word_1_100' title='bbox 1138 835 1285 889; x_wconf 80' lang='lat' dir='ltr'>igitur,</span> <span class='ocrx_word' id='word_1_101' title='bbox 1323 842 1365 874; x_wconf 89' lang='lat' dir='ltr'>te</span> <span class='ocrx_word' id='word_1_102' title='bbox 1402 833 1563 874; x_wconf 81' lang='lat' dir='ltr'>sciente</span> <span class='ocrx_word' id='word_1_103' title='bbox 1601 841 1644 874; x_wconf 87' lang='lat' dir='ltr'>et</span> <span class='ocrx_word' id='word_1_104' title='bbox 1684 833 1751 875; x_wconf 85' lang='lat' dir='ltr'>vi-</span> 
     </span>
     <span class='ocr_line' id='line_1_13' title="bbox 322 890 1749 949; baseline -0.004 -15"><span class='ocrx_word' id='word_1_105' title='bbox 322 895 464 944; x_wconf 85' lang='lat' dir='ltr'>dente,</span> <span class='ocrx_word' id='word_1_106' title='bbox 502 894 621 935; x_wconf 83' lang='lat' dir='ltr'>curia</span> <span class='ocrx_word' id='word_1_107' title='bbox 650 903 903 943; x_wconf 83' lang='lat' dir='ltr'>senatorem,</span> <span class='ocrx_word' id='word_1_108' title='bbox 935 892 1117 949; x_wconf 91' lang='lat' dir='ltr'>populus</span> <span class='ocrx_word' id='word_1_109' title='bbox 1163 892 1384 932; x_wconf 84' lang='lat' dir='ltr'>Romanus</span> <span class='ocrx_word' id='word_1_110' title='bbox 1420 890 1630 945; x_wconf 85' lang='lat' dir='ltr'>judicem,</span> <span class='ocrx_word' id='word_1_111' title='bbox 1662 904 1749 931; x_wconf 90' lang='lat' dir='ltr'>res-</span> 
     </span>
     <span class='ocr_line' id='line_1_14' title="bbox 319 946 1753 1007; baseline -0.002 -16"><span class='ocrx_word' id='word_1_112' title='bbox 319 951 498 1007; x_wconf 83' lang='lat' dir='ltr'>publica</span> <span class='ocrx_word' id='word_1_113' title='bbox 518 951 656 992; x_wconf 90' lang='lat' dir='ltr'>civem</span> <span class='ocrx_word' id='word_1_114' title='bbox 680 951 770 990; x_wconf 89' lang='lat' dir='ltr'>sine</span> <span class='ocrx_word' id='word_1_115' title='bbox 797 950 1035 1005; x_wconf 81' lang='lat' dir='ltr'>ignominia</span> <span class='ocrx_word' id='word_1_116' title='bbox 1056 963 1329 1004; x_wconf 83' lang='lat' dir='ltr'>quemquam,</span> <span class='ocrx_word' id='word_1_117' title='bbox 1348 947 1421 1003; x_wconf 90' lang='lat' dir='ltr'>qui</span> <span class='ocrx_word' id='word_1_118' title='bbox 1443 946 1495 988; x_wconf 85' lang='lat' dir='ltr'>ad</span> <span class='ocrx_word' id='word_1_119' title='bbox 1517 946 1753 1003; x_wconf 87' lang='lat' dir='ltr'>perniciem</span> 
     </span>
     <span class='ocr_line' id='line_1_15' title="bbox 324 1004 1752 1062; baseline -0.002 -14"><span class='ocrx_word' id='word_1_120' title='bbox 324 1008 579 1057; x_wconf 80' lang='lat' dir='ltr'>innocentis,</span> <span class='ocrx_word' id='word_1_121' title='bbox 603 1008 731 1048; x_wconf 84' lang='lat' dir='ltr'>fidem</span> <span class='ocrx_word' id='word_1_122' title='bbox 763 1021 882 1047; x_wconf 81' lang='lat' dir='ltr'>suam</span> <span class='ocrx_word' id='word_1_123' title='bbox 904 1016 947 1047; x_wconf 87' lang='lat' dir='ltr'>et</span> <span class='ocrx_word' id='word_1_124' title='bbox 967 1007 1220 1062; x_wconf 84' lang='lat' dir='ltr'>religionem</span> <span class='ocrx_word' id='word_1_125' title='bbox 1241 1005 1425 1061; x_wconf 84' lang='lat' dir='ltr'>pecunia</span> <span class='ocrx_word' id='word_1_126' title='bbox 1446 1004 1752 1046; x_wconf 82' lang='lat' dir='ltr'>commutarit?</span> 
     </span>
    </p>

    <p class='ocr_par' dir='ltr' id='par_1_3' title="bbox 323 1057 1753 1171">
     <span class='ocr_line' id='line_1_16' title="bbox 323 1057 1750 1120; baseline -0.003 -15"><span class='ocrx_word' id='word_1_127' title='bbox 323 1075 381 1115; x_wconf 86' lang='lat' dir='ltr'>et,</span> <span class='ocrx_word' id='word_1_128' title='bbox 403 1066 475 1119; x_wconf 91' lang='lat' dir='ltr'>qui</span> <span class='ocrx_word' id='word_1_129' title='bbox 509 1065 645 1120; x_wconf 87' lang='lat' dir='ltr'>pretio</span> <span class='ocrx_word' id='word_1_130' title='bbox 668 1063 875 1104; x_wconf 84' lang='lat' dir='ltr'>adductus</span> <span class='ocrx_word' id='word_1_131' title='bbox 899 1064 1103 1120; x_wconf 87' lang='lat' dir='ltr'>eripuerit</span> <span class='ocrx_word' id='word_1_132' title='bbox 1135 1063 1332 1119; x_wconf 83' lang='lat' dir='ltr'>patriam,</span> <span class='ocrx_word' id='word_1_133' title='bbox 1355 1061 1563 1111; x_wconf 77' lang='lat' dir='ltr'>fortunas,</span> <span class='ocrx_word' id='word_1_134' title='bbox 1593 1057 1750 1102; x_wconf 74' lang='lat' dir='ltr'>libems</span> 
     </span>
     <span class='ocr_line' id='line_1_17' title="bbox 326 1118 1753 1171; baseline -0.001 -9"><span class='ocrx_word' id='word_1_135' title='bbox 326 1122 411 1162; x_wconf 81' lang='lat' dir='ltr'>civi</span> <span class='ocrx_word' id='word_1_136' title='bbox 441 1121 674 1171; x_wconf 84' lang='lat' dir='ltr'>innocenti,</span> <span class='ocrx_word' id='word_1_137' title='bbox 708 1121 742 1161; x_wconf 85' lang='lat' dir='ltr'>is</span> <span class='ocrx_word' id='word_1_138' title='bbox 778 1121 982 1162; x_wconf 84' lang='lat' dir='ltr'>censoriae</span> <span class='ocrx_word' id='word_1_139' title='bbox 1013 1120 1250 1161; x_wconf 83' lang='lat' dir='ltr'>severitatis</span> <span class='ocrx_word' id='word_1_140' title='bbox 1280 1128 1383 1160; x_wconf 88' lang='lat' dir='ltr'>nota</span> <span class='ocrx_word' id='word_1_141' title='bbox 1410 1133 1497 1159; x_wconf 92' lang='lat' dir='ltr'>non</span> <span class='ocrx_word' id='word_1_142' title='bbox 1532 1118 1753 1160; x_wconf 87' lang='lat' dir='ltr'>inuretur?</span> 
     </span>
    </p>

    <p class='ocr_par' dir='ltr' id='par_1_4' title="bbox 244 1175 1756 2035">
     <span class='ocr_line' id='line_1_18' title="bbox 279 1175 1754 1235; baseline -0.004 -14"><span class='ocrx_word' id='word_1_143' title='bbox 279 1192 312 1223; x_wconf 80' lang='lat' dir='ltr'>b.</span> <span class='ocrx_word' id='word_1_144' title='bbox 326 1178 392 1219; x_wconf 87' lang='lat' dir='ltr'>Tu</span> <span class='ocrx_word' id='word_1_145' title='bbox 414 1193 457 1219; x_wconf 90' lang='lat' dir='ltr'>es</span> <span class='ocrx_word' id='word_1_146' title='bbox 481 1178 709 1235; x_wconf 85' lang='lat' dir='ltr'>praefectus</span> <span class='ocrx_word' id='word_1_147' title='bbox 728 1178 933 1229; x_wconf 89' lang='lat' dir='ltr'>moribus,</span> <span class='ocrx_word' id='word_1_148' title='bbox 954 1177 1159 1234; x_wconf 84' lang='lat' dir='ltr'>magister</span> <span class='ocrx_word' id='word_1_149' title='bbox 1189 1177 1344 1217; x_wconf 82' lang='lat' dir='ltr'>veteris</span> <span class='ocrx_word' id='word_1_150' title='bbox 1362 1175 1601 1231; x_wconf 87' lang='lat' dir='ltr'>disciplinae</span> <span class='ocrx_word' id='word_1_151' title='bbox 1623 1184 1667 1215; x_wconf 89' lang='lat' dir='ltr'>et</span> <span class='ocrx_word' id='word_1_152' title='bbox 1688 1189 1754 1215; x_wconf 89' lang='lat' dir='ltr'>se-</span> 
     </span>
     <span class='ocr_line' id='line_1_19' title="bbox 327 1231 1753 1290; baseline -0.003 -14"><span class='ocrx_word' id='word_1_153' title='bbox 327 1236 532 1287; x_wconf 85' lang='lat' dir='ltr'>veritatis,</span> <span class='ocrx_word' id='word_1_154' title='bbox 555 1236 588 1276; x_wconf 88' lang='lat' dir='ltr'>si</span> <span class='ocrx_word' id='word_1_155' title='bbox 611 1244 686 1277; x_wconf 87' lang='lat' dir='ltr'>aut</span> <span class='ocrx_word' id='word_1_156' title='bbox 715 1235 869 1276; x_wconf 88' lang='lat' dir='ltr'>retines</span> <span class='ocrx_word' id='word_1_157' title='bbox 896 1249 1155 1290; x_wconf 86' lang='lat' dir='ltr'>quemquam</span> <span class='ocrx_word' id='word_1_158' title='bbox 1177 1234 1312 1275; x_wconf 87' lang='lat' dir='ltr'>sciens</span> <span class='ocrx_word' id='word_1_159' title='bbox 1345 1233 1388 1273; x_wconf 90' lang='lat' dir='ltr'>in</span> <span class='ocrx_word' id='word_1_160' title='bbox 1411 1241 1574 1284; x_wconf 86' lang='lat' dir='ltr'>senatu,</span> <span class='ocrx_word' id='word_1_161' title='bbox 1597 1231 1753 1273; x_wconf 88' lang='lat' dir='ltr'>scelere</span> 
     </span>
     <span class='ocr_line' id='line_1_20' title="bbox 324 1289 1754 1347; baseline -0.003 -13"><span class='ocrx_word' id='word_1_162' title='bbox 324 1301 447 1334; x_wconf 84' lang='lat' dir='ltr'>tanto</span> <span class='ocrx_word' id='word_1_163' title='bbox 480 1293 835 1343; x_wconf 87' lang='lat' dir='ltr'>contaminatum,</span> <span class='ocrx_word' id='word_1_164' title='bbox 868 1300 942 1334; x_wconf 87' lang='lat' dir='ltr'>aut</span> <span class='ocrx_word' id='word_1_165' title='bbox 973 1293 1139 1343; x_wconf 81' lang='lat' dir='ltr'>statuis,</span> <span class='ocrx_word' id='word_1_166' title='bbox 1172 1291 1245 1347; x_wconf 89' lang='lat' dir='ltr'>qui</span> <span class='ocrx_word' id='word_1_167' title='bbox 1275 1291 1320 1331; x_wconf 89' lang='lat' dir='ltr'>in</span> <span class='ocrx_word' id='word_1_168' title='bbox 1349 1290 1496 1331; x_wconf 85' lang='lat' dir='ltr'>eadem</span> <span class='ocrx_word' id='word_1_169' title='bbox 1525 1289 1652 1346; x_wconf 89' lang='lat' dir='ltr'>culpa</span> <span class='ocrx_word' id='word_1_170' title='bbox 1681 1289 1754 1341; x_wconf 90' lang='lat' dir='ltr'>sit,</span> 
     </span>
     <span class='ocr_line' id='line_1_21' title="bbox 324 1346 1755 1406; baseline -0.003 -15"><span class='ocrx_word' id='word_1_171' title='bbox 324 1365 412 1391; x_wconf 89' lang='lat' dir='ltr'>non</span> <span class='ocrx_word' id='word_1_172' title='bbox 435 1351 582 1391; x_wconf 81' lang='lat' dir='ltr'>eadem</span> <span class='ocrx_word' id='word_1_173' title='bbox 615 1365 748 1406; x_wconf 86' lang='lat' dir='ltr'>poena</span> <span class='ocrx_word' id='word_1_174' title='bbox 776 1350 890 1391; x_wconf 81' lang='lat' dir='ltr'>affici</span> <span class='ocrx_word' id='word_1_175' title='bbox 914 1349 1170 1391; x_wconf 83' lang='lat' dir='ltr'>convenire?</span> <span class='ocrx_word' id='word_1_176' title='bbox 1204 1351 1293 1389; x_wconf 86' lang='lat' dir='ltr'>l4et</span> <span class='ocrx_word' id='word_1_177' title='bbox 1311 1361 1439 1403; x_wconf 82' lang='lat' dir='ltr'>quam</span> <span class='ocrx_word' id='word_1_178' title='bbox 1459 1346 1755 1388; x_wconf 86' lang='lat' dir='ltr'>conditionem</span> 
     </span>
     <span class='ocr_line' id='line_1_22' title="bbox 326 1404 1754 1464; baseline -0.003 -16"><span class='ocrx_word' id='word_1_179' title='bbox 326 1408 524 1464; x_wconf 89' lang='lat' dir='ltr'>supplicii</span> <span class='ocrx_word' id='word_1_180' title='bbox 547 1408 729 1462; x_wconf 82' lang='lat' dir='ltr'>majores</span> <span class='ocrx_word' id='word_1_181' title='bbox 753 1407 797 1448; x_wconf 90' lang='lat' dir='ltr'>in</span> <span class='ocrx_word' id='word_1_182' title='bbox 820 1407 930 1448; x_wconf 88' lang='lat' dir='ltr'>bello</span> <span class='ocrx_word' id='word_1_183' title='bbox 954 1405 1175 1447; x_wconf 82' lang='lat' dir='ltr'>timiditati</span> <span class='ocrx_word' id='word_1_184' title='bbox 1198 1405 1345 1446; x_wconf 91' lang='lat' dir='ltr'>militis</span> <span class='ocrx_word' id='word_1_185' title='bbox 1375 1404 1641 1460; x_wconf 86' lang='lat' dir='ltr'>propositam</span> <span class='ocrx_word' id='word_1_186' title='bbox 1662 1417 1754 1445; x_wconf 89' lang='lat' dir='ltr'>esse</span> 
     </span>
     <span class='ocr_line' id='line_1_23' title="bbox 324 1461 1755 1520; baseline -0.003 -15"><span class='ocrx_word' id='word_1_187' title='bbox 324 1466 565 1516; x_wconf 86' lang='lat' dir='ltr'>voluerunt,</span> <span class='ocrx_word' id='word_1_188' title='bbox 584 1465 762 1505; x_wconf 83' lang='lat' dir='ltr'>eandem</span> <span class='ocrx_word' id='word_1_189' title='bbox 785 1473 831 1505; x_wconf 91' lang='lat' dir='ltr'>tu</span> <span class='ocrx_word' id='word_1_190' title='bbox 850 1464 894 1505; x_wconf 90' lang='lat' dir='ltr'>in</span> <span class='ocrx_word' id='word_1_191' title='bbox 917 1478 1022 1520; x_wconf 85' lang='lat' dir='ltr'>paee</span> <span class='ocrx_word' id='word_1_192' title='bbox 1042 1463 1276 1505; x_wconf 87' lang='lat' dir='ltr'>constitues</span> <span class='ocrx_word' id='word_1_193' title='bbox 1300 1461 1566 1517; x_wconf 86' lang='lat' dir='ltr'>improbitati</span> <span class='ocrx_word' id='word_1_194' title='bbox 1585 1469 1755 1502; x_wconf 86' lang='lat' dir='ltr'>senato-</span> 
     </span>
     <span class='ocr_line' id='line_1_24' title="bbox 323 1518 1753 1577; baseline -0.003 -14"><span class='ocrx_word' id='word_1_195' title='bbox 323 1523 408 1563; x_wconf 84' lang='lat' dir='ltr'>ris?</span> <span class='ocrx_word' id='word_1_196' title='bbox 443 1526 478 1553; x_wconf 84' lang='lat'>15</span> <span class='ocrx_word' id='word_1_197' title='bbox 494 1522 660 1569; x_wconf 82' lang='lat' dir='ltr'>Quodsi</span> <span class='ocrx_word' id='word_1_198' title='bbox 682 1521 927 1577; x_wconf 82' lang='lat' dir='ltr'>exemplum</span> <span class='ocrx_word' id='word_1_199' title='bbox 959 1521 1041 1561; x_wconf 88' lang='lat' dir='ltr'>hoc</span> <span class='ocrx_word' id='word_1_200' title='bbox 1063 1535 1117 1561; x_wconf 86' lang='lat' dir='ltr'>ex</span> <span class='ocrx_word' id='word_1_201' title='bbox 1139 1534 1183 1560; x_wconf 88' lang='lat' dir='ltr'>re</span> <span class='ocrx_word' id='word_1_202' title='bbox 1211 1519 1386 1560; x_wconf 81' lang='lat' dir='ltr'>militari</span> <span class='ocrx_word' id='word_1_203' title='bbox 1409 1518 1461 1559; x_wconf 87' lang='lat' dir='ltr'>ad</span> <span class='ocrx_word' id='word_1_204' title='bbox 1484 1518 1753 1560; x_wconf 86' lang='lat' dir='ltr'>animadver-</span> 
     </span>
     <span class='ocr_line' id='line_1_25' title="bbox 325 1575 1752 1631; baseline -0.003 -12"><span class='ocrx_word' id='word_1_205' title='bbox 325 1580 489 1620; x_wconf 81' lang='lat' dir='ltr'>sionem</span> <span class='ocrx_word' id='word_1_206' title='bbox 503 1579 738 1619; x_wconf 85' lang='lat' dir='ltr'>censoriam</span> <span class='ocrx_word' id='word_1_207' title='bbox 761 1577 1101 1619; x_wconf 85' lang='lat' dir='ltr'>transferendum</span> <span class='ocrx_word' id='word_1_208' title='bbox 1115 1576 1218 1618; x_wconf 91' lang='lat' dir='ltr'>fuit:</span> <span class='ocrx_word' id='word_1_209' title='bbox 1253 1577 1290 1607; x_wconf 89' lang='lat'>16</span> <span class='ocrx_word' id='word_1_210' title='bbox 1301 1575 1524 1616; x_wconf 90' lang='lat' dir='ltr'>sortitione</span> <span class='ocrx_word' id='word_1_211' title='bbox 1546 1575 1589 1616; x_wconf 91' lang='lat' dir='ltr'>id</span> <span class='ocrx_word' id='word_1_212' title='bbox 1611 1575 1752 1631; x_wconf 88' lang='lat' dir='ltr'>ipsum</span> 
     </span>
     <span class='ocr_line' id='line_1_26' title="bbox 326 1633 1754 1692; baseline -0.004 -15"><span class='ocrx_word' id='word_1_213' title='bbox 326 1636 489 1677; x_wconf 81' lang='lat' dir='ltr'>factum</span> <span class='ocrx_word' id='word_1_214' title='bbox 512 1650 602 1677; x_wconf 89' lang='lat' dir='ltr'>esse</span> <span class='ocrx_word' id='word_1_215' title='bbox 632 1636 838 1692; x_wconf 85' lang='lat' dir='ltr'>oportuit.</span> <span class='ocrx_word' id='word_1_216' title='bbox 900 1635 974 1675; x_wconf 77' lang='lat' dir='ltr'>Sin</span> <span class='ocrx_word' id='word_1_217' title='bbox 1007 1643 1148 1674; x_wconf 86' lang='lat' dir='ltr'>autem</span> <span class='ocrx_word' id='word_1_218' title='bbox 1179 1633 1319 1674; x_wconf 88' lang='lat' dir='ltr'>sortiri</span> <span class='ocrx_word' id='word_1_219' title='bbox 1342 1633 1394 1674; x_wconf 83' lang='lat' dir='ltr'>ad</span> <span class='ocrx_word' id='word_1_220' title='bbox 1424 1646 1616 1688; x_wconf 88' lang='lat' dir='ltr'>poenam,</span> <span class='ocrx_word' id='word_1_221' title='bbox 1642 1635 1754 1672; x_wconf 84' lang='lat' dir='ltr'>17at-</span> 
     </span>
     <span class='ocr_line' id='line_1_27' title="bbox 327 1689 1754 1749; baseline -0.004 -15"><span class='ocrx_word' id='word_1_222' title='bbox 327 1708 410 1749; x_wconf 91' lang='lat' dir='ltr'>que</span> <span class='ocrx_word' id='word_1_223' title='bbox 429 1694 651 1734; x_wconf 86' lang='lat' dir='ltr'>hominum</span> <span class='ocrx_word' id='word_1_224' title='bbox 668 1692 869 1733; x_wconf 88' lang='lat' dir='ltr'>delictum</span> <span class='ocrx_word' id='word_1_225' title='bbox 888 1690 1252 1746; x_wconf 84' lang='lat' dir='ltr'>fortunaejudieio</span> <span class='ocrx_word' id='word_1_226' title='bbox 1271 1689 1555 1739; x_wconf 86' lang='lat' dir='ltr'>committere,</span> <span class='ocrx_word' id='word_1_227' title='bbox 1576 1689 1754 1729; x_wconf 88' lang='lat' dir='ltr'>minime</span> 
     </span>
     <span class='ocr_line' id='line_1_28' title="bbox 245 1745 1754 1830; baseline -0.004 -39"><span class='ocrx_word' id='word_1_228' title='bbox 245 1776 315 1830; x_wconf 74' lang='lat'>47</span> <span class='ocrx_word' id='word_1_229' title='bbox 330 1751 570 1791; x_wconf 86' lang='lat' dir='ltr'>censorium</span> <span class='ocrx_word' id='word_1_230' title='bbox 588 1760 677 1801; x_wconf 82' lang='lat' dir='ltr'>est3</span> <span class='ocrx_word' id='word_1_231' title='bbox 708 1759 822 1790; x_wconf 90' lang='lat' dir='ltr'>certe</span> <span class='ocrx_word' id='word_1_232' title='bbox 844 1749 887 1789; x_wconf 91' lang='lat' dir='ltr'>in</span> <span class='ocrx_word' id='word_1_233' title='bbox 917 1748 1150 1789; x_wconf 88' lang='lat' dir='ltr'>multorum</span> <span class='ocrx_word' id='word_1_234' title='bbox 1169 1756 1347 1803; x_wconf 86' lang='lat' dir='ltr'>peccato</span> <span class='ocrx_word' id='word_1_235' title='bbox 1370 1746 1487 1802; x_wconf 86' lang='lat' dir='ltr'>carpi</span> <span class='ocrx_word' id='word_1_236' title='bbox 1509 1760 1668 1802; x_wconf 86' lang='lat' dir='ltr'>paucos</span> <span class='ocrx_word' id='word_1_237' title='bbox 1699 1745 1754 1786; x_wconf 87' lang='lat' dir='ltr'>ad</span> 
     </span>
     <span class='ocr_line' id='line_1_29' title="bbox 330 1803 1755 1863; baseline -0.004 -16"><span class='ocrx_word' id='word_1_238' title='bbox 330 1808 610 1863; x_wconf 82' lang='lat' dir='ltr'>ignominiam</span> <span class='ocrx_word' id='word_1_239' title='bbox 634 1815 676 1847; x_wconf 89' lang='lat' dir='ltr'>et</span> <span class='ocrx_word' id='word_1_240' title='bbox 708 1805 1031 1861; x_wconf 86' lang='lat' dir='ltr'>turpitudinem,</span> <span class='ocrx_word' id='word_1_241' title='bbox 1063 1819 1150 1845; x_wconf 92' lang='lat' dir='ltr'>non</span> <span class='ocrx_word' id='word_1_242' title='bbox 1182 1813 1366 1860; x_wconf 90' lang='lat' dir='ltr'>oportet.</span> <span class='ocrx_word' id='word_1_243' title='bbox 1425 1803 1586 1843; x_wconf 91' lang='lat' dir='ltr'>Verum</span> <span class='ocrx_word' id='word_1_244' title='bbox 1607 1816 1755 1843; x_wconf 88' lang='lat' dir='ltr'>omnes</span> 
     </span>
     <span class='ocr_line' id='line_1_30' title="bbox 244 1848 1755 1920; baseline -0.003 -15"><span class='ocrx_word' id='word_1_245' title='bbox 244 1848 623 1920; x_wconf 71' lang='lat' dir='ltr'>13OintelliginiuS,</span> <span class='ocrx_word' id='word_1_246' title='bbox 648 1864 690 1904; x_wconf 90' lang='lat' dir='ltr'>in</span> <span class='ocrx_word' id='word_1_247' title='bbox 722 1864 812 1904; x_wconf 91' lang='lat' dir='ltr'>istis</span> <span class='ocrx_word' id='word_1_248' title='bbox 835 1862 1223 1918; x_wconf 86' lang='lat' dir='ltr'>subscriptionibus</span> <span class='ocrx_word' id='word_1_249' title='bbox 1246 1870 1421 1902; x_wconf 82' lang='lat' dir='ltr'>ventum</span> <span class='ocrx_word' id='word_1_250' title='bbox 1442 1860 1655 1915; x_wconf 82' lang='lat' dir='ltr'>quendam</span> <span class='ocrx_word' id='word_1_251' title='bbox 1676 1874 1755 1915; x_wconf 84' lang='lat' dir='ltr'>po·</span> 
     </span>
     <span class='ocr_line' id='line_1_31' title="bbox 327 1916 1754 1977; baseline -0.004 -15"><span class='ocrx_word' id='word_1_252' title='bbox 327 1922 516 1977; x_wconf 84' lang='lat' dir='ltr'>pularem</span> <span class='ocrx_word' id='word_1_253' title='bbox 536 1936 626 1962; x_wconf 79' lang='lat' dir='ltr'>esse</span> <span class='ocrx_word' id='word_1_254' title='bbox 641 1921 885 1976; x_wconf 66' lang='lat' dir='ltr'>quaesitum.</span> <span class='ocrx_word' id='word_1_255' title='bbox 945 1919 972 1962; x_wconf 89' lang='lat' dir='ltr'>J</span> <span class='ocrx_word' id='word_1_256' title='bbox 977 1927 1119 1960; x_wconf 85' lang='lat' dir='ltr'>actata</span> <span class='ocrx_word' id='word_1_257' title='bbox 1140 1933 1204 1959; x_wconf 89' lang='lat' dir='ltr'>res</span> <span class='ocrx_word' id='word_1_258' title='bbox 1226 1927 1315 1958; x_wconf 84' lang='lat' dir='ltr'>erat</span> <span class='ocrx_word' id='word_1_259' title='bbox 1337 1919 1381 1959; x_wconf 94' lang='lat' dir='ltr'>in</span> <span class='ocrx_word' id='word_1_260' title='bbox 1403 1917 1611 1971; x_wconf 80' lang='lat' dir='ltr'>concione</span> <span class='ocrx_word' id='word_1_261' title='bbox 1632 1931 1658 1957; x_wconf 85' lang='lat' dir='ltr'>a</span> <span class='ocrx_word' id='word_1_262' title='bbox 1679 1916 1754 1957; x_wconf 90' lang='lat' dir='ltr'>tri·</span> 
     </span>
     <span class='ocr_line' id='line_1_32' title="bbox 327 1975 1756 2035; baseline -0.004 -15"><span class='ocrx_word' id='word_1_263' title='bbox 327 1980 443 2020; x_wconf 90' lang='lat' dir='ltr'>buno</span> <span class='ocrx_word' id='word_1_264' title='bbox 457 1979 680 2021; x_wconf 86' lang='lat' dir='ltr'>seditioso:</span> <span class='ocrx_word' id='word_1_265' title='bbox 699 1977 922 2035; x_wconf 84' lang='lat' dir='ltr'>incognita</span> <span class='ocrx_word' id='word_1_266' title='bbox 933 1991 1074 2029; x_wconf 85' lang='lat' dir='ltr'>causa,</span> <span class='ocrx_word' id='word_1_267' title='bbox 1090 1977 1318 2033; x_wconf 83' lang='lat' dir='ltr'>probatum</span> <span class='ocrx_word' id='word_1_268' title='bbox 1329 1975 1431 2017; x_wconf 90' lang='lat' dir='ltr'>illud</span> <span class='ocrx_word' id='word_1_269' title='bbox 1441 1982 1552 2028; x_wconf 81' lang='lat' dir='ltr'>erat3</span> <span class='ocrx_word' id='word_1_270' title='bbox 1578 1975 1614 2004; x_wconf 78' lang='lat'>18</span> <span class='ocrx_word' id='word_1_271' title='bbox 1629 1987 1756 2015; x_wconf 82' lang='lat' dir='ltr'>MUL-</span> 
     </span>
    </p>
   </div>
   <div class='ocr_carea' id='block_1_3' title="bbox 371 2156 1755 2201">
    <p class='ocr_par' dir='ltr' id='par_1_5' title="bbox 371 2156 1755 2201">
     <span class='ocr_line' id='line_1_33' title="bbox 371 2156 1755 2201; baseline -0.004 -7"><span class='ocrx_word' id='word_1_272' title='bbox 371 2166 408 2194; x_wconf 83' lang='lat'>13</span> <span class='ocrx_word' id='word_1_273' title='bbox 431 2164 466 2193; x_wconf 75' lang='lat' dir='ltr'>in</span> <span class='ocrx_word' id='word_1_274' title='bbox 481 2167 597 2193; x_wconf 78' lang='lat' dir='ltr'>senatu</span> <span class='ocrx_word' id='word_1_275' title='bbox 623 2161 767 2201; x_wconf 74' lang='lat' dir='ltr'>tegendo]</span> <span class='ocrx_word' id='word_1_276' title='bbox 794 2160 920 2199; x_wconf 82' lang='lat' dir='ltr'>Legere</span> <span class='ocrx_word' id='word_1_277' title='bbox 941 2158 1014 2190; x_wconf 89' lang='lat' dir='ltr'>h.1.</span> <span class='ocrx_word' id='word_1_278' title='bbox 1103 2161 1140 2191; x_wconf 85' lang='lat'>15</span> <span class='ocrx_word' id='word_1_279' title='bbox 1163 2159 1287 2201; x_wconf 56' lang='lat' dir='ltr'>,Quodsi</span> <span class='ocrx_word' id='word_1_280' title='bbox 1299 2160 1433 2200; x_wconf 65' lang='lat' dir='ltr'>exempl.</span> <span class='ocrx_word' id='word_1_281' title='bbox 1459 2158 1530 2199; x_wconf 77' lang='lat' dir='ltr'>hoc]</span> <span class='ocrx_word' id='word_1_282' title='bbox 1553 2158 1643 2189; x_wconf 86' lang='lat' dir='ltr'>Bene</span> <span class='ocrx_word' id='word_1_283' title='bbox 1664 2156 1755 2188; x_wconf 85' lang='lat' dir='ltr'>addi-</span> 
     </span>
    </p>
   </div>
   <div class='ocr_carea' id='block_1_4' title="bbox 1892 880 1907 1322">
    <p class='ocr_par' dir='ltr' id='par_1_6' title="bbox 1892 880 1907 1322">
     <span class='ocr_line' id='line_1_34' title="bbox 1892 880 1907 1322; textangle 90"><span class='ocrx_word' id='word_1_284' title='bbox 1898 1068 1907 1322; x_wconf 52' lang='lat' dir='ltr'>⁴...ffl——n—</span> <span class='ocrx_word' id='word_1_285' title='bbox 1903 1031 1907 1047; x_wconf 89' lang='lat'>.-</span> <span class='ocrx_word' id='word_1_286' title='bbox 1898 944 1907 1005; x_wconf 68' lang='lat'><strong>.‹-·.</strong></span> <span class='ocrx_word' id='word_1_287' title='bbox 1892 880 1907 909; x_wconf 40' lang='lat' dir='ltr'>⁴..t</span> 
     </span>
    </p>
   </div>
   <div class='ocr_carea' id='block_1_5' title="bbox 326 2201 1024 2867">
    <p class='ocr_par' dir='ltr' id='par_1_7' title="bbox 326 2201 1019 2413">
     <span class='ocr_line' id='line_1_35' title="bbox 327 2201 1017 2245; baseline -0.006 -9"><span class='ocrx_word' id='word_1_288' title='bbox 327 2215 393 2236; x_wconf 88' lang='lat' dir='ltr'>non</span> <span class='ocrx_word' id='word_1_289' title='bbox 407 2210 554 2241; x_wconf 77' lang='lat' dir='ltr'>tantuin,</span> <span class='ocrx_word' id='word_1_290' title='bbox 577 2210 633 2235; x_wconf 84' lang='lat' dir='ltr'>ant</span> <span class='ocrx_word' id='word_1_291' title='bbox 655 2205 796 2245; x_wconf 81' lang='lat' dir='ltr'>proprie,</span> <span class='ocrx_word' id='word_1_292' title='bbox 818 2204 963 2243; x_wconf 75' lang='lat' dir='ltr'>pertinet</span> <span class='ocrx_word' id='word_1_293' title='bbox 976 2201 1017 2232; x_wconf 83' lang='lat' dir='ltr'>ad</span> 
     </span>
     <span class='ocr_line' id='line_1_36' title="bbox 326 2244 1019 2281; baseline -0.006 -3"><span class='ocrx_word' id='word_1_294' title='bbox 326 2254 492 2278; x_wconf 83' lang='lat' dir='ltr'>senatores</span> <span class='ocrx_word' id='word_1_295' title='bbox 516 2256 617 2277; x_wconf 78' lang='lat' dir='ltr'>novos</span> <span class='ocrx_word' id='word_1_296' title='bbox 643 2246 864 2281; x_wconf 76' lang='lat' dir='ltr'>assumend08‚</span> <span class='ocrx_word' id='word_1_297' title='bbox 891 2244 958 2281; x_wconf 87' lang='lat' dir='ltr'>sed,</span> <span class='ocrx_word' id='word_1_298' title='bbox 984 2248 1019 2274; x_wconf 86' lang='lat' dir='ltr'>et</span> 
     </span>
     <span class='ocr_line' id='line_1_37' title="bbox 327 2287 1018 2324; baseline -0.009 -3"><span class='ocrx_word' id='word_1_299' title='bbox 327 2290 368 2321; x_wconf 83' lang='lat' dir='ltr'>ad</span> <span class='ocrx_word' id='word_1_300' title='bbox 384 2290 602 2320; x_wconf 81' lang='lat' dir='ltr'>recensionem</span> <span class='ocrx_word' id='word_1_301' title='bbox 626 2289 810 2319; x_wconf 83' lang='lat' dir='ltr'>universam</span> <span class='ocrx_word' id='word_1_302' title='bbox 823 2292 968 2324; x_wconf 83' lang='lat' dir='ltr'>senatus,</span> <span class='ocrx_word' id='word_1_303' title='bbox 981 2287 1018 2316; x_wconf 90' lang='lat' dir='ltr'>in</span> 
     </span>
     <span class='ocr_line' id='line_1_38' title="bbox 326 2328 1019 2371; baseline -0.004 -10"><span class='ocrx_word' id='word_1_304' title='bbox 326 2332 564 2371; x_wconf 80' lang='lat' dir='ltr'>quajudicatux·</span> <span class='ocrx_word' id='word_1_305' title='bbox 577 2332 689 2368; x_wconf 85' lang='lat' dir='ltr'>etiam,</span> <span class='ocrx_word' id='word_1_306' title='bbox 704 2331 758 2370; x_wconf 83' lang='lat' dir='ltr'>qui</span> <span class='ocrx_word' id='word_1_307' title='bbox 770 2330 837 2360; x_wconf 85' lang='lat' dir='ltr'>sint</span> <span class='ocrx_word' id='word_1_308' title='bbox 858 2328 1019 2366; x_wconf 83' lang='lat' dir='ltr'>servandi,</span> 
     </span>
     <span class='ocr_line' id='line_1_39' title="bbox 329 2374 562 2413; baseline -0.009 -9"><span class='ocrx_word' id='word_1_309' title='bbox 329 2375 385 2413; x_wconf 88' lang='lat' dir='ltr'>qui</span> <span class='ocrx_word' id='word_1_310' title='bbox 402 2374 562 2403; x_wconf 77' lang='lat' dir='ltr'>movendi.</span> 
     </span>
    </p>

    <p class='ocr_par' dir='ltr' id='par_1_8' title="bbox 326 2413 1024 2867">
     <span class='ocr_line' id='line_1_40' title="bbox 375 2413 1021 2455; baseline -0.006 -10"><span class='ocrx_word' id='word_1_311' title='bbox 375 2419 409 2445; x_wconf 77' lang='lat'>14</span> <span class='ocrx_word' id='word_1_312' title='bbox 432 2421 462 2446; x_wconf 81' lang='lat' dir='ltr'>et</span> <span class='ocrx_word' id='word_1_313' title='bbox 475 2415 751 2455; x_wconf 78' lang='lat' dir='ltr'>quam—eandem</span> <span class='ocrx_word' id='word_1_314' title='bbox 773 2413 1021 2443; x_wconf 66' lang='lat' dir='ltr'>tic-constitues</span> 
     </span>
     <span class='ocr_line' id='line_1_41' title="bbox 327 2457 1020 2497; baseline -0.006 -10"><span class='ocrx_word' id='word_1_315' title='bbox 327 2460 424 2496; x_wconf 76' lang='lat' dir='ltr'>impr.</span> <span class='ocrx_word' id='word_1_316' title='bbox 440 2458 481 2497; x_wconf 75' lang='lat' dir='ltr'>s.]</span> <span class='ocrx_word' id='word_1_317' title='bbox 499 2457 580 2487; x_wconf 85' lang='lat' dir='ltr'>Haee</span> <span class='ocrx_word' id='word_1_318' title='bbox 592 2457 757 2487; x_wconf 81' lang='lat' dir='ltr'>cohaerent</span> <span class='ocrx_word' id='word_1_319' title='bbox 772 2460 810 2485; x_wconf 86' lang='lat' dir='ltr'>ut</span> <span class='ocrx_word' id='word_1_320' title='bbox 822 2464 1020 2494; x_wconf 83' lang='lat' dir='ltr'>consequens</span> 
     </span>
     <span class='ocr_line' id='line_1_42' title="bbox 327 2497 1022 2539; baseline -0.004 -9"><span class='ocrx_word' id='word_1_321' title='bbox 327 2510 402 2530; x_wconf 78' lang='lat' dir='ltr'>cuni</span> <span class='ocrx_word' id='word_1_322' title='bbox 411 2500 479 2530; x_wconf 88' lang='lat' dir='ltr'>illo:</span> <span class='ocrx_word' id='word_1_323' title='bbox 490 2504 525 2529; x_wconf 79' lang='lat' dir='ltr'>tu</span> <span class='ocrx_word' id='word_1_324' title='bbox 532 2498 738 2539; x_wconf 65' lang='lat' dir='ltr'>esproefeetus</span> <span class='ocrx_word' id='word_1_325' title='bbox 744 2498 894 2532; x_wconf 77' lang='lat' dir='ltr'>moribus,</span> <span class='ocrx_word' id='word_1_326' title='bbox 903 2507 946 2526; x_wconf 89' lang='lat' dir='ltr'>m.</span> <span class='ocrx_word' id='word_1_327' title='bbox 954 2497 1022 2527; x_wconf 57' lang='lat' dir='ltr'>vfcl.</span> 
     </span>
     <span class='ocr_line' id='line_1_43' title="bbox 326 2539 1023 2575; baseline -0.004 -4"><span class='ocrx_word' id='word_1_328' title='bbox 326 2546 358 2571; x_wconf 82' lang='lat' dir='ltr'>et</span> <span class='ocrx_word' id='word_1_329' title='bbox 369 2552 394 2571; x_wconf 82' lang='lat' dir='ltr'>s.</span> <span class='ocrx_word' id='word_1_330' title='bbox 410 2544 436 2571; x_wconf 72' lang='lat' dir='ltr'>si</span> <span class='ocrx_word' id='word_1_331' title='bbox 453 2543 508 2571; x_wconf 59' lang='lat' dir='ltr'>&amp;a</span> <span class='ocrx_word' id='word_1_332' title='bbox 540 2541 634 2572; x_wconf 82' lang='lat' dir='ltr'>Unde</span> <span class='ocrx_word' id='word_1_333' title='bbox 649 2540 822 2570; x_wconf 82' lang='lat' dir='ltr'>delendum</span> <span class='ocrx_word' id='word_1_334' title='bbox 834 2539 962 2569; x_wconf 80' lang='lat' dir='ltr'>videtur</span> <span class='ocrx_word' id='word_1_335' title='bbox 973 2544 1023 2575; x_wconf 80' lang='lat' dir='ltr'>tu,</span> 
     </span>
     <span class='ocr_line' id='line_1_44' title="bbox 327 2581 1022 2621; baseline -0.004 -8"><span class='ocrx_word' id='word_1_336' title='bbox 327 2591 361 2613; x_wconf 85' lang='lat' dir='ltr'>et</span> <span class='ocrx_word' id='word_1_337' title='bbox 384 2584 589 2614; x_wconf 72' lang='lat' dir='ltr'>scribendum</span> <span class='ocrx_word' id='word_1_338' title='bbox 614 2582 790 2618; x_wconf 76' lang='lat' dir='ltr'>constituis,</span> <span class='ocrx_word' id='word_1_339' title='bbox 815 2585 853 2610; x_wconf 87' lang='lat' dir='ltr'>ut</span> <span class='ocrx_word' id='word_1_340' title='bbox 876 2582 909 2610; x_wconf 87' lang='lat' dir='ltr'>in</span> <span class='ocrx_word' id='word_1_341' title='bbox 924 2581 1022 2621; x_wconf 87' lang='lat' dir='ltr'>priori</span> 
     </span>
     <span class='ocr_line' id='line_1_45' title="bbox 327 2623 1024 2665; baseline -0.001 -10"><span class='ocrx_word' id='word_1_342' title='bbox 327 2631 547 2665; x_wconf 80' lang='lat' dir='ltr'>consequente</span> <span class='ocrx_word' id='word_1_343' title='bbox 562 2630 611 2655; x_wconf 75' lang='lat' dir='ltr'>est</span> <span class='ocrx_word' id='word_1_344' title='bbox 633 2625 763 2654; x_wconf 73' lang='lat' dir='ltr'>smmis.</span> <span class='ocrx_word' id='word_1_345' title='bbox 806 2623 896 2653; x_wconf 66' lang='lat' dir='ltr'>Alias</span> <span class='ocrx_word' id='word_1_346' title='bbox 912 2625 1024 2663; x_wconf 84' lang='lat' dir='ltr'>conje-</span> 
     </span>
     <span class='ocr_line' id='line_1_46' title="bbox 328 2665 1019 2706; baseline -0.003 -9"><span class='ocrx_word' id='word_1_347' title='bbox 328 2674 437 2697; x_wconf 80' lang='lat' dir='ltr'>cturas</span> <span class='ocrx_word' id='word_1_348' title='bbox 453 2676 709 2697; x_wconf 79' lang='lat' dir='ltr'>commemorare</span> <span class='ocrx_word' id='word_1_349' title='bbox 720 2665 921 2706; x_wconf 83' lang='lat' dir='ltr'>supersedeo.</span> <span class='ocrx_word' id='word_1_350' title='bbox 938 2665 1019 2695; x_wconf 85' lang='lat' dir='ltr'>Edd.</span> 
     </span>
     <span class='ocr_line' id='line_1_47' title="bbox 327 2708 1021 2749; baseline -0.004 -10"><span class='ocrx_word' id='word_1_351' title='bbox 327 2719 376 2749; x_wconf 84' lang='lat' dir='ltr'>pr.</span> <span class='ocrx_word' id='word_1_352' title='bbox 393 2710 527 2744; x_wconf 75' lang='lat' dir='ltr'>habent,</span> <span class='ocrx_word' id='word_1_353' title='bbox 541 2716 578 2738; x_wconf 84' lang='lat' dir='ltr'>ut</span> <span class='ocrx_word' id='word_1_354' title='bbox 593 2709 694 2739; x_wconf 81' lang='lat' dir='ltr'>edidit</span> <span class='ocrx_word' id='word_1_355' title='bbox 707 2708 853 2737; x_wconf 72' lang='lat' dir='ltr'>Graevius</span> <span class='ocrx_word' id='word_1_356' title='bbox 865 2718 871 2736; x_wconf 78' lang='lat' dir='ltr'><strong><em>z</em></strong></span> <span class='ocrx_word' id='word_1_357' title='bbox 891 2717 953 2737; x_wconf 79' lang='lat' dir='ltr'>non</span> <span class='ocrx_word' id='word_1_358' title='bbox 967 2717 1021 2737; x_wconf 82' lang='lat' dir='ltr'>ea-</span> 
     </span>
     <span class='ocr_line' id='line_1_48' title="bbox 327 2749 1023 2792; baseline -0.003 -11"><span class='ocrx_word' id='word_1_359' title='bbox 327 2752 399 2781; x_wconf 77' lang='lat' dir='ltr'>dem</span> <span class='ocrx_word' id='word_1_360' title='bbox 409 2760 506 2791; x_wconf 65' lang='lat' dir='ltr'>paena</span> <span class='ocrx_word' id='word_1_361' title='bbox 529 2752 627 2792; x_wconf 54' lang='lat' dir='ltr'>adfici</span> <span class='ocrx_word' id='word_1_362' title='bbox 648 2755 800 2790; x_wconf 76' lang='lat' dir='ltr'>oportere.</span> <span class='ocrx_word' id='word_1_363' title='bbox 849 2749 1023 2779; x_wconf 60' lang='lat' dir='ltr'>&amp;invenire</span> 
     </span>
     <span class='ocr_line' id='line_1_49' title="bbox 327 2790 1023 2834; baseline 0.001 -12"><span class='ocrx_word' id='word_1_364' title='bbox 327 2798 365 2827; x_wconf 70' lang='lat' dir='ltr'>ut</span> <span class='ocrx_word' id='word_1_365' title='bbox 393 2798 453 2824; x_wconf 54' lang='lat' dir='ltr'>&amp;ru</span> <span class='ocrx_word' id='word_1_366' title='bbox 480 2793 536 2823; x_wconf 82' lang='lat' dir='ltr'>sed</span> <span class='ocrx_word' id='word_1_367' title='bbox 560 2797 702 2834; x_wconf 76' lang='lat' dir='ltr'>oportere</span> <span class='ocrx_word' id='word_1_368' title='bbox 726 2796 775 2824; x_wconf 81' lang='lat' dir='ltr'>est</span> <span class='ocrx_word' id='word_1_369' title='bbox 800 2790 909 2832; x_wconf 78' lang='lat' dir='ltr'>glossa</span> <span class='ocrx_word' id='word_1_370' title='bbox 933 2791 1023 2823; x_wconf 80' lang='lat' dir='ltr'>verbi</span> 
     </span>
     <span class='ocr_line' id='line_1_50' title="bbox 328 2844 501 2867; baseline 0 -1"><span class='ocrx_word' id='word_1_371' title='bbox 328 2844 501 2867; x_wconf 70' lang='lat' dir='ltr'>conventre.</span> 
     </span>
    </p>
   </div>
   <div class='ocr_carea' id='block_1_6' title="bbox 1059 2201 1757 2704">
    <p class='ocr_par' dir='ltr' id='par_1_9' title="bbox 1059 2201 1643 2241">
     <span class='ocr_line' id='line_1_51' title="bbox 1059 2201 1643 2241; baseline -0.005 -8"><span class='ocrx_word' id='word_1_372' title='bbox 1059 2201 1107 2233; x_wconf 86' lang='lat' dir='ltr'>dit</span> <span class='ocrx_word' id='word_1_373' title='bbox 1122 2203 1268 2232; x_wconf 77' lang='lat' dir='ltr'>Graevius</span> <span class='ocrx_word' id='word_1_374' title='bbox 1285 2204 1350 2233; x_wconf 78' lang='lat' dir='ltr'>hoc.</span> <span class='ocrx_word' id='word_1_375' title='bbox 1395 2203 1447 2232; x_wconf 88' lang='lat' dir='ltr'>Sic</span> <span class='ocrx_word' id='word_1_376' title='bbox 1463 2209 1496 2231; x_wconf 88' lang='lat' dir='ltr'>et</span> <span class='ocrx_word' id='word_1_377' title='bbox 1509 2201 1579 2232; x_wconf 87' lang='lat' dir='ltr'>edd.</span> <span class='ocrx_word' id='word_1_378' title='bbox 1594 2209 1643 2241; x_wconf 87' lang='lat' dir='ltr'>pr.</span> 
     </span>
    </p>

    <p class='ocr_par' dir='ltr' id='par_1_10' title="bbox 1061 2242 1753 2359">
     <span class='ocr_line' id='line_1_52' title="bbox 1104 2242 1753 2283; baseline 0 -9"><span class='ocrx_word' id='word_1_379' title='bbox 1104 2245 1141 2274; x_wconf 88' lang='lat'>16</span> <span class='ocrx_word' id='word_1_380' title='bbox 1163 2246 1326 2275; x_wconf 80' lang='lat' dir='ltr'>sortitione</span> <span class='ocrx_word' id='word_1_381' title='bbox 1362 2244 1436 2283; x_wconf 63' lang='grc' dir='ltr'>δια]</span> <span class='ocrx_word' id='word_1_382' title='bbox 1474 2243 1600 2283; x_wconf 86' lang='lat' dir='ltr'>Nempe</span> <span class='ocrx_word' id='word_1_383' title='bbox 1630 2243 1665 2272; x_wconf 87' lang='lat' dir='ltr'>in</span> <span class='ocrx_word' id='word_1_384' title='bbox 1693 2242 1753 2274; x_wconf 81' lang='lat' dir='ltr'>illa</span> 
     </span>
     <span class='ocr_line' id='line_1_53' title="bbox 1061 2284 1750 2327; baseline 0 -11"><span class='ocrx_word' id='word_1_385' title='bbox 1061 2286 1196 2317; x_wconf 78' lang='lat' dir='ltr'>militari</span> <span class='ocrx_word' id='word_1_386' title='bbox 1211 2296 1307 2327; x_wconf 81' lang='lat' dir='ltr'>poena</span> <span class='ocrx_word' id='word_1_387' title='bbox 1318 2287 1357 2317; x_wconf 87' lang='lat' dir='ltr'>fit</span> <span class='ocrx_word' id='word_1_388' title='bbox 1370 2285 1513 2323; x_wconf 81' lang='lat' dir='ltr'>sortitio,</span> <span class='ocrx_word' id='word_1_389' title='bbox 1521 2295 1596 2316; x_wconf 82' lang='lat' dir='ltr'>cum</span> <span class='ocrx_word' id='word_1_390' title='bbox 1609 2295 1640 2315; x_wconf 90' lang='lat' dir='ltr'>v.</span> <span class='ocrx_word' id='word_1_391' title='bbox 1652 2294 1679 2315; x_wconf 89' lang='lat' dir='ltr'>c.</span> <span class='ocrx_word' id='word_1_392' title='bbox 1693 2284 1750 2316; x_wconf 86' lang='lat' dir='ltr'>de-</span> 
     </span>
     <span class='ocr_line' id='line_1_54' title="bbox 1062 2329 1265 2359; baseline 0.005 -1"><span class='ocrx_word' id='word_1_393' title='bbox 1062 2329 1195 2359; x_wconf 85' lang='lat' dir='ltr'>cimatio</span> <span class='ocrx_word' id='word_1_394' title='bbox 1216 2330 1265 2359; x_wconf 82' lang='lat' dir='ltr'>fit.</span> 
     </span>
    </p>

    <p class='ocr_par' dir='ltr' id='par_1_11' title="bbox 1060 2367 1757 2704">
     <span class='ocr_line' id='line_1_55' title="bbox 1109 2367 1752 2411; baseline -0.006 -10"><span class='ocrx_word' id='word_1_395' title='bbox 1109 2374 1143 2404; x_wconf 87' lang='lat'>17</span> <span class='ocrx_word' id='word_1_396' title='bbox 1175 2377 1272 2411; x_wconf 79' lang='lat' dir='ltr'>atque</span> <span class='ocrx_word' id='word_1_397' title='bbox 1298 2372 1463 2402; x_wconf 72' lang='lat' dir='ltr'>homimem</span> <span class='ocrx_word' id='word_1_398' title='bbox 1495 2369 1647 2399; x_wconf 81' lang='lat' dir='ltr'>delictum</span> <span class='ocrx_word' id='word_1_399' title='bbox 1676 2367 1752 2408; x_wconf 58' lang='grc' dir='ltr'>δια]</span> 
     </span>
     <span class='ocr_line' id='line_1_56' title="bbox 1064 2410 1755 2453; baseline -0.003 -11"><span class='ocrx_word' id='word_1_400' title='bbox 1064 2413 1116 2443; x_wconf 83' lang='lat' dir='ltr'>Sic</span> <span class='ocrx_word' id='word_1_401' title='bbox 1130 2412 1200 2443; x_wconf 86' lang='lat' dir='ltr'>edd.</span> <span class='ocrx_word' id='word_1_402' title='bbox 1217 2424 1263 2453; x_wconf 88' lang='lat' dir='ltr'>pr.</span> <span class='ocrx_word' id='word_1_403' title='bbox 1307 2414 1368 2444; x_wconf 80' lang='lat' dir='ltr'>Per</span> <span class='ocrx_word' id='word_1_404' title='bbox 1382 2414 1600 2453; x_wconf 78' lang='lat' dir='ltr'>conjecturam</span> <span class='ocrx_word' id='word_1_405' title='bbox 1622 2410 1682 2440; x_wconf 85' lang='lat' dir='ltr'>viri</span> <span class='ocrx_word' id='word_1_406' title='bbox 1695 2411 1755 2440; x_wconf 87' lang='lat' dir='ltr'>ali-</span> 
     </span>
     <span class='ocr_line' id='line_1_57' title="bbox 1064 2452 1755 2494; baseline -0.003 -10"><span class='ocrx_word' id='word_1_407' title='bbox 1064 2457 1154 2493; x_wconf 86' lang='lat' dir='ltr'>cujus</span> <span class='ocrx_word' id='word_1_408' title='bbox 1182 2456 1270 2486; x_wconf 84' lang='lat' dir='ltr'>docti</span> <span class='ocrx_word' id='word_1_409' title='bbox 1295 2456 1452 2486; x_wconf 80' lang='lat' dir='ltr'>delectum</span> <span class='ocrx_word' id='word_1_410' title='bbox 1481 2459 1594 2494; x_wconf 83' lang='lat' dir='ltr'>postea</span> <span class='ocrx_word' id='word_1_411' title='bbox 1627 2452 1755 2483; x_wconf 82' lang='lat' dir='ltr'>editum</span> 
     </span>
     <span class='ocr_line' id='line_1_58' title="bbox 1065 2494 1754 2536; baseline -0.004 -9"><span class='ocrx_word' id='word_1_412' title='bbox 1065 2505 1134 2527; x_wconf 86' lang='lat' dir='ltr'>est:</span> <span class='ocrx_word' id='word_1_413' title='bbox 1165 2497 1252 2536; x_wconf 87' lang='lat' dir='ltr'>quod</span> <span class='ocrx_word' id='word_1_414' title='bbox 1278 2502 1328 2528; x_wconf 79' lang='lat' dir='ltr'>est</span> <span class='ocrx_word' id='word_1_415' title='bbox 1355 2497 1510 2528; x_wconf 84' lang='lat' dir='ltr'>alienum.</span> <span class='ocrx_word' id='word_1_416' title='bbox 1532 2504 1635 2534; x_wconf 87' lang='lat' dir='ltr'>neque</span> <span class='ocrx_word' id='word_1_417' title='bbox 1663 2494 1754 2524; x_wconf 90' lang='lat' dir='ltr'>enim</span> 
     </span>
     <span class='ocr_line' id='line_1_59' title="bbox 1066 2537 1756 2578; baseline -0.006 -9"><span class='ocrx_word' id='word_1_418' title='bbox 1066 2539 1227 2570; x_wconf 84' lang='lat' dir='ltr'>delectum</span> <span class='ocrx_word' id='word_1_419' title='bbox 1243 2539 1312 2569; x_wconf 89' lang='lat' dir='ltr'>ullo</span> <span class='ocrx_word' id='word_1_420' title='bbox 1334 2539 1430 2569; x_wconf 87' lang='lat' dir='ltr'>modo</span> <span class='ocrx_word' id='word_1_421' title='bbox 1451 2537 1674 2578; x_wconf 84' lang='lat' dir='ltr'>usurpandum</span> <span class='ocrx_word' id='word_1_422' title='bbox 1687 2540 1756 2566; x_wconf 82' lang='lat' dir='ltr'>sta-</span> 
     </span>
     <span class='ocr_line' id='line_1_60' title="bbox 1065 2578 1757 2618; baseline -0.003 -8"><span class='ocrx_word' id='word_1_423' title='bbox 1065 2582 1144 2612; x_wconf 85' lang='lat' dir='ltr'>tuit.</span> <span class='ocrx_word' id='word_1_424' title='bbox 1198 2581 1368 2612; x_wconf 78' lang='lat' dir='ltr'>Delictum</span> <span class='ocrx_word' id='word_1_425' title='bbox 1392 2581 1590 2611; x_wconf 79' lang='lat' dir='ltr'>committere</span> <span class='ocrx_word' id='word_1_426' title='bbox 1603 2578 1757 2618; x_wconf 77' lang='lat' dir='ltr'>fortuna·</span> 
     </span>
     <span class='ocr_line' id='line_1_61' title="bbox 1066 2620 1754 2661; baseline -0.004 -9"><span class='ocrx_word' id='word_1_427' title='bbox 1066 2623 1178 2654; x_wconf 81' lang='lat' dir='ltr'>eodem</span> <span class='ocrx_word' id='word_1_428' title='bbox 1203 2623 1298 2654; x_wconf 89' lang='lat' dir='ltr'>modo</span> <span class='ocrx_word' id='word_1_429' title='bbox 1313 2623 1443 2659; x_wconf 85' lang='lat' dir='ltr'>dicitur,</span> <span class='ocrx_word' id='word_1_430' title='bbox 1458 2626 1497 2652; x_wconf 90' lang='lat' dir='ltr'>ut</span> <span class='ocrx_word' id='word_1_431' title='bbox 1506 2622 1696 2661; x_wconf 77' lang='lat' dir='ltr'>permittere</span> <span class='ocrx_word' id='word_1_432' title='bbox 1711 2620 1754 2650; x_wconf 85' lang='lat' dir='ltr'>le-</span> 
     </span>
     <span class='ocr_line' id='line_1_62' title="bbox 1060 2663 1666 2704; baseline -0.007 -8"><span class='ocrx_word' id='word_1_433' title='bbox 1060 2667 1167 2704; x_wconf 59' lang='lat' dir='ltr'>gibus,</span> <span class='ocrx_word' id='word_1_434' title='bbox 1183 2670 1216 2695; x_wconf 87' lang='lat' dir='ltr'>et</span> <span class='ocrx_word' id='word_1_435' title='bbox 1229 2665 1266 2695; x_wconf 86' lang='lat' dir='ltr'>de</span> <span class='ocrx_word' id='word_1_436' title='bbox 1275 2665 1445 2696; x_wconf 83' lang='lat' dir='ltr'>sortitione</span> <span class='ocrx_word' id='word_1_437' title='bbox 1460 2663 1666 2703; x_wconf 73' lang='lat' dir='ltr'>intelligitur.</span> 
     </span>
    </p>
   </div>
   <div class='ocr_carea' id='block_1_7' title="bbox 1111 2707 1762 2738">
    <p class='ocr_par' dir='ltr' id='par_1_12' title="bbox 1111 2707 1762 2738">
     <span class='ocr_line' id='line_1_63' title="bbox 1111 2707 1762 2738; baseline -0.005 -1"><span class='ocrx_word' id='word_1_438' title='bbox 1111 2710 1145 2738; x_wconf 81' lang='lat'>18</span> <span class='ocrx_word' id='word_1_439' title='bbox 1161 2708 1403 2737; x_wconf 76' lang='lat' dir='ltr'>multitudinem</span> <span class='ocrx_word' id='word_1_440' title='bbox 1416 2707 1568 2736; x_wconf 74' lang='lat' dir='ltr'>illicitum</span> <span class='ocrx_word' id='word_1_441' title='bbox 1581 2709 1627 2735; x_wconf 75' lang='lat' dir='ltr'>est</span> <span class='ocrx_word' id='word_1_442' title='bbox 1639 2707 1762 2734; x_wconf 48' lang='lat' dir='ltr'>contra*</span> 
     </span>
    </p>
   </div>
   <div class='ocr_carea' id='block_1_8' title="bbox 1064 2747 1756 2869">
    <p class='ocr_par' dir='ltr' id='par_1_13' title="bbox 1064 2747 1756 2869">
     <span class='ocr_line' id='line_1_64' title="bbox 1064 2747 1751 2789; baseline -0.006 -9"><span class='ocrx_word' id='word_1_443' title='bbox 1064 2749 1181 2789; x_wconf 76' lang='lat' dir='ltr'>dir-ere]</span> <span class='ocrx_word' id='word_1_444' title='bbox 1213 2749 1331 2780; x_wconf 80' lang='lat' dir='ltr'>Contra</span> <span class='ocrx_word' id='word_1_445' title='bbox 1346 2749 1428 2778; x_wconf 78' lang='lat' dir='ltr'>refer</span> <span class='ocrx_word' id='word_1_446' title='bbox 1437 2748 1476 2778; x_wconf 87' lang='lat' dir='ltr'>ad</span> <span class='ocrx_word' id='word_1_447' title='bbox 1492 2747 1733 2778; x_wconf 75' lang='lat' dir='ltr'>multitudinem</span> <span class='ocrx_word' id='word_1_448' title='bbox 1739 2759 1751 2779; x_wconf 87' lang='lat'>‚-</span> 
     </span>
     <span class='ocr_line' id='line_1_65' title="bbox 1065 2789 1756 2822; baseline 0 -1"><span class='ocrx_word' id='word_1_449' title='bbox 1065 2798 1102 2822; x_wconf 87' lang='lat' dir='ltr'>ut</span> <span class='ocrx_word' id='word_1_450' title='bbox 1129 2795 1164 2821; x_wconf 88' lang='lat' dir='ltr'>et</span> <span class='ocrx_word' id='word_1_451' title='bbox 1185 2792 1262 2821; x_wconf 83' lang='lat' dir='ltr'>fecit</span> <span class='ocrx_word' id='word_1_452' title='bbox 1284 2791 1473 2821; x_wconf 83' lang='lat' dir='ltr'>Lambinus.</span> <span class='ocrx_word' id='word_1_453' title='bbox 1518 2789 1580 2820; x_wconf 88' lang='lat' dir='ltr'>Sed</span> <span class='ocrx_word' id='word_1_454' title='bbox 1607 2789 1756 2821; x_wconf 75' lang='lat' dir='ltr'>Graevius</span> 
     </span>
     <span class='ocr_line' id='line_1_66' title="bbox 1064 2833 1637 2869; baseline -0.002 -4"><span class='ocrx_word' id='word_1_455' title='bbox 1064 2833 1164 2865; x_wconf 85' lang='lat' dir='ltr'>edidit</span> <span class='ocrx_word' id='word_1_456' title='bbox 1171 2833 1398 2865; x_wconf 75' lang='lat' dir='ltr'>multitudini:</span> <span class='ocrx_word' id='word_1_457' title='bbox 1419 2833 1571 2864; x_wconf 71' lang='lat' dir='ltr'>illicitum</span> <span class='ocrx_word' id='word_1_458' title='bbox 1582 2835 1637 2869; x_wconf 54' lang='lat' dir='ltr'>est.</span> 
     </span>
    </p>
   </div>
  </div>
 </body>
</html>
