1907 3231
740 134 1108 180 DIVINATIO.
1588 138 1642 174 89

200 255 290 292 sua,
313 240 384 283 sed
407 250 454 282 ut
475 241 606 283 vitam
631 240 896 296 salutemque
919 241 1052 281 totius
1082 237 1318 295 provinciae
1340 236 1639 294 defenderem:

200 313 290 340 sese
304 299 396 355 jam
418 313 472 339 ne
493 299 595 340 deos
616 299 790 353 quidem
820 299 864 340 in
897 297 982 338 suis
1013 297 1207 347 urbibus,
1229 296 1281 336 ad
1303 310 1411 350 quos
1433 295 1641 351 confuge-

198 364 310 407 rent,
330 356 512 398 habere:
544 356 659 411 quod
685 371 834 397 eorum
865 354 1092 397 simulacra
1122 352 1391 395 sanctissima
1414 351 1466 392 C.
1490 350 1689 392 Veri-esb-

199 428 254 455 ex
284 412 470 454 delubris
501 413 833 469 religiosissimis
865 413 1118 454 sustulisset.
1147 426 1252 466 quas
1283 424 1348 450 res
1379 409 1568 450 luxuries
1599 409 1643 449 in

199 470 390 527 flagitiis,
412 471 640 512 crudelitas
672 472 716 512 in
747 469 983 527 suppliciis,
1006 469 1186 510 avaritia
1216 468 1260 510 in
1291 466 1466 523 rapinis,
1498 479 1645 522 super-

197 528 271 569 bia
307 528 350 568 in
384 528 655 571 contumeliis
686 528 856 569 efficere
886 527 1112 584 potuisset,
1145 541 1215 567 eas
1253 539 1401 566 ornnes
1439 537 1530 564 sese
1561 524 1646 564 hoc

198 599 284 626 uno
306 596 491 641 praetore
522 601 597 643 per
627 586 861 627 triennium
891 584 1136 642 pertulisse:
1170 597 1320 639 rogare
1351 591 1394 622 et
1425 595 1560 631 orare,
1591 595 1646 621 ne

197 641 291 684 illos
323 643 536 701 supplices
566 658 828 700 aspernarer,
854 658 976 699 quos,
1006 657 1076 683 me
1107 640 1327 691 incolumi,
1350 639 1511 680 nemini
1543 652 1643 694 sup-

196 699 442 756 plicessesse
472 710 704 758 oporteret.
763 701 860 742 Tuli
884 699 1072 756 graviter
1093 709 1137 740 et
1167 699 1333 749 acerbe,
1358 697 1544 753 judiceS,
1567 685 1687 736 Qin⁶2

197 772 293 798 eum
316 772 385 798 me
406 757 550 800 locum
578 759 829 810 adductum,
851 768 899 799 ut
929 766 1003 798 aut
1024 772 1096 798 eos
1118 756 1314 797 homines
1346 769 1441 811 spes
1462 753 1680 809 falleret‚4

198 815 271 870 qui
293 830 420 871 opem
443 831 468 857 a
488 832 557 858 me
579 826 709 872 atque
739 816 949 858 auxilium
981 815 1213 871 petissent:
1246 822 1321 854 aut
1350 827 1448 868 ego,
1471 812 1544 867 qui
1574 825 1645 852 me

198 872 251 913 ad
272 871 563 916 defendendos
585 874 781 915 homines
812 874 866 914 ab
898 873 1073 914 ineunte
1103 870 1393 912 adolescentia
1417 869 1646 919 dedissem,

198 937 391 986 tempore
424 941 553 988 atque
583 931 728 973 officio
766 939 942 973 coactus
975 931 1030 972 ad
1059 928 1349 971 accusandum
1388 927 1647 968 traducerer.

197 986 428 1041 Dicebam,
458 990 616 1031 habere
637 1004 710 1030 eos
740 998 930 1031 actorem
955 988 1011 1035 Q.
1036 987 1278 1038 Caecilium,
1300 985 1374 1042 qui
1405 984 1648 1042 praesertim

197 1055 387 1099 quaestor
424 1047 467 1088 in
505 1047 653 1089 eadem
694 1046 918 1103 provincia
954 1055 1053 1102 post
1085 1060 1153 1086 me
1186 1053 1446 1100 quaestorem
1478 1041 1647 1083 fuisset.

198 1102 299 1149 Quo
348 1119 430 1161 ego
481 1105 733 1161 adjumento
775 1105 999 1160 sperabam
1037 1103 1149 1144 hanc
1191 1106 1249 1143 Sa
1284 1116 1353 1142 me
1406 1099 1646 1140 molestiam

195 1174 321 1216 posse
343 1161 576 1213 demoveri,
598 1163 641 1203 id
660 1162 768 1203 mihi
789 1170 880 1202 erat
900 1161 1190 1202 adversarium
1211 1159 1414 1200 maxime.
1447 1158 1484 1198 N
1493 1172 1558 1198 am
1585 1156 1646 1198 illi

195 1217 333 1265 multo
355 1219 462 1260 mihi
492 1220 577 1261 hoc
609 1219 778 1261 facilius
809 1219 1086 1269 remisissent,
1109 1219 1142 1258 si
1175 1218 1305 1258 istum
1335 1231 1423 1257 non
1455 1224 1646 1267 nossent,

196 1284 271 1320 aut
301 1277 335 1316 si
367 1276 448 1317 iste
474 1279 589 1334 apud
618 1292 691 1318 eos
720 1286 910 1332 quaestor
942 1291 1029 1317 non
1063 1275 1228 1316 fuisset.
1287 1273 1514 1315 Adductus
1536 1277 1683 1325 sum‚5

188 1331 375 1388 judices,
407 1335 569 1385 officio,
602 1335 699 1385 fide,
730 1334 1038 1383 misericordia,
1070 1332 1304 1373 multorum
1337 1333 1548 1372 bonorum
1570 1345 1647 1372 ex-

196 1391 354 1447 emplo,
376 1392 510 1432 veteri
541 1392 868 1442 consuetudine,
900 1391 1186 1446 institutoque
1216 1390 1446 1444 majorum,
1469 1398 1516 1428 ut
1539 1403 1647 1430 onus
1678 1424 1679 1427 ,

196 1447 280 1489 hoc
301 1448 459 1489 laboris
482 1458 612 1505 atque
633 1450 784 1501 officii,
803 1464 888 1490 non
911 1463 965 1490 ex
988 1463 1100 1499 meo,
1121 1448 1193 1488 scd
1216 1462 1269 1487 ex
1290 1460 1483 1487 meorum
1501 1460 1650 1487 neces-
1675 1464 1678 1466 ·

195 1505 402 1547 sariorum
428 1516 635 1563 tempore,
657 1507 764 1548 mihi
788 1506 1107 1563 suscipiendum
1132 1514 1344 1562 putarem.
1385 1505 1485 1551 Quo
1509 1504 1553 1544 in
1574 1518 1650 1544 ne-

194 1563 318 1618 gotio
340 1573 485 1605 tamen
508 1564 579 1606 illa
599 1580 668 1605 me
690 1579 770 1617 res,
786 1565 973 1621 judiceS,
994 1564 1256 1613 consolatur,
1279 1562 1395 1618 quod
1418 1562 1527 1612 haec,
1551 1577 1649 1616 quae

194 1619 364 1662 videtur
385 1637 477 1663 esse
506 1623 725 1664 accusatio
748 1638 857 1673 mea,
880 1637 968 1662 non
991 1622 1135 1678 potius
1167 1621 1402 1672 accusatio,
1425 1634 1554 1674 quam
1576 1619 1650 1660 de-

194 1676 333 1720 fensio
371 1689 437 1721 est
476 1681 779 1721 existimanda.
843 1679 1042 1721 Defeudo
1081 1679 1197 1721 enim
1236 1677 1395 1719 multos
1434 1675 1649 1729 mortales,

193 1736 350 1778 multas
372 1738 586 1790 civitates,
608 1737 877 1794 provinciam
907 1737 1100 1778 Siciliam
1123 1746 1275 1778 totam.
1337 1735 1650 1786 Quamobrem,

193 1795 212 1823 4
237 1794 272 1834 si
298 1795 407 1836 mihi
438 1811 546 1836 unus
569 1805 635 1837 est
662 1796 944 1847 accusandus,
966 1794 1281 1852 propemodum
1303 1807 1477 1834 manere
1507 1793 1551 1834 in
1582 1793 1649 1833 in-

194 1850 347 1893 stituto
368 1867 466 1894 meo
489 1853 650 1904 videor,
671 1862 715 1895 et
735 1868 823 1895 non
845 1853 1022 1894 omnino
1044 1868 1069 1894 a
1094 1851 1374 1893 defendendis
1396 1850 1647 1892 hominibus

194 1909 554 1965 sublevandisque
585 1911 817 1953 discedere.
879 1911 1048 1958 Quodsi
1079 1910 1191 1951 hanc
1221 1924 1395 1950 causam
1430 1917 1518 1950 tam
1553 1908 1683 1967 ido-6

194 1980 335 2018 neam,
360 1978 447 2009 tam
471 1968 692 2019 illustrem,
715 1977 803 2010 tam
825 1983 1001 2025 gravem
1024 1983 1110 2009 non
1133 1967 1362 2020 haberem3
1395 1966 1429 2007 si
1456 1974 1532 2007 aut
1561 1965 1646 2007 hoc

195 2039 221 2065 a
241 2039 310 2065 me
334 2025 467 2068 Siculi
488 2041 576 2067 non
599 2026 821 2084 petissent,
840 2036 915 2068 aut
935 2026 1043 2067 mihi
1065 2040 1165 2067 cum
1189 2024 1344 2066 Siculis
1366 2039 1496 2065 causa
1514 2032 1648 2065 tantae

194 2084 524 2125 necessitudinis
554 2099 642 2125 non
673 2085 971 2135 intercederet,
992 2093 1036 2124 et
1056 2083 1156 2134 hoc,
1178 2083 1294 2138 quod
1316 2082 1445 2133 facio,
1466 2096 1536 2122 me
1567 2082 1648 2130 rei-
1659 2097 1758 2137 p.56.

195 2140 382 2196 publicae
415 2157 544 2183 causa
574 2142 715 2183 facere
745 2142 983 2198 profiterer,
1007 2149 1053 2182 ut
1085 2141 1216 2182 homo
1248 2139 1454 2196 singulari
1479 2139 1647 2195 cupidi·
1660 2150 1690 2170 λ-

196 2206 298 2249 tate,
331 2199 525 2251 audaci-a,
561 2200 718 2241 scelere
756 2200 978 2255 praeditus,
1011 2199 1135 2254 cujus
1166 2198 1282 2239 furta
1318 2208 1448 2252 atque
1481 2196 1650 2253 flagitia

194 2268 283 2297 non
305 2255 350 2298 in
373 2257 521 2299 Sicilia
542 2257 694 2309 solum,
718 2258 791 2298 sed
820 2257 862 2297 in
885 2256 1067 2307 Achaia,
1089 2255 1210 2308 Asia,
1233 2254 1403 2305 Cilicia,
1427 2253 1650 2311 Pamphy-

193 2312 265 2366 lia,
287 2313 442 2356 Romae
462 2315 649 2371 denique
667 2323 766 2357 ante
785 2314 932 2357 oculos
955 2314 1150 2356 omnium
1169 2313 1362 2355 maxima
1380 2312 1650 2369 turpissima-

233 2474 253 2502 Β
277 2472 311 2502 z'n
336 2482 364 2502 e.
392 2483 444 2503 me
468 2474 490 2503 l.
514 2473 710 2513 adductum]
745 2473 808 2504 ΜΞ.
835 2473 899 2504 Gu.

195 2513 278 2545 Edd.
302 2525 352 2555 pr.
367 2516 499 2552 adduci,
517 2516 598 2547 item
621 2516 788 2556 Inter-pres
806 2522 900 2546 vetus

195 2568 248 2597 ap.
264 2556 372 2588 Graev.
415 2558 517 2588 Aldus
539 2559 664 2599 primus
687 2559 777 2589 dedit
794 2559 901 2589 adda-

196 2604 298 2636 ctum,
314 2601 402 2639 quod
415 2601 516 2631 ceteri
538 2602 642 2632 secuti
663 2607 755 2638 sunt,
779 2606 901 2641 praeter

197 2641 280 2672 Rob.
304 2646 339 2672 et
355 2643 428 2672 Car.
446 2641 559 2683 Steph.
580 2644 635 2683 qui
651 2644 770 2674 adduci
793 2654 899 2674 serva-

943 2473 985 2503 ab
1006 2472 1056 2503 vel
1079 2472 1130 2508 de,
1145 2477 1184 2502 ut
1206 2471 1303 2502 hodie
1326 2474 1459 2501 constat
1481 2470 1569 2502 inter
1591 2471 1649 2502 do·

943 2524 1024 2546 ctos.
1040 2526 1070 2545 ν.
1089 2515 1180 2545 Clav.
1196 2515 1232 2544 in
1247 2514 1426 2544 demovere.
1604 2517 1608 2520 “
1648 2527 1650 2529 >

984 2562 1005 2589 4
1025 2559 1053 2588 si
1069 2558 1151 2587 mihi
1164 2566 1252 2587 unus
1267 2561 1314 2587 est
1328 2556 1411 2596 αοικ]
1451 2555 1562 2586 Sensit
1577 2555 1648 2587 Ho-

926 2605 1122 2631 ›tomannus
1151 2598 1274 2638 aliquid
1301 2598 1506 2629 difficultatis
1533 2598 1568 2629 in
1597 2599 1647 2629 his

942 2643 1059 2673 verbis.
1097 2642 1212 2680 ltaque
1226 2642 1253 2672 si
1269 2641 1396 2682 accepit
1409 2651 1469 2681 pro
1484 2642 1553 2671 etsi.
1584 2641 1651 2672 Sed

196 2689 287 2714 runt.
317 2685 506 2716 Adductum
522 2687 625 2726 magis
641 2686 808 2717 consentit
822 2695 899 2715 con-

197 2727 386 2765 structioni,
405 2732 444 2758 nt
451 2727 900 2770 —falleret—-aut—-tradzc-

195 2778 296 2799 cerer.

242 2814 261 2842 3
284 2822 307 2842 a
328 2813 594 2852 nze—demoveri]
634 2813 686 2843 Sic
710 2812 796 2843 edidi
821 2823 897 2844 cum

197 2853 314 2884 Lamb.
344 2865 401 2894 pro
427 2856 603 2893 dimoveri3
634 2856 720 2895 quod
757 2865 824 2886 non
851 2855 900 2885 lo-

197 2906 272 2927 eum
299 2896 398 2928 habet
419 2897 452 2928 in
475 2898 537 2929 hac
556 2898 802 2930 constructione
824 2908 901 2929 cum

944 2685 977 2715 id
1007 2695 1074 2715 non
1108 2684 1287 2714 satisfacit:
1325 2693 1385 2714 nee
1412 2684 1440 2713 si
1468 2683 1650 2723 intelligas,

942 2738 1030 2758 unus
1054 2728 1156 2758 modo.
1198 2727 1285 2756 Puto
1311 2731 1371 2757 aut
1397 2727 1449 2756 Ῑιίι·
1468 2736 1556 2756 unus
1577 2735 1648 2757 esse

940 2769 1130 2810 legendum,
1153 2773 1212 2799 aut
1235 2769 1365 2806 Verres,
1389 2773 1524 2809 propter
1546 2769 1647 2800 ratio-

942 2823 1019 2843 nem
1041 2813 1276 2850 subjectorum.
1291 2811 1355 2843 Ms.
1372 2812 1434 2842 Gu.
1455 2812 1534 2851 quia
1548 2821 1606 2853 pro
1620 2812 1649 2842 εἰ

942 2855 1061 2886 habet:
1087 2864 1155 2885 non
1169 2853 1266 2885 male.
