1907 3231
517 114 639 154 ACT.
667 115 718 154 11.
753 114 940 153 LIBER
972 114 1254 154 QUINTUS.
1531 120 1608 158 439

157 217 321 260 etenim
341 233 440 260 cum
463 220 664 261 omnibus
696 220 740 261 'm
772 221 912 272 rebus,
935 228 1026 260 tum
1058 219 1102 259 in
1134 219 1353 274 republica
1381 221 1606 279 permagni

159 276 368 317 momenti
399 286 464 318 est
494 278 603 318 ratio
634 288 764 333 atque
790 278 1014 320 inclinatio
1039 285 1282 331 temporum
1300 278 1329 325 2)
1360 291 1515 334 nempe
1536 291 1604 330 eo,

158 346 259 373 eum
274 334 458 391 populus
478 334 702 376 Romanus
719 335 833 376 aliud
855 350 989 392 genus
1010 334 1249 385 hominum,
1269 343 1398 391 atque
1421 337 1458 365 88
1470 335 1602 378 alium

157 390 352 432 ordinem
383 392 437 433 ad
467 406 532 432 res
556 393 815 447 judicandas
844 393 1055 448 requiret:
1086 405 1242 447 nempe
1263 406 1313 432 ea
1334 392 1428 448 lege
1450 392 1502 433 de
1525 393 1600 448 ju-

154 446 281 488 <liciis
304 448 615 506 judicibusque
647 451 768 491 novis
800 451 1088 507 promulgata,
1112 463 1242 504 quam
1265 453 1404 489 8911011
1435 449 1470 490 15
1502 465 1601 505 pro-

155 505 382 560 mulgavit,
408 507 532 563 cujus
565 508 741 550 nomine
773 509 1058 564 proscriptam
1084 507 1251 558 videm,
1281 507 1354 548 sed
1388 507 1458 548 hie
1488 522 1600 549 reus.

154 560 242 612 hic,
266 563 456 619 inquam,
485 581 560 606 sua
583 581 659 622 spe
689 577 818 621 atque
840 566 1061 622 opinione,
1083 579 1211 620 quam
1234 565 1286 606 de
1309 565 1431 606 vobis
1453 564 1600 618 habet,

153 617 295 676 legem
318 621 433 662 illam
456 623 724 665 scribendam
750 623 1193 679 promulgandamque
1216 623 1398 663 curavit.
1447 621 1600 679 Itaque
1616 620 1687 660 178

154 691 255 718 cum
278 679 418 735 primo
441 695 568 736 agere
590 682 820 737 coepimus,
844 681 912 722 lex
940 696 1025 722 non
1049 691 1140 721 erat
1170 680 1468 737 promulgata:
1501 696 1601 723 cum

152 733 249 786 iste,
274 747 413 778 vestra
434 739 660 779 severitate
685 749 921 794 permotus,
942 739 1078 779 multa
1100 738 1224 794 signa
1244 738 1434 789 dederat,
1451 753 1602 794 quam-

153 792 303 835 obrem
325 809 604 850 responsurus
632 811 719 837 non
744 796 972 845 videretur,
997 796 1159 836 mentio
1182 796 1234 836 de
1264 795 1359 852 lege
1390 796 1506 837 nulla
1527 796 1602 838 fie-

153 850 243 891 bat.
305 852 592 908 Posteaquam
625 854 706 894 iste
736 853 915 894 recreari
939 864 982 893 et
1002 852 1247 894 confirmari
1272 854 1387 895 visus
1410 863 1499 906 est3
1530 854 1601 897 lex

153 909 299 950 statim
323 912 596 967 promulgata
617 920 696 952 est.
717 910 787 951 cui
820 910 905 966 legi
928 924 1025 950 cum
1046 913 1086 943 90
1099 920 1239 950 vestra
1260 910 1448 967 dignitas
1474 912 1601 953 vehe-

150 976 317 1008 menter
349 968 610 1019 adversetur,
633 967 756 1009 istius
788 982 884 1024 spes
917 966 1023 1008 falsa
1044 976 1087 1008 et
1118 968 1300 1024 insignis
1331 968 1601 1025 impudentia

150 1025 343 1066 maxime
374 1025 649 1082 suffragatur.
711 1025 801 1066 Hic
832 1026 866 1066 si
898 1025 1002 1080 quid
1033 1026 1115 1067 erit
1144 1026 1423 1067 commissum
1447 1042 1472 1067 a
1493 1042 1599 1083 quo-

149 1095 286 1136 quam·
305 1082 507 1134 vestrum,
529 1083 646 1139 quod
678 1083 1037 1138 reprehendatur:
1071 1092 1145 1124 aut
1165 1086 1201 1117 9Ι
1218 1083 1403 1139 populus
1438 1084 1600 1127 Roma-

149 1153 230 1180 nus
254 1140 474 1194 judicabit
503 1141 556 1182 de
582 1155 634 1181 eo
658 1141 821 1191 ordine,
845 1156 973 1196 quem
999 1141 1095 1196 jam
1126 1151 1252 1182 antea
1275 1141 1455 1197 judiciis
1487 1143 1599 1185 indi-

147 1210 283 1252 gnum
306 1199 501 1254 putavit3
533 1209 608 1239 aut
630 1199 673 1250 ii,
697 1199 786 1254 qui,
811 1209 985 1254 propter
1006 1198 1290 1240 offensionem
1310 1200 1594 1254 judiciorum,

147 1253 202 1294 de
224 1256 440 1296 veteribus
455 1256 680 1311 judicibus
704 1256 799 1312 lege
831 1271 942 1296 nova
964 1257 1065 1296 novi
1090 1257 1262 1312 judices
1284 1268 1409 1298 erunt
1431 1260 1592 1300 consti-

147 1312 245 1353 tuti.
308 1312 424 1354 Mihi
458 1328 600 1369 porro,
623 1323 671 1354 ut
692 1328 774 1369 ego
798 1328 881 1354 non
907 1314 1064 1364 dicam,
1087 1314 1182 1369 quis
1205 1315 1398 1355 omnium
1430 1326 1591 1358 morta·
1604 1310 1676 1364 70

145 1368 251 1411 ]111111
274 1385 361 1411 non
392 1371 610 1427 intelligit,
631 1386 758 1426 quam
790 1371 918 1427 longe
950 1372 1150 1427 progredi
1183 1372 1239 1412 sit
1269 1376 1473 1415 necesse?
1505 1373 1679 1422 P0-17'9

146 1436 238 1470 tero
271 1428 407 1479 silere,
439 1428 677 1470 Hortensi?
709 1438 860 1484 potero
885 1429 1167 1480 dissimulare,
1190 1445 1289 1470 cum
1313 1440 1481 1472 tantum
1504 1446 1591 1473 res-

145 1485 329 1540 publica*
362 1485 514 1527 vulnus
554 1486 784 1541 acceperit,
825 1496 869 1526 ut
907 1486 1111 1541 expilatae
1155 1488 1406 1543 provinciae,
1444 1490 1590 1531 vexati

145 1543 265 1594 socii,
307 1543 367 1584 dii
410 1543 673 1584 immortales
716 1543 904 1599 spoliati,
943 1545 1058 1584 cives
1104 1543 1291 1585 Romani
1331 1546 1510 1588 cruciati
1550 1557 1594 1588 et

142 1601 284 1643 necati
320 1601 512 1657 impune,
543 1616 611 1641 me
642 1611 801 1653 actore,
823 1615 914 1642 esse
942 1602 1197 1645 videantur?
1230 1612 1381 1658 potero
1404 1603 1486 1645 hoc
1509 1618 1593 1661 ego

140 1672 249 1699 onus
271 1668 438 1699 tautum
461 1668 536 1700 aut
567 1660 610 1699 in
644 1658 726 1700 hoc
750 1659 921 1714 judicio
943 1659 1173 1715 deponere,
1195 1671 1271 1701 aut
1300 1661 1462 1702 diutius
1486 1662 1593 1703 taci-

141 1724 210 1756 tus
233 1716 469 1758 sustinere?
502 1731 587 1757 non
616 1716 821 1772 agitanda
844 1731 908 1757 res
931 1717 1038 1760 erit?
1070 1732 1156 1759 non
1191 1718 1234 1758 in
1269 1718 1459 1760 medium
1492 1735 1591 1776 pro-

141 1772 344 1816 ferenda?
367 1789 454 1814 non
476 1774 626 1830 populi
652 1774 836 1815 Romani
861 1774 966 1815 fides
989 1775 1286 1832 imploranda?
1314 1791 1402 1817 non
1425 1792 1590 1830 omnes,

140 1831 215 1886 qui
248 1841 369 1872 tanto
401 1846 444 1872 se
476 1832 632 1873 scelere
659 1833 986 1884 obstrinxerint,
1010 1844 1058 1874 ut
1088 1843 1162 1875 aut
1193 1833 1323 1875 fidem
1351 1849 1471 1876 suam
1494 1850 1590 1877 cor-

140 1889 281 1945 rumpi
307 1897 567 1945 paterentur‚
589 1899 664 1931 aut
687 1890 902 1946 judicium
926 1901 1267 1947 corrumperent,
1291 1892 1334 1932 in
1355 1891 1585 1935 discrimen
1600 1899 1632 1930 P·
1649 1893 1719 1926 273.

139 1961 190 1988 ac
221 1947 439 2001 judicium
472 1948 684 1990 vocandi?
728 1948 907 1995 Quaeret
937 1948 1090 2004 aliquis
1121 1949 1327 1991 fortasse:
1360 1943 1675 2015 tantumne}80

138 2003 273 2060 igitur
294 2004 500 2055 laborem,
522 2014 663 2046 tantas
691 2005 940 2047 inimicitias
965 2016 1030 2048 tot
1061 2007 1287 2048 hominum
1310 2016 1586 2064 suscepturus

137 2064 213 2103 es?
249 2062 349 2103 Non
373 2063 514 2104 studio
538 2063 714 2119 quidem
747 2063 917 2105 hercule
947 2064 1048 2115 ullo,
1072 2079 1210 2121 neque
1232 2065 1478 2107 voluntate:
1512 2066 1585 2108 sed

135 2133 224 2160 non
247 2120 362 2161 idem
384 2120 491 2162 mihi
513 2121 628 2171 licet,
651 2122 765 2177 quod
788 2122 854 2172 iis,
877 2122 949 2178 qui
974 2122 1111 2164 nobili
1141 2137 1298 2179 genere
1332 2123 1421 2163 nati
1455 2134 1555 2165 sunt
1574 2141 1583 2169 :

135 2178 293 2233 quibus
317 2178 464 2219 omnia
496 2178 641 2235 populi
678 2179 865 2222 Romani
900 2180 1108 2221 beneficia
1129 2180 1444 2222 dormientibus
1467 2180 1585 2223 defe-

135 2245 302 2276 runtur.
325 2235 455 2293 longe
478 2236 561 2277 alia
583 2236 688 2277 mihi
712 2236 806 2293 lege
829 2237 872 2277 in
890 2237 973 2279 hac
991 2238 1169 2279 civitate
1190 2247 1234 2279 et
1251 2238 1503 2280 conditione
1523 2240 1585 2280 vi-

133 2293 322 2334 vendum
353 2307 432 2335 est.
496 2294 628 2336 Venit
669 2295 784 2337 enim
824 2295 930 2336 mihi
974 2295 1017 2337 in
1056 2304 1247 2338 mentem
1285 2295 1353 2337 M.
1387 2295 1583 2349 Catonis,

174 2454 215 2483 88
251 2453 358 2484 alium
392 2454 739 2495 ordinem—requiret]
783 2454 834 2485 Sic
879 2459 913 2487 et
927 2454 998 2486 edd.
1015 2460 1095 2486 vett.
1119 2455 1280 2496 quaedam.
1303 2464 1381 2485 nam
1403 2454 1436 2485 id
1455 2452 1581 2496 suffra·

131 2491 230 2530 edidi,
258 2495 328 2526 sine
355 2496 459 2533 libris,
487 2502 522 2528 at
548 2498 749 2529 necessario:
787 2508 835 2528 re-
876 2502 984 2535 gatar
1010 2498 1057 2529 ita
1084 2499 1234 2538 requirit,
1260 2503 1299 2528 ut
1327 2497 1360 2528 id
1383 2498 1484 2529 etiam
1510 2498 1583 2530 sine

131 2535 237 2566 fertur
252 2538 340 2569 enim
363 2539 404 2570 ad
426 2540 527 2571 illud:
550 2541 596 2572 At
619 2551 679 2581 quo
695 2546 837 2580 tempore
880 2541 970 2571 libris
985 2541 1210 2581 reponendum
1224 2545 1320 2571 esset.

121 2576 288 2617 futurum
303 2586 349 2611 est
360 2582 376 2611 ?
919 2587 957 2618 91
980 2593 1058 2623 pop.
1083 2584 1126 2614 R.
1143 2583 1312 2624 judicabit
1334 2582 1373 2612 de
1394 2592 1429 2612 eo
1450 2581 1577 2622 ordine]

175 2623 215 2655 89
237 2632 301 2652 non
324 2625 365 2660 is,
388 2625 484 2665 eujus
509 2625 653 2665 nomine]
684 2625 834 2656 Aurelius
879 2626 930 2655 Sic
946 2636 1004 2666 pro
1019 2628 1147 2656 homine
1160 2626 1243 2656 bene
1257 2624 1386 2663 edidere
1405 2624 1580 2656 Manutius

132 2661 247 2699 Cotta,
273 2666 367 2706 cujus
395 2667 447 2699 lex
470 2668 646 2708 judiciaria
669 2678 708 2698 eo
734 2679 834 2705 anno,
878 2674 911 2698 et
928 2668 1123 2706 Lambinus,
1140 2678 1219 2708 quos
1242 2668 1332 2708 sequi
1348 2677 1461 2698 omnes
1483 2667 1579 2700 debe⁴

132 2704 250 2736 Crasso
271 2714 306 2738 et
327 2709 484 2751 Pompeio
507 2711 598 2742 Coss.
624 2711 837 2752 promulgata
878 2711 970 2741 bant.
1002 2720 1079 2742 nam
1108 2712 1148 2741 de
1174 2712 1302 2741 homine
1328 2710 1510 2751 pertineret
1538 2710 1580 2743 ad

133 2752 195 2778 est·
878 2753 1027 2784 Verrem.
1070 2754 1133 2784 Sed
1147 2753 1186 2783 de
1198 2753 1300 2784 Verre
1315 2753 1429 2785 Cicero
1445 2758 1579 2785 acturus

158 2794 215 2824 -90
237 2797 346 2823 vestra
370 2795 516 2833 dignitas
543 2796 750 2835 adversetur]
783 2797 835 2827 Sic
878 2802 961 2834 erat,
991 2806 1058 2826 non
1093 2796 1192 2827 tribb.
1218 2795 1334 2836 plebis.
1377 2794 1431 2827 Do
1459 2794 1579 2830 prdine

132 2838 220 2864 recte
235 2834 383 2866 Graevius
405 2847 464 2877 pro
485 2838 622 2879 vulgato
644 2839 835 2870 adversare·
877 2848 985 2869 sermo
999 2846 1048 2869 est
1064 2838 1245 2879 judicante.

130 2879 190 2906 tur
203 2875 308 2909 edidit
321 2888 340 2909 e
354 2878 444 2910 libris
467 2890 529 2912 scr.
574 2882 632 2917 Sics
641 2886 675 2913 et
690 2881 755 2912 Μι.
770 2882 834 2912 Cu,

800 2923 910 2966 Ff4
