1907 3231
293 137 370 174 6⁴26
847 128 1099 173 ORATIO
1136 133 1187 171 11.

297 239 501 281 Romano
524 238 808 282 induceretis-2
843 248 890 280 ut
919 239 1066 281 omnia
1087 236 1326 293 municip-ia
1346 237 1625 295 coloniasque
1657 238 1746 282 Ita-

295 297 366 339 liae
406 298 529 339 novis
564 297 728 339 colonis
761 297 1061 352 occuparetis:
1094 305 1142 336 ut
1176 295 1524 352 quibuscumque
1558 297 1602 338 in
1642 296 1747 339 locis

299 355 425 397 vobis
449 354 677 407 videretur,
700 370 750 395 ac
774 368 901 409 quam
927 352 1073 393 multis
1095 353 1326 403 videretur,
1347 353 1540 395 colonias
1561 353 1747 396 colloca-—

236 417 287 452 99
301 413 428 455 retis:
458 421 507 454 ut
527 427 701 454 omnem
728 409 1040 465 rempublicam
1063 410 1215 451 vestris
1245 410 1472 463 militibus,
1494 412 1646 452 vestris
1666 408 1748 453 vm·-

301 471 443 522 bibus,
466 472 617 512 vestris
650 467 863 526 praesidiis
885 467 1134 524 cingeretis,
1156 477 1286 523 atque
1308 482 1558 525 oppressam
1582 479 1747 510 tenere-

298 530 379 571 tis:
418 539 466 570 ut
508 529 649 584 ipsum
682 525 765 567 Cn.
801 524 1076 581 Pompeii-um,
1106 524 1234 580 cujus
1274 527 1476 581 praesidio
1510 527 1748 584 saepissime

296 586 483 643 populus
509 586 732 625 Romanus
746 588 907 623 ‘contra
928 583 1159 634 acerrimos
1182 582 1328 623 hostes
1349 593 1393 624 et
1406 594 1566 625 -contra
1587 586 1749 641 improb

298 644 498 685 bissimos
529 642 646 682 cives
675 643 716 672 ⁶23
731 640 870 681 victor
901 640 1097 694 exstitit,
1120 640 1404 696 proscribere,
1433 650 1563 696 atque
1592 643 1749 684 horum

296 710 532 757 conspectu
557 699 726 755 privare
750 698 932 754 possetis
950 715 959 740 :
985 708 1034 739 ut
1053 697 1164 750 nihil
1185 712 1290 739 auro
1312 706 1356 738 et
1377 709 1559 755 argento
1582 700 1748 751 violari,

296 759 406 799 nihil
435 760 665 798 94numel'0
699 764 743 797 et
772 754 991 812 suffragiis
1020 755 1244 806 declarari,
1277 754 1388 796 nihil
1414 758 1454 787 25
1466 757 1508 797 vi
1539 771 1590 798 ac
1618 772 1749 800 manu

297 815 508 871 perfringi
541 822 701 871 posset,
733 813 850 869 quod
882 828 970 854 non
1003 827 1079 854 vos
1111 827 1365 869 oppressum
1393 821 1523 869 atque
1552 825 1749 872 ereptum

297 874 526 915 teneretis:
561 884 608 915 ut
638 871 876 912 volitaretis
909 872 1073 912 interea
1097 885 1171 927 per
1196 880 1369 926 gentes,
1392 886 1468 928 per
1499 884 1633 928 regna
1646 886 1749 914 om-

296 931 383 982 nia,
405 945 505 971 curn
536 930 721 986 imperio
751 942 935 980 summo,
958 943 1058 970 cum
1085 928 1256 984 judicio
1288 928 1476 981 infinito,
1496 942 1599 971 cum
1624 931 1747 972 ‘omni

299 989 507 1044 pecunia:
541 997 589 1028 ut
622 987 826 1028 veniretis
862 987 908 1027 in
942 996 1083 1028 castra
1117 985 1201 1027 Cn.
1238 986 1454 1043 Pompeii,
1490 997 1621 1043 aitque
1655 988 1749 1044 ipsa

299 1056 453 1097 castra,
489 1046 523 1086 si
560 1046 841 1087 commodum
873 1046 997 1085 vobis
1035 1053 1162 1094 esset,
1199 1045 1467 1086 venderetis:
1499 1054 1548 1086 ut
1581 1046 1750 1087 *interea

300 1104 579 1160 magistratus
601 1103 804 1158 reliquos,
826 1103 996 1158 leg-ibus
1017 1102 1220 1142 omni-bus
1244 1102 1389 1154 soluti,
1411 1103 1504 1143 sine
1534 1112 1651 1144 metu
1677 1103 1751 1159 ju-

256 1161 529 1212 b-diciorum,
552 1161 642 1202 sine
662 1160 868 1217 periculo,
891 1170 1036 1217 petere
1068 1160 1274 1216 possetis:
1310 1170 1357 1200 ut
1386 1174 1514 1202 nemo
1537 1160 1589 1201 ad
1615 1175 1753 1218 popu-

300 1218 388 1260 lum
414 1219 660 1260 Roman-um
687 1233 760 1259 vos
783 1219 823 1249 ⁶26
837 1218 1063 1267 adducere,
1082 1231 1213 1258 nemo
1236 1218 1489 1273 producere,
1511 1233 1598 1259 non
1629 1230 1752 1260 sena-

299 1285 369 1318 tus
392 1290 563 1333 cogere,
595 1287 681 1317 non
704 1275 856 1318 consul
885 1277 1101 1326 coercere,
1135 1289 1221 1316 non
1253 1275 1452 1317 tribunus
1477 1276 1621 1332 'plebis
1642 1277 1752 1318 'reti-

298 1348 400 1376 ner-e
423 1343 584 1391 posset.

214 1402 288 1435 100
360 1393 471 1434 Haec
488 1407 571 1449 ego
591 1407 667 1433 vos
686 1390 957 1446 concupiisse
981 1403 1057 1446 pro
1079 1399 1219 1431 vestra
1241 1389 1425 1431 stultitia
1446 1390 1752 1446 atque'mtem4

299 1451 495 1507 perantia
516 1466 603 1492 non
625 1449 780 1491 miror:
809 1461 1013 1504 sperasse,
1028 1461 1096 1488 me
1113 1448 1304 1499 consule,
1326 1448 1496 1503 assequi
1514 1461 1663 1505 posse,
1676 1449 1752 1490 de-

297 1509 445 1549 miror.
481 1509 592 1550 Nam
617 1522 718 1549 cum
737 1507 933 1548 omnium
951 1506 1176 1546 consulum
1199 1505 1344 1562 gravis
1369 1506 1410 1546 in
1435 1506 1658 1561 republica
1675 1518 1750 1548 cu-

300 1566 527 1607 stodienda
549 1580 652 1607 cura
673 1579 723 1606 ac
745 1563 974 1620 diligentia
991 1562 1120 1604 debet
1141 1576 1248 1614 esse,
1263 1573 1356 1603 tum
1373 1577 1524 1604 eorum
1546 1564 1752 1614 maxime,

300 1624 373 1679 qui
394 1638 480 1664 non
503 1623 544 1663 in
561 1622 804 1672 cunabulis,
823 1622 896 1662 sed
914 1621 958 1660 in
973 1635 1128 1676 campo
1149 1630 1249 1661 sunt
1261 1620 1460 1661 consules
1476 1620 1597 1662 facti.
1630 1621 1749 1662 Nulli

301 1681 464 1738 populo
489 1681 689 1721 Romano
722 1695 799 1736 pro
824 1693 893 1720 me
925 1678 1110 1733 majores
1142 1678 1224 1718 mei
1259 1677 1612 1733 spoponderunt:
1644 1679 1750 1720 mihi

302 1739 511 1780 creditum
536 1749 624 1780 est:
658 1753 682 1778 a
714 1752 782 1778 me
814 1746 974 1793 petere,
999 1736 1115 1791 quod
1146 1736 1299 1785 debeo,
1333 1749 1400 1776 me
1431 1736 1573 1792 ipsum
1603 1737 1751 1792 appel-

301 1796 387 1837 lare
409 1797 590 1837 debetis.
652 1794 1049 1844 Quemadmodum,
1071 1807 1170 1835 cum
1204 1793 1419 1849 petebam,
1443 1792 1548 1834 nulli
1578 1804 1647 1834 me
1677 1808 1753 1835 vo-

302 1854 368 1895 bis
400 1863 597 1895 auctores
631 1853 798 1909 generis
830 1853 913 1892 mei
937 1851 1322 1901 commendarunt;
1354 1850 1432 1901 sic,
1454 1850 1488 1890 si
1511 1850 1614 1905 quid
1646 1851 1753 1892 deli-

304 1925 452 1966 quero,
476 1911 603 1952 nullae
630 1920 729 1952 sunt
761 1910 987 1966 imagines,
1011 1924 1109 1964 quae
1142 1923 1209 1949 me
1241 1923 1266 1948 a
1296 1908 1420 1948 vobis
1441 1907 1748 1963 deprecentur.

216 1960 283 2015 37
304 1971 465 2019 Quare,
495 1970 626 2009 modo
658 1978 705 2009 ut
738 1969 826 2008 vita
857 1977 1085 2023 suppetat3
1116 1969 1152 1999 ι27
1167 1980 1429 2021 quamquam
1461 1979 1543 2021 ego
1575 1981 1669 2007 sum
1701 1966 1754 2018 is,

301 2028 374 2084 qui
406 2042 499 2068 eam
534 2026 692 2083 possim
725 2026 779 2066 ab
812 2025 993 2066 istorum
1026 2023 1182 2065 scelere
1214 2023 1466 2078 insidiisque
1496 2022 1754 2075 defendere,

299 2089 339 2118 528
353 2085 560 2142 polliceor
593 2084 677 2125 hoc
713 2083 851 2134 vobis,
893 2081 1102 2133 Quirites,
1140 2082 1255 2122 bona
1291 2079 1399 2122 fide:
1438 2080 1751 2137 rempublicam

340 2217 380 2246 23
402 2216 505 2245 viceor
531 2214 669 2253 exstitit]
706 2213 784 2244 Non
813 2214 934 2253 placet,
962 2218 1002 2243 ut
1044 2212 1131 2242 tivis.
1177 2211 1217 2242 In
1245 2211 1325 2242 Mss.
1353 2216 1403 2241 est
1427 2211 1540 2241 velata
1567 2219 1613 2241 m.
1638 2214 1675 2241 et
1698 2212 1753 2241 vel

297 2257 383 2294 aliis,
400 2258 542 2293 Graevio,
565 2257 634 2294 sed,
658 2256 737 2296 quid
760 2257 858 2287 verbo
880 2257 1003 2286 exstitit

297 2300 492 2337 substituat,
508 2309 576 2331 non
595 2299 705 2329 habet.

341 2345 382 2374 24
415 2353 551 2374 numero
578 2347 609 2372 et
636 2340 813 2382 suffragiis
840 2339 936 2379 deca]
969 2339 1004 2370 Si

298 2394 377 2415 sana
403 2390 453 2415 est
481 2385 594 2421 lectio,
616 2393 776 2414 numerus
799 2384 939 2413 refertur
964 2382 1005 2412 ad

297 2428 479 2458 sententias
513 2428 706 2462 senatorias,
736 2426 902 2465 ,judicurrn
930 2434 1004 2463 quae

299 2476 539 2508 numerantur-3
563 2469 618 2499 sed
641 2474 674 2499 et
698 2473 916 2499 numerantur
938 2467 1004 2497 suf—

299 2513 404 2551 fragia
433 2513 467 2542 in
497 2511 652 2542 comitiis.
697 2511 813 2550 ltaque
851 2519 918 2540 non
947 2519 1004 2549 pro

299 2560 390 2584 verto
426 2554 577 2591 dixerim,
606 2564 743 2584 numero
770 2563 839 2584 esse
866 2564 885 2583 a
913 2551 1005 2582 Cice-

301 2606 391 2631 rone,
408 2597 446 2627 de
460 2608 523 2636 quo
540 2596 686 2636 plerique
701 2596 908 2626 dubitarunt.
942 2595 1003 2624 Ce-

299 2644 407 2668 terum
435 2645 544 2679 potest
572 2640 741 2669 obscurius
768 2638 899 2674 dixisse,
925 2646 1003 2667 con-

299 2682 471 2712 cinnitatis
489 2682 610 2712 studio.

342 2727 382 2754 ⁶25
405 2725 437 2752 vi
460 2735 500 2754 ac
523 2722 641 2762 manu]
670 2723 744 2754 Hoc
765 2727 816 2752 est
838 2732 857 2752 e
879 2721 1004 2752 Laure-

299 2765 375 2796 dani
403 2769 605 2805 conjectura,
633 2776 733 2804 quam
765 2765 887 2805 recepit
916 2765 1000 2794 Gru-

298 2814 402 2844 terus,
430 2819 496 2838 non
520 2809 599 2838 item
623 2809 785 2844 Graevius,
808 2809 862 2847 qui
888 2812 1000 2837 tamen

299 2851 427 2891 probat.
473 2851 557 2881 Sane
581 2851 676 2881 debet
700 2861 768 2880 esse
793 2850 936 2880 formula
959 2849 1000 2878 si-

298 2893 385 2924 milis
408 2893 629 2934 superioribus
654 2904 671 2924 e
697 2893 824 2924 duobus
849 2892 1000 2923 substan-

1047 2256 1118 2285 lata
1136 2264 1180 2285 m.

1089 2297 1130 2327 526
1153 2296 1328 2333 adducere,
1353 2304 1446 2326 nemo
1461 2294 1658 2335 producere]
1682 2294 1752 2325 Ad-

1047 2339 1164 2369 ducere
1191 2339 1335 2379 pertinet
1368 2338 1410 2368 ad
1432 2337 1596 2377 judicium
1623 2336 1754 2378 populi.

1042 2383 1224 2421 producere
1251 2381 1314 2410 int.
1350 2381 1386 2410 in
1413 2380 1607 2411 concione-m
1640 2390 1662 2410 a
1689 2380 1750 2410 tri-

1047 2425 1150 2461 buno,
1166 2430 1199 2454 et
1223 2424 1426 2462 interrogare
1446 2421 1601 2453 audiente
1625 2421 1749 2462 populo

1049 2468 1107 2497 ἃς.
1133 2477 1163 2496 ν.
1186 2466 1276 2496 Clav.
1329 2464 1457 2496 Deinde
1474 2473 1544 2505 .pro
1564 2465 1666 2504 possit
1692 2473 1750 2494 ne-

1048 2509 1187 2540 cessario
1201 2508 1312 2549 scripsi
1323 2511 1442 2549 posset,
1457 2512 1496 2537 ut
1516 2511 1596 2537 ante
1609 2511 1659 2537 est
1677 2515 1752 2548 pos-

1047 2553 1134 2582 setis.

1088 2595 1127 2627 27
1151 2603 1352 2633 quamquam
1371 2602 1429 2631 ego
1442 2601 1515 2622 sum
1530 2593 1558 2622 is
1568 2589 1647 2631 δια]
1674 2590 1752 2622 Hoc

1045 2641 1096 2666 est
1109 2647 1127 2666 e
1137 2637 1340 2675 conjectura.
1368 2634 1473 2666 Locus
1486 2634 1519 2664 in
1534 2634 1613 2664 Mss.
1627 2639 1662 2664 et
1675 2633 1749 2664 edd.

1046 2683 1128 2709 vett.
1138 2684 1188 2708 est
1202 2678 1482 2718 corruptissimus,
1496 2686 1556 2707 nec
1570 2677 1640 2706 sine
1655 2675 1748 2706 libris

1046 2721 1237 2751 melioribus
1266 2721 1344 2750 satis
1370 2729 1447 2749 cum
1477 2719 1599 2750 fiducia
1627 2718 1749 2758 corrigi

1045 2770 1165 2805 potest.
1210 2763 1251 2793 ln
1267 2762 1327 2793 hac
1344 2762 1486 2793 lectione
1505 2761 1620 2792 malim
1635 2760 1747 2797 scribi,

1045 2817 1073 2846 q.
1099 2816 1163 2836 non
1187 2814 1260 2835 sum
1285 2806 1323 2838 ιἐ.
1369 2804 1517 2835 Graevius
1539 2803 1635 2834 malit
1656 2802 1750 2834 nodo

1044 2859 1103 2888 ego
1118 2850 1180 2878 sim
1195 2849 1254 2878 ἃς.

1087 2893 1127 2922 98
1146 2891 1300 2931 polliceor
1319 2891 1375 2921 hoc
1395 2887 1493 2929 vobis]
1517 2888 1585 2920 <Hic
1607 2886 1689 2929 milii
1704 2887 1765 2918 vi·-
