1907 3231
343 128 422 165 498

942 125 1192 164 ORATIO

346 230 484 272 cultas
514 230 610 281 erit,
634 239 810 287 propter
832 230 1137 278 calamitatem,
1160 240 1299 282 neque
1317 225 1425 274 ,aliis
1454 226 1792 285 voluntas5pro·

286 290 333 326 19
348 299 442 343 pter
491 288 705 330 timorem.
787 288 970 337 Deinde,

1011 285 1128 340 quod
1178 299 1257 326 nos
1297 285 1447 326 eadem
1499 284 1618 337 Asia,
1659 296 1790 342 atque

346 345 461 385 idem
497 340 578 387 iste
620 345 900 387 Mithridates
943 343 1069 384 initio
1115 340 1214 382 belli
1252 340 1436 387 Asiatici
1478 343 1648 396 docuit;
1689 343 1789 389 28id

345 402 521 458 quidem
555 413 670 445 certe
701 402 946 444 calamitate
969 399 1087 441 docti
1117 400 1326 440 memoria
1355 401 1539 442 retinere
1566 400 1789 448 debemus.

342 474 444 501 nam
484 469 590 511 tum,
630 475 728 501 cum
764 460 807 499 in
838 457 945 499 Asia
973 471 1039 498 res
1075 471 1255 512 magnas
1297 458 1498 512 permulti
1541 459 1789 509 amiserant,

345 517 518 569 scimus,
540 518 710 567 Romae,
737 515 951 557 solutione
973 514 1196 570 impedita,
1220 513 1350 556 fidem
1370 516 1627 558 concidisse.

1687 516 1729 558 N
1733 531 1791 560 on

345 575 462 616 enim
503 583 683 631 possunt
724 587 810 613 una
841 573 885 613 in
926 572 1105 614 civitate
1141 571 1265 613 multi
1295 585 1385 613 rem
1425 582 1555 629 atque
1593 573 1791 619 fortunas

347 633 559 681 amittere,
580 640 627 672 ut
647 645 734 671 non
758 629 899 686 plures
930 644 1076 671 secum
1106 629 1152 670 in
1181 627 1362 670 eandem
1393 630 1683 673 calamitatem
1707 641 1792 673 tra-

349 690 468 730 hant.

538 688 578 728 A
615 703 702 743 quo
736 687 927 744 periculo
960 687 1189 752 prohibete
1230 687 1557 743 rempublicam,
1597 698 1644 734 et,
1680 688 1789 730 mihi

350 747 526 797 credite,
547 745 589 786 id
609 745 727 801 quod
750 745 830 801 ipsi
851 745 1022 786 videtis,
1044 745 1140 786 haec
1170 744 1291 794 fides
1322 752 1451 799 atque
1472 745 1567 788 haec
1587 746 1699 787 ratio
1717 759 1793 802 pe-

307 801 590 854 bcumarum,
618 818 716 858 quae
751 802 921 854 Romae,
944 818 1042 858 quae
1065 803 1110 844 in
1140 801 1236 843 foro
1266 812 1472 854 versatur,
1493 803 1705 860 implicita
1725 811 1793 845 est

347 876 447 902 cum
469 861 552 902 illis
574 861 767 917 pecuniis
789 859 995 902 Asiaticis
1026 868 1071 901 et
1101 859 1307 902 cohaeret.
1335 874 1457 901 ruere
1482 860 1554 902 illa
1571 875 1670 906 ‚non
1690 876 1793 917 pos-

345 927 460 969 sunt,
482 928 531 959 ut
548 918 643 960 haec
661 933 750 959 non
771 919 924 960 eodem
941 917 1202 960 labefactata
1219 926 1340 958 motu
1355 917 1602 960 concidant.
1645 918 1794 965 Quare

345 977 503 1027 videte,
525 991 629 1017 num
663 976 951 1017 dubitandum
974 975 1097 1017 vobis
1133 975 1204 1026 sit,
1237 975 1356 1015 omni
1383 976 1528 1017 studio
1560 976 1615 1018 ad
1636 976 1682 1018 id
1702 974 1797 1022 bel-

346 1034 435 1075 lum
459 1035 724 1084 incumbere,
743 1034 787 1074 in
801 1048 887 1089 quo
905 1033 1043 1089 gloria
1060 1033 1249 1074 nominis
1263 1033 1410 1084 vestri,
1428 1033 1541 1074 salus
1558 1033 1793 1086 sociorum,

346 1091 578 1139 vectiealia
612 1091 818 1142 maxima,
840 1090 1027 1136 fortunae
1051 1090 1334 1147 plurimorum
1363 1091 1526 1134 civium
1546 1093 1793 1145 29cumi1e-

349 1138 526 1205 publiEa
545 1147 845 1191 defendantur.

303 1194 336 1241 8
407 1207 628 1254 Quoniam
669 1207 722 1248 de
763 1221 921 1263 genere
958 1205 1057 1247 belli
1093 1205 1203 1254 dixi,
1242 1220 1358 1247 nunc
1400 1206 1454 1248 de
1489 1205 1794 1263 magnitudine

284 1267 337 1301 20
350 1279 487 1320 pauca
507 1264 663 1306 dicam.
726 1264 880 1306 Potest
909 1264 1023 1305 enim
1054 1263 1138 1305 hoc
1170 1263 1282 1305 dici:
1315 1263 1415 1305 belli
1450 1278 1587 1320 genus
1617 1277 1711 1307 esse
1730 1263 1795 1305 ita

345 1322 649 1373 necessarium,
672 1330 720 1363 ut
741 1322 797 1363 sit
818 1322 1070 1379 gerendum,
1091 1336 1179 1363 non
1210 1335 1302 1362 esse
1332 1321 1393 1362 ita
1412 1336 1638 1378 magnum,
1667 1329 1716 1363 ut
1737 1320 1799 1367 sit,

344 1380 750 1436 pertimescendum.

819 1380 871 1421 In
901 1395 988 1436 quo
1026 1379 1217 1420 maxime
1249 1379 1533 1424 laborandum
1570 1389 1652 1430 est,
1687 1380 1794 1421 3⁰ne

344 1437 458 1478 forte
480 1453 505 1478 a
522 1439 662 1489 vobis,
684 1453 782 1494 quae
813 1437 1144 1494 diligentissime
1166 1437 1433 1492 providenda
1460 1446 1576 1489 sunt,
1595 1444 1793 1489 contem-

343 1495 486 1537 nenda
507 1510 598 1537 esse
627 1496 868 1537 videantur.

927 1494 1087 1551 Atque,
1110 1504 1158 1535 ut
1188 1509 1338 1536 omnes
1369 1494 1629 1550 intelligant,
1650 1508 1721 1539 me
1736 1493 1791 1537 L.

347 1552 529 1594 Lucullo
568 1562 736 1595 tantum
778 1553 1000 1610 impertire
1040 1552 1192 1603 laudis,
1221 1561 1432 1607 quantum
1466 1552 1570 1594 forti
1601 1552 1710 1603 viro,
1748 1559 1793 1592 et

345 1613 383 1641 31
398 1610 716 1667 sapientissimo
730 1610 912 1662 homini,
924 1620 968 1652 et
980 1625 1140 1666 magno
1154 1609 1405 1666 imperatori
1427 1610 1655 1652 debeatur:
1675 1609 1792 1659 dico,

343 1667 439 1723 ejus
462 1668 650 1709 adventu
670 1671 711 1700 32
723 1668 936 1711 maximas
958 1667 1232 1711 Mithridatis
1254 1668 1418 1724 copias,
1439 1669 1643 1710 omnibus
1663 1667 1791 1710 rebus

388 1785 428 1815 28
444 1782 480 1813 id
491 1783 618 1823 quidem
636 1784 677 1822 c.]
703 1784 755 1814 Sic
771 1784 805 1814 in
820 1784 891 1814 edd.
909 1794 958 1825 pr.
974 1783 1048 1814 sola

346 1825 396 1856 ed.
417 1829 505 1856 1430.
522 1825 634 1864 habet,
657 1825 712 1856 sed
736 1836 792 1866 per
815 1826 1045 1867 compendium

346 1868 518 1909 scriptum,
534 1866 610 1910 q3',
637 1879 714 1899 cum
737 1869 821 1908 quod
844 1869 1049 1910 exprimatur

348 1909 409 1953 39.
454 1910 536 1941 Aliae
572 1921 688 1941 omnes
715 1911 751 1941 id
775 1912 868 1951 quod.
925 1911 990 1942 Sed
1014 1911 1046 1941 id

346 1962 434 1984 stare
469 1962 536 1983 non
561 1957 686 1994 potest,
714 1954 774 1984 nisi
798 1958 876 1985 ante
899 1953 1049 1985 deleatur

346 1996 442 2036 quud,
457 1996 491 2027 in
506 1995 569 2026 his:
595 1996 724 2027 Deinde
736 1997 820 2036 quod
830 2007 887 2028 nos
898 1997 980 2028 Asia
994 1997 1047 2026 do-

350 2040 429 2069 cuit.
460 2038 504 2069 Et
519 2039 611 2069 abest
619 2049 696 2069 sane
709 2039 794 2078 quod
805 2040 845 2070 ab
856 2039 906 2070 ed.
922 2039 1048 2070 Juntae.

349 2081 412 2112 Sed
436 2081 508 2112 haec
535 2081 654 2117 forma,
677 2081 762 2122 quot]
789 2091 844 2112 nos
871 2082 992 2117 docuit,
1014 2081 1050 2111 a'd

347 2123 478 2163 quidem
499 2128 596 2160 certe,
620 2128 670 2154 est
693 2123 888 2162 elegantior.
933 2124 1048 2162 ltaque

338 2165 384 2200 jd
395 2167 537 2205 quidem,
554 2166 640 2205 quod
655 2177 672 2196 e
684 2165 779 2196 bonis
802 2167 892 2197 libris
906 2173 968 2203 est,
984 2176 1049 2197 ser-

355 2209 427 2238 vavi
442 2218 517 2238 eum
532 2208 698 2239 Manutio.

391 2253 432 2285 29
454 2261 530 2281 eum
542 2261 612 2291 rep.
629 2250 867 2291 defenduntur]
905 2252 957 2281 Sic
971 2251 1051 2282 editi

350 2303 475 2324 omnes.
519 2292 600 2324 Tres
616 2293 694 2323 Mss.
712 2294 829 2334 optimi
845 2294 956 2325 iVerd.
972 2293 1048 2323 Hit-

348 2340 436 2376 torp.
452 2336 520 2365 Erf.
536 2346 563 2366 e.
581 2347 608 2366 r.
623 2334 801 2376 coly'auctoe
813 2335 1048 2377 defendantur,

349 2378 437 2416 quod
450 2383 484 2408 et
499 2378 643 2409 Grutero
666 2378 830 2418 placebat,
854 2386 889 2409 et
903 2378 1050 2410 defendit

350 2419 482 2451 Modius
504 2431 556 2460 ep.
572 2424 623 2455 97.
665 2421 795 2457 *Putant
808 2421 890 2452 bene
912 2430 1050 2452 consen·

349 2463 413 2493 tire
428 2464 659 2503 superioribus.
704 2464 736 2493 Si
751 2463 886 2495 verbum
899 2463 1050 2494 additum

349 2503 450 2535 habet
466 2506 613 2537 veritatis
629 2505 762 2545 aliquid,
778 2506 875 2536 credo
889 2507 1051 2547 scriptum

350 2556 419 2581 esse
445 2548 561 2578 vitiose
583 2558 642 2588 pro
668 2547 850 2588 conjuncte,
872 2554 912 2578 ut
935 2549 976 2579 ad
999 2549 1052 2578 de-

339 2587 438 2628 Jend.
455 2591 626 2621 referatur.
671 2590 734 2620 Sed
756 2589 788 2620 id
811 2591 959 2628 verbum,
982 2591 1049 2621 sive

350 2630 542 2672 conjunctoe,
558 2633 624 2663 sive
636 2631 818 2673 conjuncte,
833 2632 977 2672 glossam
999 2642 1050 2664 sa-

333 2673 410 2715 ·pit.
426 2673 647 2714 defendantur
669 2675 788 2715 recepi,
811 2675 974 2714 quomodo
997 2675 1051 2706 Ci-

350 2724 504 2746 ceronem
540 2718 716 2755 scripsisse,
752 2727 881 2758 semper
919 2719 1045 2758 putavi.

350 2766 429 2799 nain
445 2759 491 2789 ita
507 2760 590 2790 ratio
604 2759 781 2790 latinitatis
797 2760 953 2799 postulat.

391 2803 434 2831 30
455 2810 496 2831 ne
497 2800 594 2841 jbrte
608 2812 629 2832 α
642 2801 742 2840 vobis]
781 2800 975 2840 Lambinus,
991 2813 1048 2834 au-

349 2846 441 2874 ctore
456 2842 686 2881 Hotomanno‚
702 2843 798 2883 ejecit
811 2854 845 2881 α,
868 2844 956 2884 quod
969 2855 1048 2876 sane

349 2883 577 2917 duriusculum
602 2892 665 2924 est,
693 2887 759 2917 sive
785 2886 829 2919 ad
843 2888 1049 2927 povuidenda

1091 1782 1265 1820 referatur,
1283 1784 1350 1814 sive
1377 1783 1418 1815 ad
1443 1783 1691 1820 contemnenda,
1713 1791 1791 1813 nus-

1090 1826 1177 1865 piam
1195 1827 1311 1865 reperi‚
1329 1828 1386 1857 hoe
1408 1837 1429 1857 a
1446 1837 1498 1858 me
1519 1824 1791 1858 contemnendum

1089 1868 1232 1899 videtur.
1270 1868 1368 1900 Forte
1379 1874 1413 1900 et
1427 1869 1545 1900 melius
1558 1870 1615 1906 sit,
1628 1871 1794 1899 emcemm

1090 1921 1154 1941 esse
1167 1921 1198 1942 v.
1242 1911 1296 1942 Ita
1321 1922 1343 1942 α
1366 1913 1454 1943 vohis
1473 1917 1603 1943 rectum
1623 1911 1694 1943 sit..
1719 1909 1793 1942 Sal-

1080 1959 1158 1986 tem
1172 1958 1207 1984 et
1221 1963 1286 1984 esse
1300 1954 1490 1992 deleverim,
1503 1956 1530 1986 si
1545 1964 1567 1985 a
1580 1953 1740 1986 deleatur.
1774 1974 1776 1979 ·

1134 1998 1172 2026 31
1196 1998 1437 2037 sapientissimo
1458 1996 1598 2036 homini]
1643 1995 1796 2026 Graevius

1090 2049 1108 2069 e
1123 2038 1203 2070 Mss.
1226 2039 1344 2070 colon.
1367 2045 1402 2071 et
1425 2040 1495 2070 Erf.
1521 2039 1613 2070 dedit
1635 2038 1791 2078 smpiemi,

1091 2081 1179 2121 quod
1190 2086 1239 2112 est
1254 2081 1294 2113 ad
1308 2083 1569 2114 concinnitatem
1584 2081 1715 2122 aptius-
1729 2080 1792 2112 Sed

1093 2124 1214 2155 retinui
1241 2126 1489 2164 sapientissimo,
1516 2124 1594 2164 quia
1619 2123 1698 2155 licet
1722 2132 1792 2154 sus-

1092 2167 1207 2206 picari,
1233 2168 1279 2197 sic
1303 2167 1419 2199 dixisse
1447 2168 1640 2198 Ciceronem
1662 2175 1793 2197 accom-

1093 2209 1226 2239 modate
1240 2209 1281 2240 ad
1293 2211 1408 2250 populi
1422 2215 1458 2241 et
1480 2209 1648 2249 vulgarem
1670 2208 1710 2239 de
1725 2207 1792 2239 Lu-

1094 2251 1184 2281 cullo
1198 2252 1402 2291 opinionem,
1418 2262 1493 2293 quae
1505 2253 1536 2282 ei
1557 2250 1746 2282 doctrinam
1756 2254 1793 2281 et

1091 2294 1288 2334 sapientiam
1316 2304 1480 2326 summam
1512 2293 1792 2334 tribuebat‚*non

1092 2346 1205 2376 parem
1235 2337 1467 2368 fortitudinem
1491 2341 1526 2367 et
1547 2336 1721 2366 scientiam
1743 2335 1793 2369 rei

1094 2378 1265 2409 militaris:
1296 2380 1374 2419 quia
1403 2379 1558 2411 militiam
1581 2387 1650 2408 non
1672 2377 1799 2418 attige-

1094 2424 1157 2452 rat.
1168 2431 1197 2451 ν.
1214 2422 1280 2452 Cic.
1296 2423 1331 2452 in
1342 2423 1442 2454 Acad.
1456 2422 1496 2453 L.
1513 2421 1557 2451 11.
1572 2421 1680 2462 princ.

1134 2465 1176 2495 32
1197 2466 1364 2496 maximas
1387 2463 1556 2503 Mithrid]
1602 2463 1666 2494 Ms.
1693 2463 1792 2499 Verd,

1092 2505 1194 2537 habet
1223 2507 1429 2544 lmthridati,
1459 2506 1547 2546 quod
1580 2505 1793 2540 Guilielmius

1094 2557 1154 2588 pro
1167 2550 1305 2589 antiquo
1327 2550 1472 2589 genitivo
1488 2548 1599 2580 habet.
1642 2549 1727 2580 Mihi
1742 2559 1793 2580 re-

1092 2591 1178 2622 ctius
1201 2591 1262 2622 hoc
1282 2592 1413 2622 videtur
1435 2591 1584 2631 vulgato,
1608 2591 1666 2622 sed
1686 2596 1726 2622 ut
1747 2592 1796 2627 sit?

1092 2633 1238 2664 dativus:
1263 2643 1376 2664 sensus
1388 2634 1428 2665 fit
1442 2635 1576 2665 melior:
1602 2633 1800 2673 Mithridati

1093 2677 1197 2716 copiae
1205 2677 1359 2707 maximae
1371 2676 1476 2713 fuere,
1486 2682 1521 2707 et
1535 2685 1595 2713 eae,
1608 2675 1644 2706 in
1658 2685 1725 2716 quo
1738 2685 1793 2707 ca—

1089 2724 1151 2758 put
1165 2720 1211 2750 rei
1234 2724 1296 2755 est,
1310 2719 1463 2750 omnibus
1478 2719 1573 2750 rebus
1588 2719 1609 2749 i.
1626 2722 1661 2748 et
1674 2727 1705 2749 o.
1749 2719 1794 2751 In

1091 2761 1174 2791 Edd.
1188 2766 1266 2792 ante
1275 2762 1455 2792 Gruterum
1474 2761 1629 2801 vulgatis,
1643 2761 1789 2801 primum

1091 2803 1126 2833 in
1150 2803 1294 2835 «Iuntina
1313 2804 1496 2834 et‘victor.
1519 2802 1596 2834 inde
1619 2803 1654 2833 in
1673 2803 1792 2835 ceteris

1093 2845 1242 2876 additum
1270 2852 1320 2877 est
1340 2846 1375 2876 in
1402 2847 1469 2877 fine
1482 2843 1625 2877 deletas.-
1657 2854 1790 2886 nempe,

1091 2888 1148 2928 qui
1182 2887 1246 2919 hoe
1282 2888 1430 2930 primum
1456 2888 1609 2926 addebat,
1636 2887 1793 2930 putabat,
