1907 3231
704 121 1076 165 DIVINATIO.
1568 133 1621 172 97

183 228 227 271 id
249 230 365 286 quod
397 230 442 271 in
474 229 686 285 ejusmodi
721 245 792 273 reo
820 230 1010 271 maxime
1044 231 1329 273 necessarium
1367 240 1445 282 est,
1480 232 1620 275 facere

179 297 227 328 ut
257 302 353 343 quae
395 286 464 327 ille
494 288 737 338 libidinose,
779 303 876 343 quae
924 288 1100 339 nefarie,
1142 303 1239 343 quae
1289 289 1530 340 crudeliter,
1569 305 1620 332 ea

181 358 303 400 aeque
341 345 496 390 acerba
528 354 571 386 et
604 345 783 401 indigna
815 345 1040 386 videantur
1072 360 1163 386 esse
1200 346 1266 398 iis,
1305 346 1378 401 qui
1425 347 1614 399 audient,

178 412 306 458 atque
348 401 442 442 illis*
474 403 566 443 visa
614 413 728 453 sunt,
775 403 850 458 qui
893 405 1139 445 senserunt?
1201 402 1369 459 Magna
1410 413 1510 444 sunt
1549 417 1676 455 ea,39

175 474 274 515 quae
304 459 417 509 dico,
439 459 546 500 mihi
577 461 727 502 crede:
758 459 846 501 noli
878 459 972 501 haec
1005 469 1294 501 contemnere.
1325 461 1520 511 dicenda,
1543 462 1616 502 de-

177 516 468 567 monstranda,
499 517 757 573 explicanda
785 528 884 558 sunt
913 518 1081 560 omnia:
1113 533 1243 559 causa
1271 533 1358 559 non
1382 518 1519 558 solum
1541 531 1618 559 ex-

176 574 389 630 ponenda,
412 574 484 616 sed
519 575 651 616 etiam
685 575 874 631 graviter
901 576 1161 631 copioseque
1191 575 1358 632 agenda
1390 584 1468 615 est.
1491 576 1620 631 perfi-

176 630 377 672 ciendum
399 641 477 683 est,
501 633 534 673 si
556 633 660 688 quid
678 636 714 666 21
732 646 858 689 agere
879 642 953 673 aut
973 632 1176 688 perficere
1198 634 1276 683 vis,
1292 643 1338 674 ut
1360 633 1556 674 homines
1577 642 1619 674 te

177 703 264 729 non
294 688 432 729 solum
460 690 651 741 audiant,
682 695 829 732 verum
861 691 992 730 etiam
1028 690 1211 731 libenter
1239 691 1514 746 studioseque
1543 705 1617 731 au-

177 745 313 786 diant.
375 745 427 786 In
458 762 543 802 quo
578 747 611 788 si
635 757 677 788 te
706 747 889 788 multum
919 757 1072 788 natura
1102 748 1351 803 adjuvaret3
1383 748 1415 788 si
1439 748 1658 804 optimisp.
1674 755 1726 785 61.

177 817 202 844 a
224 803 409 858 pueritia
427 805 666 860 disciplinis
688 813 816 860 atque
838 805 1001 846 artibus
1031 805 1279 855 studuisses,
1301 815 1344 846 et
1378 806 1421 845 in
1444 805 1510 845 his
1533 805 1617 846 ela·
1631 809 1660 829 a.

179 860 393 914 borasses;
425 862 460 903 si
482 862 644 904 litteras
669 861 845 903 Graecas
877 861 1077 912 Athenis,
1099 877 1187 904 non
1222 862 1418 918 Lilybaei,
1444 863 1618 904 Latinas

179 916 348 969 Rornae,
380 933 467 960 non
503 920 547 960 in
578 919 738 970 Sicilia,
768 919 1014 961 didicisses:
1060 929 1204 961 tamen
1245 928 1356 961 esset
1396 934 1618 976 magnum,

178 982 343 1018 tantam
381 992 567 1027 causam,
606 986 695 1017 tam
728 985 1040 1033 exspectatam,
1063 990 1107 1018 et
1139 977 1364 1033 diligentia
1395 979 1616 1033 consequi,

176 1041 220 1074 et
252 1034 461 1075 memoria
499 1033 746 1090 complecti,
787 1043 831 1075 et
867 1035 1305 1090 ratione'exponere,
1344 1044 1388 1076 et
1426 1050 1532 1076 voce
1572 1044 1616 1076 et

177 1090 341 1133 viribus
372 1091 594 1133 sustinere.
644 1091 842 1133 Fortasse
872 1092 1003 1143 dices,
1037 1092 1184 1138 Quid?
1231 1107 1335 1149 ergo
1376 1093 1472 1133 haec
1508 1094 1553 1134 in
1574 1103 1615 1134 te
1630 1099 1680 1135 40

178 1158 277 1190 sunt
306 1149 478 1190 omnia?
518 1150 684 1190 utinam
713 1149 888 1205 quidem
925 1151 1090 1192 essent!
1130 1160 1423 1191 verumtamen
1448 1160 1497 1191 ut
1528 1166 1619 1192 esse

177 1215 368 1262 possent,
410 1221 570 1263 magno
612 1207 755 1248 studio
796 1207 903 1247 mihi
946 1223 971 1247 a
1010 1207 1194 1263 pueritia
1234 1217 1300 1248 est
1336 1208 1619 1250 elaboratum.

178 1263 348 1310 Quodsi
387 1278 469 1321 ego
519 1264 628 1315 haee,
672 1274 849 1321 propter
886 1264 1232 1320 magnitudinem
1271 1280 1413 1305 rerum
1446 1281 1496 1306 ac
1537 1266 1623 1307 dif-

179 1321 430 1373 ficultatem,
456 1322 624 1377 assequi
656 1336 745 1362 non
769 1321 906 1377 potui,
929 1322 1002 1377 qui
1033 1322 1077 1362 in
1109 1322 1227 1363 omni
1250 1323 1340 1363 vita
1370 1323 1477 1363 nihil
1507 1324 1622 1364 aliud

178 1378 272 1435 egi3
313 1394 444 1434 quam
463 1379 592 1435 longe
623 1388 669 1420 tu
692 1388 734 1419 te
765 1380 819 1419 ab
849 1379 915 1420 his
951 1380 1077 1420 rebus
1102 1381 1250 1421 abesse
1273 1380 1494 1430 arbitrare,
1517 1396 1621 1436 quas

177 1449 265 1482 non
299 1437 430 1478 modo
469 1445 596 1477 antea
635 1451 871 1492 numquam
913 1437 1133 1493 cogitasti,
1173 1438 1246 1478 sed
1283 1452 1337 1478 ne
1378 1452 1493 1479 nunc
1526 1439 1623 1494 qui-

176 1494 289 1546 dem,
327 1509 426 1536 cum
457 1494 501 1535 in
540 1509 610 1535 eas
648 1494 899 1551 ingrederiS,
933 1509 1030 1550 quae
1062 1503 1106 1535 et
1138 1503 1312 1550 quantae
1349 1495 1449 1546 sint,
1483 1497 1621 1552 suspi-

177 1552 266 1594 cari
288 1554 440 1609 potes?
472 1550 582 1608 Ego,
605 1553 693 1608 qui,
709 1552 821 1594 sicut
841 1567 990 1593 omnes
1009 1552 1165 1603 sciunt,
1180 1553 1223 1593 in
1247 1552 1341 1593 foro
1354 1553 1619 1609 'judiciisque
1639 1541 1702 1591 13

168 1610 238 1667 ¹ita
266 1624 421 1661 verser,
454 1619 502 1650 ut
532 1610 725 1665 ejusdem
758 1610 898 1651 aetatis
935 1619 1009 1651 aut
1049 1624 1176 1651 nemo
1216 1619 1291 1651 aut
1318 1610 1444 1667 pauci
1478 1610 1677 1666 plures4l

176 1682 325 1710 causas
358 1666 653 1720 defenderint,
702 1675 747 1709 et
783 1667 857 1723 qui
890 1682 1018 1709 omne
1060 1676 1244 1724 tempus,
1278 1668 1393 1723 quod
1424 1669 1531 1709 mihi
1564 1670 1619 1710 ab

177 1725 416 1767 amicorum
437 1725 625 1781 negotiis
647 1726 786 1775 datur,
810 1726 854 1766 in
876 1724 942 1766 his
966 1725 1118 1766 studiis
1140 1725 1444 1781 laboribusque
1466 1741 1623 1767 consu-

176 1798 307 1833 mam,
320 1797 407 1838 quo
422 1783 619 1839 paratior
638 1783 692 1824 ad
705 1798 828 1824 usum
852 1783 1080 1834 forensem,
1094 1783 1391 1839 promtiorque
1412 1798 1503 1824 esse
1525 1800 1625 1840 pos-

178 1841 285 1892 sim;
318 1849 476 1891 tamen,
506 1840 568 1881 ita
595 1840 697 1882 deos
718 1841 827 1882 mihi
849 1840 977 1881 velim
1001 1841 1229 1897 propitios,
1252 1849 1313 1892 ut,
1336 1856 1434 1882 eum
1457 1841 1623 1882 millius

177 1897 383 1954 temporis
415 1897 523 1939 mihi
556 1898 676 1939 venit
707 1898 750 1940 in
783 1907 987 1950 mentem,
1011 1913 1096 1954 quo
1129 1898 1214 1949 die,
1236 1898 1371 1939 citato
1404 1914 1491 1948 reo,
1513 1899 1621 1940 mihi

177 1956 410 1998 dicendum
433 1956 503 2007 sit,
524 1970 612 1996 non
633 1955 772 1997 solum
793 1970 1070 1997 commoveor
1091 1956 1251 2006 animo,
1276 1956 1349 1996 sed
1371 1957 1501 1996 etiam
1525 1966 1620 1998 toto

176 2027 358 2070 corpore
377 2013 670 2069 perhorresco.
730 2013 758 2056 J
763 2028 832 2056 am
860 2028 976 2055 nune
997 2023 1142 2054 mente
1164 2021 1209 2054 et
1230 2013 1499 2069 cogitatione
1521 2029 1619 2070 pro-
1631 2018 1680 2051 42

177 2072 331 2129 spicio,
351 2085 448 2127 quae
471 2080 564 2111 tum
586 2071 728 2112 studia
747 2071 988 2121 hominum,
1007 2072 1081 2126 qui
1104 2086 1337 2113 concursus
1355 2070 1487 2111 futuri
1509 2071 1618 2113 sint:

178 2137 385 2186 quantam
423 2128 794 2185 exspectationem
834 2129 1092 2185 magnitudo
1123 2128 1281 2183 judicii
1325 2129 1381 2169 sit
1421 2126 1621 2170 allatura:

178 2195 386 2244 quantam
415 2186 662 2228 auditorum
691 2186 1012 2228 multitudinem
1037 2185 1089 2227 C.
1109 2186 1254 2227 Verris
1276 2185 1456 2226 infamia
1477 2186 1625 2227 conci-

180 2254 344 2297 tatura:
377 2253 583 2299 quantam
608 2244 793 2299 denique
819 2244 1080 2285 audientiam
1105 2243 1290 2284 orationi
1319 2257 1428 2283 meac
1462 2243 1624 2299 impro—

178 2303 290 2344 bitas
327 2301 440 2342 illius
471 2301 653 2343 factura.
726 2301 838 2348 Quae
870 2315 970 2342 cum
1002 2301 1166 2357 cogito,
1192 2300 1287 2356 jam
1322 2315 1437 2341 nunc
1475 2300 1623 2351 timeo,

178 2360 385 2417 quidnam
398 2374 476 2415 pro
495 2359 733 2400 offensione
755 2359 996 2410 hominum,
1019 2359 1092 2414 qui
1116 2358 1176 2399 illi
1196 2357 1361 2398 inimici
1381 2356 1624 2413 infensique

181 2426 295 2470 sunt,
317 2426 362 2458 et
388 2417 714 2473 exspectatione
737 2416 946 2468 omnium,
976 2424 1019 2457 et
1046 2415 1347 2472 magnitudine
1386 2429 1528 2456 rerum
1557 2415 1623 2456 di-

179 2565 246 2597 bris
268 2564 393 2595 duobus
415 2561 539 2594 addidit
553 2567 596 2601 te,
616 2567 810 2602 secutusque
832 2565 883 2593 est
921 2571 1010 2601 gere.

180 2617 256 2638 cum
279 2607 350 2638 aliis
372 2605 530 2637 Graevius.
575 2607 662 2646 Quia
686 2606 719 2636 id
742 2614 809 2635 non
832 2610 882 2635 est
966 2606 1006 2635 22⁶2
1022 2604 1112 2634 illius
1125 2603 1291 2643 diei—quo
1303 2600 1368 2642 die]
1397 2601 1480 2633 Edd.
1500 2610 1549 2644 pr.
1563 2601 1622 2633 ha-

184 2649 413 2685 necessarium,
424 2659 499 2679 cum
514 2653 592 2679 ante
600 2651 675 2688 jam
683 2648 727 2678 sit
740 2651 771 2678 te
778 2657 882 2687 posse,
925 2646 1005 2677 bent
1022 2646 1231 2685 temporis-‚ut
1244 2645 1308 2676 Ms.
1322 2646 1384 2675 Gu.
1402 2646 1436 2676 P.
1450 2645 1623 2676 Manutius

183 2700 250 2724 non
265 2701 338 2722 sum
351 2690 500 2722 imitatus
515 2691 693 2721 Graevium.
925 2686 1013 2719 dedit
1025 2689 1086 2718 diez·
1099 2699 1137 2718 ex
1152 2688 1304 2718 Asconio.
1348 2687 1393 2718 Et
1407 2693 1455 2718 est
1473 2697 1549 2719 sane
1562 2687 1625 2717 hoc

225 2736 262 2765 ‘21
280 2743 380 2772 agere
393 2738 454 2764 aut
470 2733 642 2774 perficere]
672 2733 725 2763 Sic
741 2731 814 2763 edd.
831 2742 881 2772 pr.
926 2731 1017 2761 valde
1034 2730 1307 2768 Ciceronianum3
1330 2730 1385 2760 sed
1397 2735 1510 2761 tamen
1524 2729 1642 2760 libros*

181 2784 250 2806 non
271 2776 440 2815 prqficere,
465 2780 504 2805 ut
539 2775 746 2806 recentiores.
782 2779 882 2806 recte.
927 2773 1035 2813 plures
1051 2778 1181 2803 secutus
1197 2783 1270 2803 sum
1280 2782 1354 2803 curn
1369 2773 1507 2803 Graevio.
1533 2772 1625 2802 Inso-

184 2827 262 2848 nam
272 2817 430 2858 prqficere
451 2818 498 2848 nil
521 2817 631 2848 differt
653 2818 693 2847 ab
708 2826 824 2856 agere.-
847 2817 881 2847 in
926 2816 1030 2847 lentia
1052 2815 1167 2845 formae
1190 2814 1302 2853 hujus,
1321 2815 1412 2845 illius
1432 2815 1626 2854 temporis——

175 2859 335 2901 perficere
356 2864 469 2890 autem
494 2860 567 2901 plus
590 2864 654 2897 est,
677 2869 775 2899 quam
789 2860 828 2890 in
844 2869 880 2890 a·
924 2869 985 2899 quo
997 2859 1059 2895 die,
1074 2857 1201 2889 videtur
1215 2858 1451 2888 correctionem
1465 2857 1624 2897 genuisse.

242 2926 350 2954 VOL.
375 2926 430 2954 11.
612 2953 615 2954 ⁷
891 2925 921 2952 H
