1907 3231
331 146 407 184 7'14

925 142 1170 181 ORATIO

330 245 462 295 lisses,
484 246 755 298 existimasti,
777 254 819 287 te
846 246 1015 301 utrique
1036 245 1209 302 negotio
1230 245 1474 288 satisfacere
1504 252 1653 304 posse?
1683 263 1755 291 ve-

329 301 551 343 hementer
571 303 733 344 errasti.
763 304 857 358 quis
878 305 993 344 enim
1014 303 1103 343 dies
1131 302 1226 353 fuit,
1250 314 1525 359 posteaquam
1558 307 1599 347 in
1631 306 1756 348 istam

330 360 558 400 accusandi
580 361 946 402 denuntiationem
969 360 1181 414 ingressus
1203 374 1261 410 eS,
1283 375 1406 415 quem
1433 371 1476 402 tu
1509 377 1592 403 non
1616 372 1755 405 totum

283 407 373 455 3111
397 416 478 457 ista
500 418 663 459 ratione
685 416 994 458 consumseris?
1029 416 1188 472 Legem
1210 417 1394 458 ambitus
1417 418 1637 475 flagitasti,
1658 434 1755 474 quae

330 472 409 513 tibi
447 488 532 515 non
564 475 720 516 deerat.
755 482 845 514 erat
878 472 990 512 enim
1028 473 1290 513 severissime
1319 475 1478 531 scripta
1511 475 1757 531 Calpurnia.

329 542 473 583 gestus
495 541 559 571 est
579 546 669 572 mos
692 539 735 571 et
757 529 964 570 voluntati
985 538 1029 569 et
1048 529 1249 585 dignitati
1270 538 1371 571 tuae.
1393 533 1464 572 sed
1484 541 1575 573 tota
1595 532 1665 575 illa
1685 532 1755 574 lex

328 588 643 628 accusationem
667 598 798 637 tuam,
819 587 854 627 si
885 586 1060 626 haberes
1083 595 1308 627 nocentem
1331 600 1462 639 reum,
1486 588 1663 630 fortasse
1693 603 1759 630 ar-

265 647 310 683 47
329 655 506 684 masset:
541 644 739 699 petitioni
774 657 873 684 vero
903 642 1118 699 refragata
1147 652 1225 683 est.

1284 646 1321 676 91
1341 643 1481 685 Poena
1512 647 1681 701 gravior
1713 646 1758 687 in

327 699 493 754 plebem
517 710 589 741 tua
613 715 716 742 voce
737 700 974 756 efflagitata
993 709 1071 740 est.
1094 700 1300 740 commoti
1321 701 1452 741 animi
1472 711 1570 743 sunt
1591 703 1758 744 tenuio-

325 770 434 796 rum.

496 756 706 798 Exsilium
729 758 773 798 in
795 767 987 797 nostrum
1009 757 1226 798 ordinem:
1258 758 1470 798 concessit
1491 768 1660 800 senatus
1681 773 1759 815 po-

327 811 545 853 stulationi
586 823 696 856 tuae:
738 814 808 856 sed
847 829 935 855 non
970 813 1152 854 libenter
1181 813 1395 855 duriorem
1423 814 1608 857 fortunae
1643 830 1761 857 com-

325 870 444 910 muni
468 870 774 922 conditionem,
799 881 839 911 te
859 880 1047 921 auctore,
1068 871 1308 912 constituit.
1357 873 1398 906 92
1410 871 1558 913 Morbi
1581 886 1760 913 excusa-

328 926 436 966 tioni
468 940 598 981 poena
627 929 772 969 addita
800 937 887 969 est:
922 927 1116 968 voluntas
1146 927 1309 968 offensa
1334 928 1582 980 multorum,
1604 929 1760 984 quibus

329 993 403 1023 aut
432 993 582 1024 contra
613 984 857 1026 valitudinis
879 984 1154 1025 commodum
1183 984 1461 1025 laborandum
1483 994 1562 1036 est,
1593 994 1667 1026 aut
1696 986 1762 1026 in-

284 1040 559 1081 b·commodo
598 1042 736 1082 morbi
779 1042 907 1082 etiam
948 1041 1080 1082 ceteri
1126 1041 1227 1081 vitae
1268 1041 1431 1082 fructus
1480 1041 1760 1097 relinquendi.

330 1097 448 1143 Quid
481 1101 611 1153 ergo?
641 1101 681 1133 93
696 1099 789 1139 haec
821 1099 916 1154 quis
950 1097 1074 1139 tulit?
1114 1097 1163 1148 is,
1192 1098 1263 1152 qui
1298 1098 1543 1139 auctoritati
1573 1108 1759 1150 senatus,

327 1153 539 1194 voluntati
564 1164 648 1196 tuae
672 1156 837 1211 paruit:
870 1155 1053 1209 denique
1074 1154 1109 1194 is
1132 1155 1244 1205 tulit,
1265 1157 1306 1189 94
1319 1155 1386 1195 cui
1409 1156 1587 1196 minime
1608 1156 1760 1211 prode·

327 1220 436 1251 rant.

498 1210 590 1262 Illa,
612 1227 708 1267 quae
731 1226 826 1252 mea
847 1226 1012 1253 summa
1035 1211 1254 1252 voluntate
1285 1221 1454 1252 senatus
1476 1212 1673 1267 frequens
1695 1227 1760 1253 re-

326 1267 536 1322 pudiavit,
568 1269 840 1310 mediocriter
869 1270 1092 1309 adversata
1113 1269 1192 1310 tibi
1214 1282 1304 1309 esse
1325 1269 1574 1310 existimas?
1603 1272 1644 1303 95
1657 1283 1761 1310 con-

325 1324 538 1365 fusionem
570 1325 870 1382 suffragiorum
901 1325 1120 1381 flagitasti,
1145 1326 1492 1381 prorogationem
1522 1325 1628 1383 legis
1659 1325 1760 1367 Ma-

324 1381 455 1431 niliae,
479 1383 764 1437 aequationem
788 1382 954 1439 gratiae,
976 1383 1215 1438 dignitatis,
1239 1383 1554 1438 suffragiorum.
1601 1382 1759 1424 Gravi-

323 1447 388 1478 ter
411 1439 603 1480 homines
633 1439 817 1491 honesti,
839 1449 967 1494 atque
998 1440 1039 1480 in
1065 1439 1149 1480 suis
1171 1440 1419 1480 civitatibus
1440 1448 1484 1481 et
1511 1440 1759 1496 municipiis

323 1496 502 1550 gratiosi
525 1497 726 1547 tulerunt,
749 1512 774 1537 a
795 1497 869 1537 tali
892 1497 981 1536 viro
1003 1510 1094 1536 esse
1115 1506 1370 1552 pugnatum,
1393 1504 1442 1537 ut
1462 1511 1610 1538 omnes
1630 1506 1675 1537 et
1694 1496 1759 1537 di-

323 1553 501 1608 gnitatis
523 1563 566 1594 et
592 1553 743 1610 gratiae
775 1553 930 1609 gradus
953 1552 1215 1594 tollerentur.

362 1695 399 1725 91
420 1691 526 1723 Poemz
538 1694 674 1732 gravior
689 1694 723 1723 in
732 1692 871 1732 plebem]
899 1693 937 1723 In
960 1693 1019 1722 ho-

320 1735 424 1764 mines
440 1736 618 1771 tenuiores,
638 1745 751 1775 operas
774 1740 971 1774 campestres
985 1739 1019 1765 et

319 1775 412 1813 alios,
428 1777 482 1815 qui
503 1778 677 1807 servissent
692 1777 875 1808 Candidato
893 1778 928 1808 in
950 1787 1020 1807 am-

320 1817 403 1847 bitu.
418 1829 446 1847 v.
463 1829 490 1848 c.
508 1821 558 1849 352.

361 1861 401 1891 92
428 1860 537 1890 Morbi
563 1860 773 1900 excusationi]
812 1860 951 1890 Haerent
983 1864 1017 1891 et

319 1900 485 1932 fluctuant
506 1903 541 1932 in
563 1902 624 1932 hoc
643 1902 848 1943 explicando.
894 1903 927 1933 P.
945 1903 1017 1933 Ma-

319 1943 404 1974 nutii
433 1944 564 1983 quidem
592 1945 675 1974 ratio
707 1945 748 1975 ad
776 1944 910 1974 comitia
937 1945 1018 1975 refe-

318 1985 433 2022 rentis,
464 1987 553 2025 quasi
584 1987 757 2017 necessitas
789 1987 942 2027 imposita
969 1997 1017 2016 es-

318 2030 369 2057 set
404 2028 629 2057 obeundorum
664 2029 886 2064 comitiorum,
924 2028 1016 2059 valde

318 2068 427 2099 aliena
440 2078 500 2100 est.
544 2071 657 2100 Sermo
673 2076 721 2100 est
745 2071 783 2100 de
806 2071 948 2100 ambitus
962 2071 1017 2109 ju-

319 2109 415 2141 dicio.
460 2112 575 2151 Itaque
604 2112 808 2142 referendum
835 2117 885 2142 est
911 2121 950 2142 ne
977 2112 1018 2142 ad

301 2160 410 2183 ‘reum
427 2153 575 2192 quidem:
601 2163 666 2183 non
690 2155 863 2194 patiuntur
883 2163 1018 2193 sequen-

318 2195 386 2223 tia:
423 2195 479 2225 sed
514 2195 555 2226 ad
590 2199 703 2232 testes,
739 2195 778 2225 ad
807 2195 947 2234 judices,
977 2196 1017 2226 ad

320 2240 458 2274 ceteros,
485 2247 624 2275 quorum
659 2237 835 2277 praescntia
861 2248 942 2278 opus
968 2242 1018 2267 est

320 2281 502 2308 accusatori
522 2279 561 2309 ad
576 2279 798 2309 damnandum
815 2289 918 2310 reum.
963 2279 1018 2310 ln-

319 2319 408 2349 dicat
444 2322 577 2350 verbum
615 2322 774 2359 laborare.
816 2321 919 2351 Ceteri·
945 2322 1018 2351 vitoe

309 2360 462 2400 ,siut-tus,
478 2363 531 2402 qui
548 2362 749 2402 relinquendi
769 2363 835 2393 sint
850 2364 1017 2393 excusanti

322 2404 485 2441 morbum,
501 2405 660 2441 indicant,
676 2414 805 2445 poenam
824 2405 1018 2444 pertinuisse

322 2454 372 2481 eo,
401 2451 452 2482 ut,
488 2447 541 2485 qni
578 2447 638 2477 hac
674 2447 882 2477 excusatione
918 2447 952 2476 in
981 2457 1019 2477 ca

322 2496 434 2516 caussa
459 2492 620 2524 uteretur,
646 2489 673 2518 is
702 2489 742 2518 ab
769 2489 958 2525 honoribus,
986 2494 1019 2518 et

322 2528 393 2558 aliis
409 2530 587 2560 commodis
601 2530 678 2560 civis
693 2531 732 2561 R.
746 2530 982 2560 excluderetur.

363 2572 404 2604 93
428 2572 492 2600 Izcr’e
506 2572 575 2610 quis
590 2573 667 2602 tulit
677 2573 692 2601 .?
714 2572 754 2610 is]
780 2571 1019 2611 Intelligendus

321 2612 389 2650 ipse
405 2611 529 2649 Cicer-0,
547 2624 575 2644 v.
594 2613 713 2651 mavis,
735 2614 770 2644 in
790 2613 877 2653 Lege
895 2614 1018 2645 Tullia.

322 2659 355 2683 et
369 2654 443 2683 infr.
459 2664 486 2683 c.
502 2656 553 2685 32.

364 2697 406 2729 94
427 2697 479 2725 cui
504 2698 636 2727 minime
656 2696 851 2736 proderant]
883 2697 1018 2727 Guiliel-

322 2736 407 2766 mius
422 2738 561 2776 conjecit
572 2740 774 2778 proharunt,·
800 2749 917 2779 nempe
932 2739 1016 2770 hanc

321 2778 440 2817 legem,
461 2780 514 2817 qui
540 2780 615 2810 ferri
638 2781 791 2811 volebant
814 2792 832 2812 a
855 2781 1014 2811 Consule:

322 2826 379 2850 aut
393 2821 562 2851 intellecto
577 2832 618 2852 se.
663 2822 700 2852 Id
714 2827 762 2853 est
779 2822 901 2853 durius.
936 2823 1017 2853 Vul.

321 2868 435 2901 gatum
458 2863 589 2903 quidem
604 2874 716 2895 verum
739 2874 806 2896 non
828 2870 887 2895 est.
925 2865 1015 2896 Cice-

1276 1552 1397 1593 Idem
1418 1553 1615 1595 editicios
1638 1553 1758 1609 judi·

1061 1693 1132 1723 roni
1157 1691 1286 1731 quidem
1312 1693 1376 1722 ista
1401 1702 1468 1723 non
1497 1693 1673 1729 nocebant,
1699 1697 1759 1724 aut

1062 1738 1178 1765 nocere
1207 1738 1371 1773 poterant.
1415 1736 1467 1764 An
1493 1735 1678 1774 proderat?
1712 1744 1758 1765 sc.

1061 1776 1142 1806 talia
1166 1776 1292 1812 tulisse,
1316 1776 1402 1815 quod
1423 1776 1512 1807 illius
1537 1777 1617 1816 legis
1637 1775 1759 1808 invidia

1061 1819 1095 1848 in
1110 1819 1214 1858 ipsum
1232 1817 1400 1854 recideret,
1416 1819 1470 1857 qui
1488 1818 1629 1849 tulisset.

1101 1863 1141 1894 95
1157 1859 1371 1899 consinsionem
1385 1859 1654 1900 ruffin—prora&
1677 1861 1759 1899 legia¹

1059 1902 1223 1941 stlanilioe]
1262 1902 1313 1932 De
1348 1903 1538 1932 confusione
1573 1903 1662 1933 suffr.
1692 1902 1757 1933 vid.

1061 1944 1152 1975 Clav.
1177 1944 1210 1974 in
1229 1943 1381 1983 cotffusio.
1425 1943 1488 1975 Sed
1502 1945 1692 1984 prorogatio
1715 1946 1758 1975 le-

1057 1987 1111 2024 gis
1135 1986 1284 2017 Maniliae
1306 1986 1446 2017 oratorie
1469 1990 1503 2016 et
1528 1986 1684 2017 invidiose
1709 1986 1757 2017 di-

1060 2033 1114 2058 cta
1135 2032 1185 2058 est
1207 2039 1226 2058 a
1248 2027 1414 2058 Cicerone.
1460 2026 1622 2068 Sulpicius
1645 2032 1757 2068 postu-

1060 2068 1156 2105 larat,
1171 2074 1208 2100 ut
1229 2070 1263 2099 in
1277 2070 1468 2100 centuriatis
1482 2070 1623 2100 comitiis
1642 2069 1757 2100 suffra-

1060 2112 1113 2149 gia
1147 2112 1337 2142 infimorum
1367 2112 1485 2142 civium
1517 2111 1654 2142 eandem
1690 2113 1757 2142 vim

1060 2153 1231 2189 haberent,
1247 2164 1283 2183 ac
1305 2158 1502 2190 ceterorum,
1517 2154 1572 2194 qui
1594 2154 1628 2183 in
1643 2158 1758 2184 centu-

1061 2196 1115 2225 riis
1131 2195 1281 2225 classium
1296 2195 1438 2235 primum
1453 2195 1608 2235 suffrag-ia
1619 2195 1755 2226 ferrent.

1060 2237 1099 2267 Id
1134 2237 1338 2277 postulatum
1373 2238 1449 2276 quia
1483 2237 1589 2268 simile
1617 2242 1689 2268 erat
1712 2237 1756 2274 ei,

1059 2280 1146 2318 quod
1181 2278 1338 2310 Manilius
1367 2285 1510 2318 rogarat,
1540 2283 1579 2309 ut
1610 2278 1755 2311 libertini

1061 2321 1095 2350 in
1111 2322 1262 2352 omnibus
1282 2321 1431 2352 tribubus
1454 2321 1607 2360 suffragia
1619 2321 1756 2358 ferrent,

1061 2363 1203 2393 comitiis
1238 2363 1383 2401 tributis,
1420 2362 1452 2393 id
1484 2367 1653 2402 comparat
1679 2371 1756 2394 cum

1062 2404 1131 2444 lege
1160 2404 1298 2435 Manilia
1326 2413 1360 2436 et
1395 2406 1462 2443 ejus
1490 2404 1755 2445 prorogationem

1061 2446 1226 2486 appellat;
1251 2457 1325 2477 cum
1348 2446 1510 2486 Sulpicius
1533 2446 1662 2486 proprie
1684 2446 1755 2484 ejus

1062 2488 1141 2527 legis
1167 2489 1431 2528 prorogationem
1459 2498 1524 2518 non
1547 2487 1756 2527 postulasset,

1062 2539 1121 2560 nec
1157 2531 1224 2570 ejus
1260 2531 1340 2570 legis
1369 2531 1570 2561 mentionem
1605 2529 1755 2559 fecisset:

1062 2582 1126 2610 qua
1148 2582 1181 2602 re
1205 2572 1361 2603 invidiam
1374 2573 1455 2603 facit
1475 2571 1618 2611 Sulpicio
1632 2576 1666 2601 et
1687 2572 1755 2609 ejus

1062 2614 1239 2653 postulato,
1292 2615 1379 2645 Nam
1413 2613 1465 2644 lex
1500 2613 1640 2643 Manilia
1663 2612 1756 2643 valde

1061 2656 1164 2685 invisa
1179 2656 1286 2688 fuerat
1307 2655 1534 2696 optimatibus,
1549 2659 1587 2685 ut
1609 2658 1702 2694 patet
1716 2664 1756 2685 ex

1060 2698 1199 2728 Asconio
1226 2699 1260 2728 in
1286 2697 1529 2733 Cornelhrnam,
1558 2695 1634 2736 quia
1660 2695 1757 2726 liber-

1058 2740 1146 2770 tinos
1170 2740 1319 2779 ingenuis
1340 2748 1432 2780 pares
1453 2738 1605 2775 faciebat,
1623 2742 1663 2768 ut
1683 2737 1757 2768 ino-

1060 2790 1132 2812 111111
1167 2781 1395 2812 benevolentia
1421 2790 1488 2811 non
1516 2780 1624 2812 minus
1657 2789 1756 2819 quam

1059 2828 1245 2859 ceterorum
1259 2828 1476 2865 expeteretur,
