1907 3231
344 168 430 204 646·

898 166 1158 206 ORATIO
1200 166 1232 203 1.

395 275 460 312 est,
485 274 520 305 et
539 270 659 307 Silani
687 273 902 308 sententiam
927 273 1137 307 severiorem
1165 270 1294 305 leniori
1330 269 1482 306 Coesaris
1512 269 1778 318 praeferendam

395 333 468 357 esse
486 322 644 359 docebat.
692 323 788 359 Eum
805 325 933 360 deinde
950 326 1155 358 consecutus
1175 321 1265 358 Cato
1282 321 1391 369 plane
1406 322 1515 357 solvit
1535 321 1684 357 Caesaris
1697 333 1777 357 sen-

396 375 557 410 tentiam.
598 375 667 411 Est
685 376 809 423 itaque
827 377 862 410 in
882 374 1003 409 Silani
1020 378 1054 409 et
1076 373 1223 410 Catonis
1235 375 1451 410 sententiam
1469 373 1776 422 SCtumfactum,

393 427 559 473 atque-in
572 439 713 463 carcere
728 427 944 473 supplicium
961 426 1004 461 de
1031 424 1231 471 conjuratis
1253 430 1422 465 sumtum.
1478 426 1556 466 Quo
1573 424 1696 473 sacto,
1716 425 1780 460 clo-

393 490 491 514 mum
505 483 712 526 pergentem
731 479 914 513 universus
931 481 1075 513 senatus
1099 481 1132 512 et
1147 477 1303 525 populus
1321 481 1373 513 est
1387 482 1608 525 prosecutus,
1630 487 1779 524 eumque

396 530 684 566 Conservatorem
705 541 775 564 uon
795 529 898 564 modo
917 534 951 564 et
968 528 1228 569 Liberatoeem,
1248 529 1310 564 sed
1324 531 1481 576 primum
1502 530 1612 565 etiam
1627 529 1779 564 Patrem

395 582 536 618 Patriae
551 582 761 629 appellavit,
783 592 861 615 cum
881 582 1018 621 interea
1037 582 1112 620 vice,
1131 592 1198 627 per
1215 592 1304 628 quas
1320 580 1409 622 ibat,
1426 582 1516 617 laetis
1534 581 1664 628 ubique
1680 581 1778 627 igni-

395 634 456 670 bus
479 634 704 669 collucerent.

772 631 860 667 Hoec
877 631 989 681 facta
1011 637 1094 668 sunt
1117 632 1232 668 Nonis
1252 632 1440 668 Decembr.
1488 634 1609 680 Atque
1628 632 1682 668 hae
1695 635 1780 667 sunt

395 687 469 721 illoe
499 685 622 726 Nonoe,
643 696 797 732 quarum
816 686 1152 720 commemoratione
1166 685 1283 726 toties,
1306 695 1419 731 neque
1437 685 1628 725 immerito,
1651 684 1778 719 Cicero

392 738 584 784 gloriatur.

683 885 754 932 M.
792 885 1028 933 TULLII
1061 883 1432 932 CICERONIS

509 1060 591 1134 L.
676 996 1085 1126 CATIIN

1099 1059 1619 1126 LINAM

929 1167 967 1214 P
985 1168 1029 1215 R
1045 1168 1065 1214 Ι
1084 1168 1139 1214 M
1158 1169 1216 1225 A,

684 1259 967 1303 HABITA
1012 1260 1090 1301 IN
1135 1260 1163 1301 S
1182 1259 1443 1303 ENATU.

757 1365 958 1402 ORATIO
985 1365 1359 1405 NONADECIMA.

930 1452 1206 1474 ψ,-

302 1514 326 1560 1
349 1492 711 1568 QUOUSQUE
743 1506 913 1546 tandem
945 1506 1136 1556 abutere,
1160 1504 1361 1557 Catilina,
1385 1507 1593 1561 patientia
1613 1511 1784 1551 nostra?

313 1564 551 1622 lqu‘amdiu
583 1564 711 1604 etiam
745 1563 863 1603 furor
884 1563 964 1603 iste
995 1570 1092 1602 tuus
1125 1577 1200 1618 nos
1223 1562 1389 1604 eludet?
1420 1578 1546 1618 quem
1577 1565 1630 1606 ad
1653 1566 1782 1607 finem

346 1638 436 1666 sese
456 1619 890 1675 leffrenatajactabit
910 1618 1115 1660 audacia?
1147 1619 1308 1660 nihilne
1330 1630 1370 1660 te
1394 1630 1650 1662 nocturnum
1673 1637 1784 1678 prae-

345 1682 502 1723 sidium
548 1677 718 1728 Palatii,
759 1676 868 1716 nihil
909 1676 1026 1716 urbis
1068 1676 1241 1731 vigiliae,
1276 1677 1413 1717 2nihil
1453 1678 1581 1719 timor
1619 1679 1782 1734 populi,

344 1738 453 1780 nihil
489 1750 720 1777 concursus
755 1735 966 1775 bonorum
1000 1733 1336 1783 omnium‚11ihil
1370 1734 1441 1774 hic
1470 1736 1782 1776 munitissimus

343 1799 363 1826 3
388 1793 572 1835 habendi
597 1801 767 1832 senatus
798 1791 932 1841 loeus,
954 1789 1062 1831 nihil
1078 1789 1261 1830 ⁴horum
1293 1805 1368 1831 ora
1390 1791 1615 1847 vultusque
1635 1807 1784 1834 move-

345 1855 469 1894 runt?
494 1860 637 1906 patere
659 1858 733 1889 tua
753 1848 933 1889 consilia
953 1862 1039 1888 non
1060 1847 1217 1890 sentis?
1239 1849 1624 1904 const1·ictamjam
1643 1851 1783 1891 omni-

348 1925 420 1950 um
451 1908 605 1948 horum
635 1905 901 1948 conscientia
933 1905 1063 1945 teneri
1096 1905 1440 1959 conjurationem
1463 1914 1581 1947 tuam
1610 1921 1698 1948 non
1720 1907 1783 1948 vi-

346 1967 451 2008 des?
482 1964 584 2020 quid
618 1963 830 2020 proxima,
853 1961 955 2016 quid
988 1961 1203 2017 superiore
1238 1970 1366 2002 nocte
1402 1963 1554 2018 egeris,
1584 1964 1659 2005 ubi
1691 1963 1784 2005 fne-

347 2024 418 2074 ris,
441 2037 547 2078 quos
576 2019 895 2068 convocaveris,
916 2019 1017 2074 quid
1041 2019 1207 2059 consilii
1239 2019 1416 2074 ceperis,
1438 2035 1565 2075 quem
1586 2020 1783 2062 nostrum

310 2082 545 2137 Qignorare
566 2077 812 2118 arbitraris?
845 2076 885 2117 O
907 2077 1120 2132 tempora!
1156 2091 1181 2116 o
1203 2077 1366 2117 mores!
1399 2078 1580 2118 Senatus
1602 2077 1697 2119 haec
1718 2079 1783 2118 in-

347 2137 518 2194 telligit,
540 2135 690 2177 consul
711 2134 852 2175 videt:
886 2133 956 2174 hic
978 2142 1120 2174 tamen
1143 2133 1265 2174 vivit.
1317 2135 1335 2163 5
1352 2133 1498 2176 Vivit?
1529 2135 1662 2176 immo
1681 2149 1781 2177 vero

389 2263 402 2290 1
427 2255 686 2299 effrenatajact.
703 2255 796 2296 auch]
823 2255 974 2286 Arbitror
989 2253 1042 2284 ad-

344 2301 487 2332 dendum
499 2305 570 2336 tua,
580 2299 666 2339 quod
676 2299 834 2338 absorpsit
845 2297 952 2327 finalis
962 2306 1044 2337 prae-

345 2344 490 2374 cedentis
512 2342 611 2372 verbi.
656 2342 708 2371 Sic
734 2346 812 2370 ante
823 2339 930 2379 ιἢινον
955 2345 1043 2375 tuus,

346 2386 432 2416 infra
446 2396 474 2416 c.
495 2388 541 2415 10.
562 2385 634 2414 init.
657 2388 717 2413 tua
738 2384 802 2412 ism
824 2383 985 2422 cupiditas
998 2380 1045 2420 ‹gf-

334 2427 492 2467 J‘renom.
547 2427 591 2456 Et
621 2426 740 2462 oratio,
767 2434 864 2455 sensu
892 2434 978 2462 meo,
1007 2424 1046 2453 fit

346 2470 550 2500 concinnior.

390 2514 409 2542 2
432 2512 516 2541 nihil
537 2511 635 2541 timor
652 2519 688 2550 p.
710 2519 742 2539 n.
774 2507 959 2547 concursus]
988 2505 1042 2537 Τι’-

345 2563 418 2585 mm*
434 2554 547 2593 populi
562 2557 610 2583 est
633 2551 828 2591 suspicantis
843 2555 875 2580 et
892 2550 1042 2580 timentis

347 2596 458 2633 gravia
471 2594 570 2631 mala,
584 2604 679 2633 quem
703 2593 905 2623 sermonibus
929 2601 995 2630 prae
1009 2601 1042 2622 se

347 2638 494 2668 ferebat:
519 2646 692 2667 concursus
714 2634 824 2665 antem
849 2636 896 2664 ita
909 2633 1042 2671 dicitur,

347 2685 386 2709 ut
408 2680 621 2715 concursatio,
637 2687 710 2718 quae
732 2682 782 2707 est
803 2676 1042 2715 trepidantium

346 2725 382 2751 et
410 2720 637 2750 sollicitorum.
664 2730 695 2750 v.
717 2719 806 2749 clav.
852 2718 941 2749 Male
970 2717 1043 2747 libri

346 2762 480 2803 quidam
496 2772 675 2798 cousensus,
691 2761 777 2801 quod
799 2765 832 2791 et
847 2760 1044 2800 Quintiliani

346 2805 422 2835 libri
435 2804 496 2840 lx,
513 2806 543 2834 3.
559 2803 693 2839 habent,
710 2807 807 2842 atque
830 2813 849 2833 a
871 2801 1039 2832 nonnullis

346 2846 542 2878 defenditur.
588 2842 666 2876 Mss.
691 2846 808 2885 optimi
831 2850 865 2875 et
887 2843 959 2874 edd.
988 2853 1036 2883 pr.

345 2899 519 2920 concursus
532 2889 667 2920 babent.
690 2888 782 2929 Saepe
798 2887 942 2919 occurrit
956 2886 1043 2927 apud

1087 2254 1278 2284 Ciceronem
1305 2265 1472 2286 consensus
1505 2257 1670 2294 bonorum,
1694 2257 1782 2289 unde

1087 2296 1145 2327 iila
1167 2296 1265 2326 lectio
1287 2303 1366 2328 nata
1388 2298 1538 2337 videtur3
1569 2298 1624 2329 sed
1648 2298 1704 2329 ille
1729 2300 1781 2332 hic

1087 2342 1136 2368 est
1152 2338 1287 2369 alienus.
1530 2356 1534 2360 ·

1130 2383 1149 2410 3
1171 2381 1309 2411 habendi
1321 2385 1454 2412 senatus
1470 2381 1570 2422 locus]
1587 2383 1718 2415 Durum
1733 2388 1783 2415 est

1087 2422 1150 2452 hoc
1163 2423 1294 2453 auribus
1308 2423 1398 2454 meis.
1434 2424 1518 2453 Puto
1533 2426 1670 2456 habendi
1688 2436 1780 2457 sena-

1085 2470 1156 2495 tum
1172 2466 1268 2496 locus.

1127 2509 1147 2536 4
1173 2508 1369 2544 hoa-umbra-
1389 2507 1573 2547 vullusque]
1597 2517 1641 2539 sc.
1670 2519 1688 2540 e
1713 2510 1783 2550 qui-

1084 2549 1144 2578 bus
1156 2549 1269 2586 timor,
1285 2559 1388 2590 angor
1400 2549 1501 2580 animi
1512 2554 1547 2580 et
1559 2553 1782 2583 consternatio

1086 2591 1262 2622 eminebat.

1128 2636 1146 2663 5
1164 2633 1252 2664 Vivit
1264 2634 1280 2663 ,7
1296 2633 1394 2664 immo
1408 2643 1482 2664 vero
1493 2634 1593 2663 etiam
1606 2635 1640 2665 in
1656 2634 1697 2675 s.]
1714 2634 1781 2667 De-

1084 2675 1164 2706 levit
1179 2676 1324 2705 Graevins
1344 2685 1438 2705 vero:
1463 2681 1497 2706 et
1519 2675 1610 2706 abest
1632 2677 1672 2707 ab
1693 2677 1782 2709 libris

1088 2717 1268 2754 nonnullis,
1294 2717 1348 2756 qui
1377 2716 1429 2748 hic
1456 2718 1641 2748 fluctuant:
1671 2719 1780 2759 plures

1086 2765 1200 2790 tamen
1229 2760 1261 2789 in
1289 2758 1424 2798 vulgato
1452 2760 1665 2790 consentiunt
1679 2773 1685 2790 :
1717 2762 1779 2791 nisi

1082 2801 1168 2841 quod
1182 2801 1327 2840 quidam,
1340 2805 1378 2832 ut
1393 2801 1446 2832 W.
1460 2806 1491 2832 et
1503 2801 1637 2832 habent.
1660 2802 1705 2833 At
1717 2803 1780 2832 im-

1083 2854 1134 2875 mo
1148 2853 1222 2873 vero
1236 2844 1370 2874 inservit
1390 2844 1490 2874 etiam
1512 2844 1674 2883 augendo,
1686 2848 1725 2875 ut
1739 2845 1780 2876 ad

1085 2886 1157 2918 Att.
1173 2885 1236 2917 ΧΠ
1242 2907 1254 2924 ,
1263 2885 1483 2927 ‘laser-endas
1494 2886 1551 2918 tibi
1564 2887 1598 2917 in
1609 2887 1667 2917 hoc
1675 2896 1777 2918 error.
