1907 3231
552 87 671 126 PRO
697 86 864 126 LEGE
887 86 1164 126 MANILIA.

1500 92 1578 128 493

141 193 326 251 thyniae,
342 193 454 250 -quae
476 207 593 234 nunc
614 203 756 235 vestra
777 192 1012 250 provincia
1042 190 1122 243 est,
1143 191 1262 233 vicos
1286 200 1464 234 exustos
1484 206 1579 235 esse

138 253 411 310 complures-z
443 265 624 307 regnum
645 249 1114 305 Ariobarzanisrquod
1147 249 1379 290 finitimum
1411 259 1478 291 est
1504 265 1578 291 ve-

141 310 241 351 stris
264 309 564 365 vecfigalibus,
587 317 729 349 totum
752 322 843 349 esse
863 308 908 348 in
928 307 1119 348 hostium
1149 316 1386 363 potestate:
1419 307 1578 349 Lucur-

136 367 242 418 lum,
259 367 429 423 magnis
452 367 577 407 rebus
601 366 750 422 gestis,
781 366 835 406 ab
868 380 919 407 eo
942 365 1055 406 bello
1080 364 1320 406 discedere:
1336 365 1479 406 5huic
1501 364 1576 420 qui

134 424 406 476 successerit,
427 422 517 465 non'
541 425 642 464 satis
664 437 756 464 esse
777 423 1047 479 paratum..ad
1071 432 1238 463 tantum
1260 421 1419 463 bellum
1439 422 1578 462 admi·

134 482 426 523 nisu-andum:
458 496 592 522 unum
615 482 669 522 ab
693 481 893 522 omnibus
925 480 1054 522 sociis
1080 489 1125 521 et
1155 480 1323 522 civibus
1340 479 1397 520 ad
1420 479 1462 520 id
1488 479 1576 519 bel-

134 539 226 582 lum
263 539 564 595 imperatorem
604 538 781 595 deposci
816 548 946 593 atque
987 537 1188 594 6expeti:
1232 537 1417 579 eundem
1457 536 1576 577 hunc

135 611 272 638 unum
289 597 345 637 ab
366 596 565 638 hostibus
582 597 733 648 metui,
756 607 965 652 praeterea
983 597 1215 637 neminem.

195 654 339 695 Causa
360 669 458 710 quae
478 655 548 706 sit,
570 655 747 696 videtis:
778 668 909 704 nunc,
931 653 1034 707 quid
1054 653 1269 709 agendum
1289 652 1359 703 sit,
1375 652 1609 693 conside-6

134 721 241 754 rate.
303 711 500 754 Primum
537 712 644 752 mihi
678 712 846 753 videtur
880 711 932 751 de
970 725 1126 766 genere
1165 710 1290 752 belliz
1331 710 1486 751 deinde
1518 709 1574 751 de

135 770 463 826 magnitudine:
497 779 589 811 tum
610 770 664 810 de
685 769 943 824 imperatore
964 767 1194 824 deligendo
1216 782 1307 809 esse
1328 767 1576 809 dicendum.

137 830 156 863 7
182 827 332 869 Genus
366 838 432 869 est
462 828 560 869 belli
594 826 822 882 ejusmodi,
852 824 975 880 quod.
999 825 1191 866 max-ime
1212 836 1376 866 vestros
1409 824 1578 866 animos

136 885 333 927 excitare
354 895 483 941 atque
506 888 524 916 2
537 885 806 926 inflammare
828 883 880 923 ad
897 882 1087 923 studium
1105 883 1388 939 persequendi
1404 883 1577 924 debeat.

137 948 157 977 9
181 943 342 1000 Agitur
371 958 488 984 emm
518 941 666 998 populi
699 940 887 981 Romani
921 940 1072 996 gloria,
1093 955 1191 995 quae
1214 941 1338 981 vobis
1361 955 1386 980 a
1402 940 1618 995 majori-p.
1635 951 1666 981 5.

138 1000 234 1053 bus,
257 1016 356 1043 cum
386 1015 546 1057 magna
566 1014 608 1040 m
632 999 759 1040 rebus
782 998 999 1049 omnibus,
1028 1008 1122 1039 tum
1144 1013 1312 1039 summa
1333 998 1376 1038 in
1398 1012 1444 1038 re
1466 998 1619 1039 mili-³·

138 1059 219 1100 tari
242 1058 400 1099 tradita
417 1069 504 1100 est:
536 1057 682 1113 agitur
703 1056 814 1098 salus
837 1056 1052 1097 sociorum
1075 1065 1204 1112 atque
1224 1056 1478 1107 amicorum,
1500 1070 1582 1112 pro

135 1119 223 1172 qu'a
243 1115 382 1156 multa
399 1115 584 1171 majores
615 1115 745 1155 vestri
767 1129 927 1170 magna
947 1123 991 1155 et
1020 1115 1167 1170 gravia
1189 1114 1300 1157 bella
1329 1122 1578 1170 gesserunt:

135 1181 325 1230 aguntur
355 1173 596 1215 certissima
625 1172 775 1228 populi
810 1171 997 1212 Romani
1022 1171 1252 1228 vectigalia
1284 1179 1328 1212 et
1361 1171 1580 1212 maxima:

134 1231 294 1287 quibus
313 1231 495 1283 amissis,
517 1240 560 1271 et
590 1231 708 1286 pacis
737 1239 1006 1282 ornamenta,
1027 1229 1286 1271 ›et-subsidia
1315 1229 1413 1270 belli
1436 1229 1580 1285 requi-

134 1289 264 1332 retis:
296 1299 485 1345 aguntur
510 1289 624 1329 bona
656 1287 892 1328 multorum
925 1287 1102 1339 civium,
1125 1288 1281 1342 quibus
1312 1295 1378 1328 est
1407 1302 1432 1327 a
1454 1287 1580 1328 vobis

136 1348 177 1377 10
189 1356 234 1388 et
255 1346 447 1403 ipsorum
471 1357 516 1388 et
546 1345 798 1402 reipublicae
832 1360 962 1386 causa
994 1345 1321 1387 consulendum.
1382 1344 1439 1387 Et
1469 1359 1624 1407 quo-3

135 1404 252 1446 niam
275 1418 442 1460 semper
462 1413 715 1460 appetentes
737 1403 886 1458 gloriae
907 1412 1063 1459 praeter
1079 1414 1242 1444 ceteras
1262 1412 1427 1458 gentes,
1449 1412 1577 1459 atque

136 1462 252 1504 avidi
273 1462 410 1504 laudis
433 1461 591 1514 fuistis,
613 1460 794 1502 delenda
815 1461 940 1501 vobis
961 1470 1027 1502 est
1051 1461 1123 1502 illa
1147 1464 1181 1492 ll
1194 1461 1376 1513 macula,
1402 1460 1582 1502 Mithri-

177 1624 196 1653 5
220 1621 295 1651 hnic
308 1621 364 1662 qui
377 1619 578 1660 successerit]
606 1620 658 1650 Sic
673 1630 733 1661 pro
748 1619 836 1660 vulg.

134 1663 337 1695 'succurrerit
349 1663 477 1703 reposui
493 1672 567 1693 cum
585 1662 714 1693 Graevio
725 1674 744 1693 e
757 1663 792 1693 M
796 1673 837 1693 ss.

135 1706 297 1747 pluribus,
323 1707 426 1737 etiam
450 1706 521 1736 Erf.
556 1705 740 1746 vulgatum
766 1706 839 1745 qui-

135 1749 210 1779 dem
225 1749 278 1779 hic
293 1749 403 1779 locum
419 1758 486 1778 nou
501 1748 614 1779 habet.

177 1792 198 1821 6
225 1791 344 1833 expeti]
379 1791 527 1821 Graevius
555 1794 653 1831 putat
681 1790 836 1821 excidisse

136 1843 259 1865 nomen
284 1834 444 1874 Pompeii.
470 1843 537 1864 non
563 1833 661 1864 male.
704 1833 766 1863 Sed
786 1839 837 1864 ta-

137 1886 215 1907 men
230 1886 297 1907 non
312 1881 363 1907 est
379 1877 561 1908 necessaria
572 1875 741 1906 correctio.
787 1876 838 1906 Si·

135 1919 224 1949 milis
247 1919 338 1950 locus
365 1924 414 1949 est
439 1930 468 1949 c.
496 1922 525 1950 5.
551 1919 608 1949 ubi
636 1918 760 1959 pariter
786 1925 837 1949 est

135 1971 240 1992 unum
251 1963 361 1993 virum
370 1971 435 1992 esse
445 1963 504 1993 &m
517 1962 586 1992 sine
597 1961 731 1991 nomine
743 1961 840 1991 Pom-

135 2014 212 2045 pen,

179 2050 199 2080 ’Τ
229 2047 339 2078 Genus
351 2050 398 2077 est
412 2047 486 2077 belli
499 2045 556 2087 ej]
580 2047 644 2078 Pro
656 2047 744 2077 enim
756 2047 840 2077 bene

138 2089 287 2120 Graevius
303 2090 448 2130 reposuit
464 2090 547 2119 belli.
575 2089 664 2120 Nam
679 2090 767 2120 enim
781 2089 841 2119 ali-

137 2142 240 2162 enum
253 2132 287 2162 h.
301 2131 323 2161 l.
337 2135 400 2169 cst,
414 2131 603 2172 videturque
615 2131 679 2162 huc
693 2128 840 2162 tractum

139 2185 156 2206 e
184 2174 408 2214 sequentibus,
434 2174 491 2204 ubi
518 2174 688 2205 sublatum
713 2178 764 2204 est
790 2178 841 2204 te-

138 2227 244 2248 mere:
267 2224 302 2247 et
317 2226 424 2256 genus
436 2217 490 2247 hie
504 2217 591 2248 nude
606 2217 684 2257 poni
699 2227 767 2248 non
783 2226 841 2256 po-

138 2261 223 2292 tuit.
264 2260 355 2291 Belli
370 2260 404 2290 in
419 2259 545 2299 aliquot
560 2259 640 2290 Mss.
654 2260 756 2290 etiam
770 2259 841 2290 Erf.

140 2306 309 2344 repertum
323 2306 385 2332 est.

181 2348 200 2377 Β
221 2345 295 2386 inst.
318 2345 366 2375 ad
386 2345 535 2376 studium
551 2343 767 2384 persequendi
789 2343 849 2374 de-

140 2388 227 2428 beat]
244 2387 352 2418 Verba
373 2388 419 2418 ad
430 2392 471 2418 st.
482 2398 518 2427 p.
540 2387 678 2418 aberant
697 2398 717 2418 a
730 2386 844 2426 vulga-

139 2431 198 2461 tis:
223 2430 334 2461 addita
348 2435 427 2460 sunt
449 2441 467 2460 e
491 2430 570 2460 Mss.
587 2429 705 2460 Colon.
722 2435 756 2460 et
771 2429 841 2459 Erf-

140 2484 160 2504 a
175 2473 316 2504 Graevio.
339 2472 409 2503 Nec
424 2478 503 2503 sunt
517 2483 537 2503 a
552 2472 744 2512 glossatore.
769 2472 842 2503 Ex-

141 2517 246 2546 citare
270 2520 302 2546 et
326 2515 554 2556 inflammare,
582 2514 627 2545 sic
653 2513 739 2545 nude
764 2515 843 2555 poni

142 2567 211 2588 non
239 2564 387 2599 possunt.
432 2557 473 2588 Iu
500 2557 615 2588 iisdem
643 2563 695 2588 est
719 2558 844 2594 debeat,

144 2600 231 2641 quod
244 2610 322 2631 sane
334 2598 485 2631 latinitas
500 2601 660 2640 postulat.

185 2648 205 2678 9
226 2642 352 2682 Agitur
363 2643 465 2682 enim]
484 2643 537 2673 Sic
551 2642 636 2673 edidi
652 2653 692 2673 ex
706 2642 778 2673 edd.
791 2652 842 2683 pr.

142 2685 187 2717 In
200 2696 260 2726 quo
274 2686 392 2725 agitur
405 2685 506 2716 edidit
525 2685 649 2726 primus
673 2685 708 2715 P.
721 2685 845 2716 Manu-

143 2729 229 2759 tius:
254 2727 342 2767 quod
365 2727 447 2759 mihi
470 2728 582 2759 durius
604 2727 744 2765 videtur,
771 2728 847 2767 quia

142 2771 391 2812 praecessitjam
403 2771 487 2810 quod
498 2771 611 2801 debeat
620 2785 630 2804 ,-
656 2780 797 2810 quocum
813 2771 848 2801 in

142 2823 203 2854 quo
217 2814 334 2853 agitur
348 2822 415 2843 nou
429 2813 509 2843 bene
524 2813 602 2843 coit.
626 2812 744 2850 Enim,
760 2813 847 2852 quod

142 2865 242 2897 supra
267 2864 342 2896 post
373 2855 483 2887 Genus
505 2860 551 2886 est
574 2854 766 2894 deteximus,
781 2855 847 2887 huc

881 1621 1046 1660 pertinet:
1074 1621 1198 1660 Agitur
1218 1621 1324 1651 enim:
1347 1619 1442 1659 idque
1465 1618 1586 1657 addidi,

880 1663 958 1701 quia
971 1664 1016 1693 sic
1031 1669 1065 1693 et
1081 1664 1114 1693 in
1130 1663 1179 1694 ed.
1194 1663 1269 1694 Aldi
1285 1663 1400 1704 reperi.
1437 1662 1520 1693 Edd.
1536 1673 1586 1703 pr.

881 1706 949 1735 fere
975 1705 1117 1736 hahent:
1156 1706 1297 1738 Tradita
1327 1710 1373 1736 est
1399 1710 1428 1736 el
1457 1705 1586 1744 agitur.

883 1748 1012 1779 omissis
1030 1749 1183 1780 omnibus
1203 1758 1276 1788 quae
1295 1754 1374 1779 sunt
1390 1749 1478 1779 inter
1496 1748 1586 1779 debet

880 1796 914 1821 ct
939 1792 1066 1822 tradita
1090 1796 1146 1822 est.
1191 1791 1243 1822 Ed
1265 1792 1362 1822 Rom.
1387 1791 1486 1821 habet
1511 1795 1587 1831 post

879 1834 983 1870 debet,
1002 1833 1146 1865 Tradita
1160 1839 1207 1865 ese
1222 1835 1341 1873 igitur,
1356 1833 1443 1864 unde
1458 1833 1585 1864 factum

879 1885 957 1906 mox
975 1876 1114 1907 Tradita
1130 1881 1175 1907 est
1189 1882 1221 1908 et
1238 1878 1366 1916 agitur.
1410 1875 1470 1906 Ed.
1493 1876 1583 1906 Brix.

880 1918 981 1949 etiam
997 1919 1125 1950 omittit
1139 1920 1282 1960 primum
1308 1919 1494 1949 membrum
1510 1924 1586 1959 post

883 1961 972 1991 debet
983 1974 992 1990 :
1015 1961 1071 1992 sed
1084 1968 1198 1992 tamen
1208 1962 1386 1992 correctius
1401 1961 1490 1991 dedit
1502 1961 1586 2000 Agi-

883 2008 940 2034 tur
955 2005 1046 2035 salus
1058 2006 1216 2035 sociorum
1228 2017 1236 2033 :
1259 2004 1346 2044 quod
1360 2004 1467 2034 Junta
1480 2010 1513 2034 et
1528 2003 1586 2034 Ai-

882 2046 943 2076 dus
956 2048 1059 2078 secuti
1069 2052 1157 2077 sunt.
1183 2048 1312 2078 Primus
1323 2046 1507 2077 Cratander
1518 2045 1586 2076 edi·

883 2088 945 2127 dit,
962 2089 1048 2129 quod
1062 2089 1109 2120 illi
1123 2089 1320 2121 omiserant:
1343 2090 1379 2119 z'n
1394 2099 1455 2129 quo
1469 2090 1586 2129 agitur

881 2132 1052 2163 -tradz'ta
1067 2136 1125 2163 est.

929 2176 968 2205 lo
989 2179 1020 2205 et
1041 2175 1187 2215 ipsorum
1210 2179 1240 2205 et
1255 2176 1335 2215 reip.
1351 2173 1484 2213 caussa]
1502 2172 1587 2203 Edd.

883 2226 934 2257 pr.
958 2221 1007 2248 est
1028 2227 1050 2248 a
1071 2218 1157 2248 vobis
1178 2222 1209 2248 et
1232 2217 1484 2257 imperatoribus
1504 2217 1586 2255 reip.

885 2260 1137 2290 consulendum.-
1160 2260 1246 2300 quod
1270 2260 1303 2290 J.
1325 2260 1376 2290 Pr.
1400 2258 1587 2290 Gronovius

885 2302 963 2332 Obs.
980 2302 1039 2340 IV,
1057 2305 1107 2333 14.
1124 2301 1257 2333 nolebat
1276 2307 1387 2333 totum
1407 2300 1586 2342 repudiari,

885 2344 1046 2384 scribique
1061 2347 1101 2376 ab
1121 2345 1374 2385 imperatoribus
1389 2344 1472 2384 Pop.
1490 2343 1587 2374 Rom.

887 2387 959 2427 Ego
980 2398 1056 2418 vero
1073 2388 1200 2418 nullam
1222 2397 1355 2418 causam
1373 2387 1526 2417 idoneam
1540 2386 1588 2416 vi—

888 2429 962 2467 deo,
1000 2440 1100 2470 quare
1136 2430 1190 2460 hic
1226 2430 1444 2470 Imperatores
1474 2428 1588 2469 populi

885 2472 981 2502 Rom.
1006 2478 1321 2508 commemorentur,
1351 2482 1427 2502 cum
1455 2471 1494 2502 de
1520 2480 1588 2501 uno

885 2514 1059 2554 deligendo
1075 2520 1193 2555 agatur
1207 2521 1241 2546 et
1260 2514 1391 2554 quidem
1411 2524 1469 2555 per
1484 2524 1590 2555 popu·

885 2556 955 2587 lum
971 2558 1070 2588 Rom.

933 2603 967 2630 ll
994 2599 1333 2639 macula—suscepta]
1352 2599 1416 2630 Ms.
1431 2598 1500 2629 Erf.
1515 2607 1590 2629 con—

886 2647 993 2683 cepta,
1009 2643 1096 2682 quod
1109 2643 1226 2683 probat
1242 2643 1400 2672 Graevius.
1443 2641 1589 2672 Verbum

887 2691 937 2715 est
952 2695 1031 2716 sane
1054 2686 1217 2716 usitatum
1235 2684 1276 2715 de
1297 2684 1439 2715 macula.
1483 2684 1590 2714 Miror

889 2728 1017 2758 Graevio
1037 2737 1104 2758 non
1119 2727 1243 2758 venisse
1258 2727 1293 2757 in
1309 2732 1455 2758 mentem
1477 2726 1590 2757 locum

890 2770 1060 2811 proRosc.
1076 2770 1115 2800 A.
1130 2772 1186 2800 ⁶24:
1211 2770 1298 2800 unde
1318 2771 1346 2801 εἰ
1368 2779 1434 2810 qua
1457 2770 1592 2800 macula

889 2816 1041 2853 concepta
1054 2817 1111 2843 est.
1135 2811 1198 2843 Sed
1212 2812 1350 2844 fortasse
1363 2812 1514 2843 librarius
1525 2813 1592 2841 sive

890 2860 1057 2888 corrector
1071 2855 1178 2887 exilio
1189 2854 1262 2886 ioco
1276 2856 1418 2888 correxit
1431 2859 1592 2896 suscepta,
