1907 3231
564 95 681 135 PRO
710 93 759 134 L.
785 90 1059 134 MURENA.
1454 86 1532 136 ⁶97*

99 212 225 241 ausus
257 198 329 251 sis,
361 206 529 241 tantum
558 200 780 242 debuisse:
811 207 963 242 contra
994 192 1190 249 salutern,
1219 197 1328 239 nihil
1357 196 1528 239 debere.

85 256 253 320 'Neque
284 257 414 308 enim,
445 259 479 298 si
509 258 588 298 tibi
626 267 731 309 tum,
763 272 860 298 cum
894 266 1058 313 peteres
1091 255 1375 305 consulatum,
1409 254 1527 305 affui,
1539 256 1565 289 8

99 313 260 355 idcirco
283 329 411 363 nunc,
433 322 572 355 euml
557 312 787 356 Murenam
813 315 872 345 ¹¹
863 328 1002 370 ipsum
1028 322 1162 369 petaS,
1184 313 1357 367 adjutor
1376 313 1528 352 eodem

97 381 225 426 pacto
247 385 338 411 esse
359 372 510 412 debeo.
571 371 716 428 Atque
747 373 829 413 hoc
859 386 944 412 non
975 371 1104 411 modo
1136 384 1223 410 non
1257 369 1433 418 lwdari,
1456 368 1530 409 sed

96 442 150 468 ne
178 429 358 469 concedi
389 430 562 483 quidem
593 439 748 485 potest,
770 439 818 470 ut
847 430 995 470 amicis
1023 427 1179 468 nostris
1211 427 1529 476 accusantibus,

95 499 182 525 non
205 486 334 526 etiam
356 486 638 528 alienissimos
660 487 954 528 defendamus.
1003 485 1117 526 Mihi
1142 495 1283 525 autem
1304 497 1402 524 cum
1426 482 1577 529 Mu-4

97 542 411 597 leua,judices,
432 555 475 584 et
500 554 634 596 v,etus
657 554 699 585 et
728 559 887 600 magna
907 543 1100 584 amicitia
1124 551 1203 593 est,
1225 555 1321 597 quae
1346 540 1389 580 in
1412 540 1530 595 capi-

97 599 153 639 tis
174 599 454 642 dimicatione
477 617 501 642 a
530 604 621 642 Ser.
645 601 850 665 Sulpicio·
872 616 959 642 non
990 601 1152 640 idcirco
1175 599 1395 649 obruetur,
1414 597 1531 652 quod

96 656 152 696 ab
186 657 338 698 eodem
373 659 413 699 in
451 659 625 700 honoris
660 659 939 700 contentione
975 666 1173 720 superata
1205 666 1282 697 est.
1345 655 1458 702 Quae
1497 669 1533 694 sr

96 727 227 757 causa
260 728 345 755 non
374 727 500 767 esset,
535 726 675 757 tamen
713 716 778 757 vel
805 716 994 772 dignitas
1028 715 1229 764 hominis,
1260 712 1326 753 vel
1360 711 1534 753 honolis

96 770 205 831 ejuS‚
238 786 366 827 quenl
399 773 580 830 adeptus
612 783 692 824 est,
725 773 981 829 amplitudo,
1013 786 1224 812 summam
1256 770 1361 811 mihi
1388 783 1536 825 super-

96 822 181 869 bi‘ae
214 830 568 886 crudelitatisque
599 833 637 862 12
651 830 810 871 famam
841 830 1078 880 inussisset,
1101 830 1134 869 si
1161 828 1360 878 hominis,
1383 835 1426 867 et
1448 827 1534 867 suis

95 895 140 926 et
162 887 311 943 populi
343 887 529 929 Romani
557 888 820 929 ornamentis
843 861 1111 943 amplissimi,
1133 900 1305 927 causam
1329 884 1438 925 tanti
1461 898 1535 939 pe-

98 943 221 984 riculi
245 946 549 1000 repudiassem.
611 946 764 1000 Neque
797 945 911 986 enim
929 959 1023 999 Jam
1047 943 1151 984 mihi
1174 943 1288 993 licet,
1311 956 1450 996 neque
1470 951 1535 982 est

96 1000 330 1064 integrum,
355 1012 402 1043 ut
420 1017 563 1044 meum
584 1002 775 1044 laborem
794 1002 1020 1043 hominum
1045 1001 1242 1057 periculis
1261 999 1534 1040 sublevandis

95 1071 183 1098 non
206 1060 464 1123 impertiam.
530 1061 640 1101 Nam
663 1075 760 1101 cum
785 1059 963 1123 praemia
987 1059 1093 1099 mihi
1120 1068 1240 1098 tanta
1260 1072 1337 1113 pio
1360 1056 1441 1097 hac
1469 1056 1534 1096 in-

96 1115 261 1156 dustria
277 1117 363 1157 sint
378 1118 492 1168 data,
515 1127 677 1182 quanta
693 1128 818 1158 antea
840 1116 1028 1158 nemini:
1060 1116 1242 1165 labores,
1266 1129 1339 1170 per
1355 1128 1462 1170 quos
1484 1127 1535 1154 ea

96 1173 276 1237 ceperiS,
298 1189 398 1215 cum
426 1176 607 1231 adeptus
642 1176 712 1226 sis,
734 1172 977 1238 deponere,
986 1182 1096 1214 esset
1128 1172 1316 1213 hominis
1336 1181 1380 1212 et
1401 1170 1532 1211 astuti

96 1239 140 1270 et
162 1231 336 1286 ingrati.
399 1232 567 1279 Quodsi
587 1233 688 1273 licet
701 1208 915 1282 desinere,
947 1231 981 1272 si
1018 1241 1058 1271 te
1087 1240 1262 1271 auctore
1284 1243 1474 1284 possum,
1497 1227 1572 1283 sip
1588 1244 1656 1275 1⁰6.

95 1286 212 1328 nulla
233 1289 415 1340 inertiae,
436 1290 552 1331 nulla
574 1291 785 1346 superbiae
808 1288 1046 1345 turpitudO,
1068 1287 1184 1329 nulla
1204 1284 1574 1328 inhumanitatisa

95 1345 223 1401 culpa
245 1347 502 1402 suscipitur:
534 1361 617 1403 ego
641 1362 740 1388 vero
769 1347 953 1387 libenter
973 1346 1138 1387 desino.
1200 1345 1275 1385 Sin
1298 1353 1441 1385 autem
1464 1342 1568 1397 fu-9

96 1416 153 1458 ga
175 1402 330 1443 laboris
353 1404 575 1455 desidiam,
599 1404 841 1460 repudiatio
869 1404 1110 1467 supplicum
1127 1402 1403 1466 superbiam,
1425 1401 1533 1441 ami-

94 1473 244 1500 corum
267 1461 483 1516 neglectio
501 1462 824 1517 improbitatem
848 1460 1070 1516 coalguit:
1094 1460 1296 1500 nimirum
1320 1459 1413 1499 haec
1433 1472 1534 1499 cau-

96 1531 142 1557 sa
173 1526 238 1558 est
267 1518 495 1574 ejusmodi,
517 1533 647 1573 quam
680 1533 759 1559 nec
793 1518 1042 1574 industrius,
1065 1531 1143 1557 nec
1177 1516 1432 1581 misericorS,
1453 1525 1535 1556 nee

96 1574 318 1615 officiosus
340 1575 532 1616 deserere
554 1576 704 1631 possit.
766 1574 912 1630 Atque
941 1574 1123 1630 hujusce
1152 1574 1211 1615 rei
1239 1573 1536 1628 conjecturam

94 1631 147 1672 de
169 1641 246 1672 tuo
268 1632 402 1688 ipsius
425 1633 584 1697 studio,
615 1633 751 1683 Servi,
775 1591 977 1674 facqillime
1007 1631 1185 1688 ceperis».
1248 1631 1360 1672 Nam
1387 1645 1421 1670 51
1456 1629 1536 1670 tibi

97 1703 271 1729 necesse
293 1698 434 1745 putas,
464 1690 593 1731 etiam
617 1665 868 1731 adver'sariis
898 1689 1136 1730 amicorum
1159 1697 1347 1739 tuorum,
1369 1687 1454 1728 de
1437 1701 1536 1743 Jure

94 1745 435 1798 consulentibus,
466 1747 745 1804 respondere;
777 1757 833 1799 et,
862 1748 892 1788 si
919 1758 1043 1803 turpe
1064 1746 1302 1796 existimas,
1333 1755 1375 1786 te
1404 1746 1538 1786 advo·
1569 1762 1571 1786 :

96 1812 210 1854 cato,
245 1804 364 1844 illum
397 1805 555 1869 ipsum,
591 1807 763 1860 ¹3quem
801 1814 953 1846 contra
988 1804 1169 1854 veneris,
1200 1818 1331 1845 causa
1362 1803 1534 1844 cadere:
1569 1813 1574 1830 '·

96 1861 185 1901 noli
208 1870 296 1901 tam
330 1876 421 1903 esse
445 1862 646 1917 injustus,
669 1873 731 1914 ut,
753 1877 853 1904 cum
887 1863 949 1903 tui
983 1861 1124 1902 fontes
1148 1861 1247 1902 vel
1238 1861 1425 1902 inimicis
1449 1860 1535 1901 tuis

96 1928 287 1973 pateant,
320 1929 488 1960 nostros
528 1919 688 1961 livulos
730 1920 861 1960 etiam
894 1919 1043 1960 amicis
1087 1928 1209 1974 putes
1243 1918 1409 1959 clausos
1442 1931 1534 1958 esse

95 1985 310 2031 oportere.
372 1975 560 2027 Etenim,
584 1978 617 2018 si
652 1992 720 2018 me
749 1987 824 2018 tua
844 1977 1112 2018 familiaritas
1139 1977 1194 2017 ab
1218 1975 1298 2017 bac
1318 1990 1448 2017 causa
1469 1989 1533 2016 re·
1548 1988 1597 2022 10

95 2033 317 2083 movisset,
340 2043 397 2085 et,
432 2034 466 2074 si
500 2034 583 2075 hoc
613 2035 727 2076 idem
751 2036 808 2082 Q.
830 2034 1082 2085 Hortensio,
1107 2033 1174 2074 M.
1196 2033 1367 2084 Crasso,
1390 2032 1535 2074 claris-

96 2090 216 2131 simis
238 2090 355 2141 viris,
379 2092 413 2132 si
434 2092 537 2133 item
559 2092 727 2143 ceteris,
758 2107 782 2133 a
803 2093 960 2148 quibus
983 2091 1178 2147 intelligo
1210 2100 1327 2131 tuam
1351 2090 1535 2147 gratiam

95 2148 243 2203 magni
264 2145 484 2200 aestimari,
501 2149 749 2191 accidisset:
782 2150 827 2191 in
848 2164 899 2191 ea
919 2149 1096 2191 civitate
1115 2149 1265 2189 consul
1283 2149 1534 2204 designatus

95 2205 367 2246 defensorem
389 2221 476 2247 non
501 2206 691 2258 haberet,
714 2207 757 2248 in
777 2222 862 2262 qua
876 2207 1039 2248 nemini
1057 2220 1261 2261 umquam
1280 2206 1430 2248 infimo
1448 2220 1538 2246 ma-

88 2277 209 2327 Jores
233 2263 367 2304 nostri
392 2274 621 2328 patronum
644 2265 790 2306 deesse
808 2265 1050 2306 voluerunt.
1100 2262 1196 2320 Ego
1220 2278 1335 2315 vero,
1350 2263 1582 2319 judiceS,b.

98 2320 191 2376 ipse
212 2335 281 2361 me
312 2321 606 2362 existimarem
641 2321 867 2373 nefarium,
891 2323 924 2363 si
959 2321 1114 2372 amico,
1138 2321 1368 2372 eludelem,
1392 2321 1426 2361 si
1457 2335 1539 2361 ml-

97 2391 206 2434 sero,
229 2379 478 2434 superbum,
500 2379 534 2419 si
554 2379 718 2420 consuli
742 2380 988 2420 defuissem.
1043 2379 1188 2438 Quare
1210 2379 1324 2447 quod
1348 2378 1539 2419 dandum

96 2444 163 2476 est
183 2435 404 2486 amicitiae,
424 2435 540 2492 large
562 2437 735 2478 dabitur
750 2452 775 2478 a
797 2452 878 2488 me,
901 2446 948 2478 ut
971 2446 1111 2477 tecum
1137 2441 1278 2492 agam,
1298 2436 1434 2487 Servi,
1452 2449 1540 2477 non

100 2506 236 2543 secuS,
259 2508 309 2534 ac
331 2494 364 2533 si
390 2508 509 2534 meus
531 2505 640 2535 esset
663 2493 807 2545 frater,
839 2495 910 2550 qui
935 2494 1042 2535 mihi
1072 2503 1137 2534 est
1166 2493 1424 2544 calissimus,
1455 2493 1539 2534 isto

98 2549 144 2591 in
177 2549 288 2591 loco.
311 2551 426 2606 quod
451 2552 728 2593 tribuendum
757 2562 822 2593 est
854 2552 1014 2602 officio,
1038 2550 1153 2602 fidei,
1176 2550 1391 2608 religioni,
1414 2551 1457 2592 id
1480 2551 1542 2592 ita

145 2682 178 2710 ll
202 2680 429 2722 zpsumpetas]
454 2681 552 2712 Forte
573 2682 693 2712 rectius
703 2683 798 2722 petis.
889 2684 925 2712 1⁶2
935 2680 1075 2720 famam
1089 2681 1266 2722 mus-sisset]
1287 2681 1458 2722 Proprium
1472 2691 1548 2711 ver-

98 2721 160 2752 Est
175 2724 262 2753 enim
277 2723 316 2753 de
331 2729 478 2773 tempore
493 2735 613 2761 sermo,
627 2734 693 2754 non
709 2734 801 2754 caus·
843 2724 945 2754 bum
937 2733 971 2753 in
987 2724 1049 2754 hac
1061 2724 1168 2755 forma
1181 2729 1230 2755 est
1246 2729 1369 2755 notam.
1414 2724 1472 2755 Ed.
1488 2724 1544 2754 W.

97 2773 144 2797 sae
167 2768 448 2797 commemoratio.
491 2767 654 2797 Videntur
676 2767 799 2798 librarii
839 2767 1035 2799 immisisset.

98 2811 158 2838 aut
180 2814 379 2838 correctores
404 2814 547 2840 mutasse
570 2809 604 2839 in
628 2814 736 2849 petas,
759 2813 799 2841 ut
889 2812 924 2840 13
951 2818 1047 2849 quem
1072 2813 1188 2841 contra
1215 2809 1355 2850 vermis]
1385 2809 1448 2841 int.
1478 2807 1543 2839 allo

92 2850 295 2890 praecedenti
304 2855 431 2892 peteres
445 2852 703 2884 conformarent.
840 2855 1003 2896 tempore.
