1907 3231
298 142 369 175 156
827 139 895 179 IN
928 140 1205 180 VERREM

296 239 416 282 Hinc
439 240 520 284 illae
550 243 901 286 extraordinaria:
934 247 1143 309 pecuniae,
1165 262 1269 302 quas
1301 246 1416 289 nullo
1439 247 1562 299 duce,
1585 256 1729 291 tamen

296 297 439 353 aliqua
467 313 521 339 ex
553 300 762 355 particula
795 302 1116 352 inxestmamus,
1141 305 1454 346 redundarunt:
1488 305 1590 346 hinc
1620 306 1734 347 ratio

295 368 395 395 cum
418 355 476 402 Q.
497 365 541 396 et
563 356 645 397 Cn.
671 357 919 408 Postumiis,
964 361 1121 410 „urtiis‚
1145 361 1288 402 multis
1320 362 1592 413 nominibus3
1624 377 1733 417 quo-

296 425 390 452 rum
415 411 456 453 ih
482 413 637 454 tabulis
660 415 738 455 iste
763 415 892 455 habet
914 415 1100 457 nullum:
1136 416 1235 459 hinc
1257 421 1295 452 97
1309 418 1406 460 H-S
1437 419 1730 475 quaterdecies

299 466 348 508 P.
385 467 521 510 Tadio
560 482 828 511 numeratum
870 471 1066 522 Athenis,
1109 475 1290 514 testibus
1333 476 1508 532 planum
1549 475 1733 518 faciam:

295 525 398 567 hinc
435 537 581 582 empta
615 528 880 583 apertissime
914 539 1123 584 praetura3
1154 531 1235 571 nisi
1273 531 1383 574 forte
1419 532 1460 574 id
1490 532 1621 574 etiam
1651 532 1729 573 du-

212 591 280 625 101
299 582 416 624 bium
436 593 516 633 est,
538 585 756 638 quomodo
780 585 859 625 iste
881 595 1040 641 praetor
1063 586 1201 627 factus
1225 588 1293 628 sit.
1343 592 1382 623 98
1395 588 1542 631 Homo
1565 589 1731 631 scilicet

295 651 370 680 aut
400 640 622 690 industria,
645 651 719 681 aut
740 656 870 698 opera
902 643 1095 698 probata,
1123 653 1197 684 aut
1227 643 1486 700 frugalitatis
1508 646 1731 688 existima-

296 696 412 737 tione
445 696 663 753 praeclara,
693 708 767 739 aut
797 699 995 755 denique,
1027 700 1067 740 id
1092 701 1206 755 quod
1239 701 1500 744 levissimum
1523 712 1601 754 est,
1625 703 1729 743 assi-

293 754 482 795 duitate:
513 754 587 808 qui
618 764 717 795 aute
746 765 1006 811 quaesturam
1029 771 1127 798 cum
1153 758 1449 800 meretricibus
1479 759 1731 801 lenonibus-

293 825 376 864 que
393 810 587 862 vixisset,
603 821 863 868 quaesturam
877 813 937 854 ita
955 814 1169 870 gessisset,
1184 815 1546 870 quemadmodum
1564 831 1729 873 cogno-

183 883 214 914 p.
229 878 279 908 97.
293 866 428 918 vistis,
457 867 611 910 Romae
638 878 736 926 post
759 879 1018 925 quaesturam
1050 871 1164 912 illam
1197 872 1403 913 nefariam
1435 873 1507 914 vix
1538 874 1726 915 triduum

250 925 568 976 ³·constitisset,
591 927 742 967 absens
774 941 860 968 non
890 928 932 968 in
966 927 1184 970 oblivione
1206 929 1429 984 jacuisset,
1455 930 1526 971 sed
1562 931 1604 970 in
1623 930 1728 971 assi-

289 982 376 1022 dua
397 984 808 1024 commemoratione
826 985 1026 1026 omnibus
1048 986 1242 1027 omnium
1265 987 1530 1043 flagitiorum
1552 986 1726 1030 fuisset:

291 1038 326 1079 is
349 1049 537 1095 repente,
560 1049 609 1080 ut
638 1040 822 1082 Romam
847 1042 977 1092 venit,
1001 1043 1133 1098 gratis
1165 1053 1324 1099 praetor
1346 1044 1485 1085 factus
1507 1045 1599 1085 est?
1629 1043 1730 1086 Alia

290 1110 418 1151 porro
441 1097 636 1152 pecunia,
660 1111 712 1138 ne
733 1108 1019 1150 accusaretur,
1041 1099 1155 1140 data.
1217 1100 1299 1141 Cui
1332 1100 1386 1141 sit
1408 1101 1522 1152 data,
1545 1100 1652 1142 nihil
1673 1101 1727 1143 ad

287 1167 372 1203 me,
406 1153 514 1194 nihil
547 1154 599 1195 ad
635 1169 722 1195 rem
757 1156 970 1211 pertinere
1008 1157 1217 1197 arbitror:
1250 1157 1395 1197 datam
1428 1158 1601 1212 quidem
1636 1172 1728 1199 esse

205 1221 276 1256 102
289 1218 381 1250 tum
411 1211 522 1252 inter
549 1225 697 1252 omnes
729 1213 890 1253 recenti
919 1214 1097 1269 negotio
1121 1213 1245 1255 facile
1274 1215 1516 1256 constabat.
1577 1214 1727 1257 Homo

287 1267 538 1309 stultissime
568 1276 611 1309 et
641 1270 946 1320 amentissime,
971 1271 1137 1311 tabulas
1160 1286 1258 1312 cum
1282 1271 1530 1324 conficeres,
1553 1281 1597 1312 et
1626 1287 1726 1314 cum

285 1326 638 1366 extraordinariae
662 1327 856 1382 pecuniae
879 1327 1040 1368 crimen
1065 1328 1362 1384 subterfugere
1386 1328 1532 1380 velles3
1571 1329 1725 1370 99satis

286 1390 328 1422 te
351 1382 594 1438 elapsurum
617 1384 733 1424 omni
758 1384 1002 1440 suspicione
1033 1386 1312 1437 arbitrabare,
1336 1385 1385 1436 si,
1407 1385 1564 1440 quibus
1594 1399 1726 1442 pecu-

284 1440 400 1480 niam
423 1441 640 1491 credebas,
664 1441 714 1481 iis
737 1455 974 1497 expensum
997 1457 1082 1483 non
1107 1442 1251 1493 ferres,
1269 1456 1408 1497 neque
1429 1442 1472 1482 in
1488 1452 1581 1484 tuas
1601 1443 1725 1484 tabu-

284 1496 345 1537 las
370 1496 499 1537 ullum
522 1512 678 1538 nomen
702 1498 892 1549 referres,
916 1514 1014 1540 cuin
1038 1508 1101 1539 tot
1125 1500 1203 1540 tibi
1227 1500 1474 1540 nominibus
1497 1511 1725 1556 acceptum

288 1553 429 1594 Curtii
454 1554 685 1596 referrent?
718 1555 836 1601 Quid
858 1556 1060 1611 proderat
1082 1557 1176 1606 tibi,
1200 1566 1241 1596 te
1263 1571 1501 1612 expensum
1532 1556 1612 1597 illis
1635 1572 1722 1599 non

282 1611 458 1653 tulisse?
499 1611 569 1652 Au
607 1612 691 1652 tuis
724 1612 823 1653 solis
856 1613 1011 1654 tabulis
1044 1623 1085 1654 te
1119 1628 1291 1655 causam
1323 1614 1539 1654 dicturum
1573 1614 1723 1656 existi-

283 1668 439 1709 masti?

202 1727 275 1776 40
350 1725 453 1765 ¹00V
458 1740 577 1766 erum
608 1725 662 1766 ad
693 1725 806 1767 illam
832 1727 925 1781 jam
948 1727 1168 1768 veniamus
1202 1726 1451 1783 praeclaram
1474 1736 1724 1784 praeturam‚

198 1800 271 1833 103
286 1782 550 1838 criminaque
571 1797 635 1833 ea,
657 1799 754 1838 quae
779 1785 949 1825 notiora
971 1793 1070 1824 sunt
1100 1783 1180 1835 his,
1203 1784 1276 1839 qui
1299 1784 1470 1835 adsunt,
1492 1799 1621 1840 quam
1643 1800 1726 1826 no*

286 1841 364 1891 bis,
387 1840 459 1895 qui
489 1840 685 1880 meditati
717 1841 768 1881 ad
800 1841 1029 1882 dicendum
1063 1842 1285 1897 paratique
1308 1841 1527 1884 venimus:
1558 1842 1603 1884 in
1625 1842 1722 1900 qui-

281 1898 360 1937 bus
383 1912 469 1937 non
499 1897 667 1947 dubito,
689 1898 793 1952 quin
816 1897 1097 1939 offensionem
1121 1898 1400 1955 negligentiae
1425 1898 1560 1941 vitare
1592 1908 1722 1954 atque

278 1954 468 2010 effugere
499 1969 586 1996 non
619 1955 795 2010 possim.
859 1954 991 1996 Multi
1014 1955 1127 1996 enim
1154 1956 1214 1997 ita
1243 1956 1414 2008 dicent3
1445 1954 1494 1996 de
1520 1954 1593 1997 illo
1613 1955 1723 1997 nihil

1018 2134 1091 2159 ctus
1103 2129 1164 2159 sit:
1189 2133 1249 2159 aut
1265 2128 1429 2160 industria
1444 2128 1501 2159 &c.
1529 2128 1592 2160 Sed
1603 2129 1718 2161 statim

276 2130 507 2169 qnod—aliud,
526 2130 599 2160 (nec
621 2139 682 2167 ego
697 2139 897 2170 concoquere
919 2139 976 2169 po-

1017 2177 1202 2211 sequuntur
1230 2172 1310 2202 vitia
1333 2176 1368 2202 et
1394 2171 1538 2210 flagitia:
1560 2173 1616 2212 qui
1641 2177 1720 2203 ante

277 2173 356 2211 tui‚)
374 2173 521 2211 corrigit,
536 2179 574 2202 ut
596 2182 614 2201 e
636 2173 720 2211 quod
738 2173 837 2203 saciat
862 2182 974 2212 quam,

278 2215 373 2244 aliud
393 2214 513 2250 deleat,
535 2220 570 2244 et
595 2214 629 2244 in
649 2214 714 2245 fine
737 2220 840 2254 ponat
863 2223 975 2244 nume—

278 2265 350 2286 rum
368 2256 579 2297 superiorem.
625 2255 726 2296 quue
739 2257 840 2287 etiam
856 2256 890 2286 in
903 2255 974 2286 edd.

276 2297 387 2337 plures
411 2304 579 2338 receptum
596 2303 656 2328 est.
703 2299 741 2329 Id
762 2307 840 2329 sane
862 2298 974 2329 durius

277 2345 344 2370 est:
368 2346 402 2371 et
416 2340 466 2370 vel
480 2341 526 2370 sic
542 2349 741 2380 consequens
763 2339 973 2371 desideratur.

277 2381 350 2422 Ego
363 2387 498 2413 tantum
514 2392 572 2423 pro
586 2383 670 2422 quod
688 2383 872 2424 scripserim
891 2382 927 2412 id
939 2387 976 2413 tu

277 2424 336 2454 ἀρ.
351 2430 388 2455 ut
405 2425 447 2455 sit
461 2434 671 2464 consequeus.

318 2470 359 2499 97
393 2468 577 2497 sestertium
611 2466 828 2506 quaterdecies
861 2475 975 2496 nume-

275 2509 405 2548 ratum]
430 2509 555 2539 Vitiose
581 2508 681 2548 vulgo
707 2512 895 2538 numerata.
918 2517 976 2538 ne-

275 2550 343 2579 scio
371 2551 534 2589 quomodo
563 2550 624 2580 hoc
652 2551 775 2590 fugerit
803 2551 888 2581 viros
918 2549 974 2580 do-

275 2598 347 2621 ctos
369 2594 577 2629 recentiores,
599 2597 674 2632 post
689 2593 857 2632 cognitam
879 2602 974 2623 accu-

276 2638 347 2663 rate
363 2635 444 2664 H-S.
460 2635 633 2665 rationem.

317 2679 358 2709 98
383 2676 488 2707 Homo
501 2678 619 2707 scilicet
633 2681 693 2707 aut
714 2676 879 2711 industria
894 2675 969 2715 &c.]

274 2717 392 2753 Miror,
421 2719 473 2749 hic
507 2728 574 2748 non
602 2718 732 2748 haesisse
762 2719 968 2758 interpretes.

273 2759 359 2790 Nam
376 2766 450 2791 tota
464 2760 613 2800 periodus
630 2770 696 2790 non
712 2760 865 2790 cohaeret.
881 2760 969 2790 Nam

272 2802 304 2832 in
334 2803 492 2842 principio
517 2802 647 2832 videtur
669 2803 791 2832 ironice
813 2802 916 2842 loqui,
935 2806 969 2832 et

270 2844 352 2875 velle
367 2853 625 2875 commemorare
648 2845 767 2874 merita
781 2849 814 2875 et
830 2845 968 2874 virtutes

267 2885 391 2924 verris,
409 2892 541 2928 propter
556 2895 633 2926 quas
657 2887 772 2918 statim
784 2892 907 2928 praetor
921 2886 967 2917 fa-

1018 2212 1354 2253 quoesturumfuisset.
1384 2213 1549 2252 Suspicor,
1564 2218 1642 2244 ante
1658 2219 1720 2246 aut

1018 2256 1184 2287 industria
1205 2256 1358 2286 excidisse
1383 2256 1488 2285 nulla.
1531 2255 1586 2286 Ita
1606 2256 1720 2288 omnia

1017 2299 1140 2338 optime
1155 2297 1340 2329 cohaerent:
1364 2302 1400 2327 et
1411 2296 1532 2328 ultima
1546 2298 1574 2328 is
1588 2303 1719 2337 repente

1016 2339 1169 2379 —sactus
1182 2345 1228 2371 est
1242 2339 1475 2378 interrogative
1493 2339 1640 2378 legenda.
1656 2341 1719 2371 scl-

1019 2382 1092 2412 licet
1113 2381 1317 2413 referendum
1340 2381 1381 2411 ad
1396 2390 1610 2420 consequens,
1623 2383 1653 2412 is
1665 2391 1717 2412 re·

1012 2429 1111 2464 pente
1131 2424 1240 2462 gratis
1255 2424 1313 2454 &a
1356 2423 1421 2463 Qui
1441 2422 1558 2453 melius
1579 2423 1716 2463 poterit,

1017 2476 1094 2496 eum
1123 2466 1264 2497 libenter
1299 2464 1440 2495 audiam.
1484 2464 1715 2505 Inter-punctio

1018 2508 1051 2537 in
1075 2507 1146 2538 edd.
1171 2518 1218 2548 pr.
1238 2511 1289 2538 est
1315 2505 1486 2547 ejusmodi,
1511 2513 1550 2537 ut
1573 2507 1715 2539 editores

1018 2549 1065 2580 nil
1080 2550 1277 2581 intellexisse
1291 2552 1458 2589 appareat.

1057 2596 1098 2626 99
1120 2592 1201 2622 satis
1215 2596 1246 2622 te
1259 2590 1462 2631 elapsurum]
1489 2589 1576 2629 Quid
1589 2594 1640 2620 est
1654 2594 1714 2621 aut

1015 2634 1178 2673 quomodo
1193 2633 1313 2664 dicitur
1326 2634 1406 2663 satis
1427 2632 1536 2662 elabi?
1559 2637 1617 2663 aut
1631 2633 1714 2663 satis

1015 2676 1186 2706 arbitrari.
1236 2675 1367 2714 conjeci
1395 2674 1525 2704 statim:
1561 2673 1617 2704 sed
1643 2683 1713 2705 non

1012 2718 1189 2748 satisfacit:
1212 2727 1272 2748 nec
1294 2716 1383 2748 aliud
1397 2715 1540 2746 occurrit
1562 2715 1712 2747 deseren-

1011 2760 1100 2790 tibus
1116 2759 1216 2790 libris.

1058 2804 1116 2831 100
1134 2801 1256 2832 Verum
1279 2800 1325 2830 ad
1344 2800 1437 2830 illam
1454 2799 1528 2839 δια]
1554 2799 1615 2830 Est
1636 2799 1712 2830 imi-

1010 2844 1095 2874 tatio
1125 2843 1211 2874 bella
1238 2842 1472 2874 Demosthenis
1501 2844 1535 2873 in
1562 2841 1713 2874 Midian&

1011 2896 1042 2926 p.
1058 2889 1110 2920 99.
1125 2885 1175 2916 ed.
1190 2884 1285 2925 Tayl.
