1907 3231
536 98 658 138 ACT.
691 97 743 137 11‘.
775 95 963 135 LfflER
995 97 1279 138 QUINTUS.
1544 103 1622 142 42¹7

179 204 414 245 inanorum>
429 202 561 244 etiam
595 203 685 245 sine
715 203 837 245 istius
865 212 989 254 nutu,
1022 201 1240 243 ferebatur
1270 217 1422 244 manus
1450 203 1544 259 ipsa
1569 202 1622 245 li-

181 261 331 302 ctoris.
393 261 511 303 Num
544 270 667 316 potes
699 261 784 303 hoc
816 274 989 318 negare,
1018 260 1186 310 Verres,
1219 260 1261 300 in
1297 260 1391 301 foro
1424 250 1709 316 Lilybaei‚54

185 319 380 359 maximo
402 328 634 369 conventu,
667 317 719 359 C.
743 319 986 368 Serv-ilium,
1007 317 1146 358 civem
1178 316 1422 358 Romanum
1452 319 1494 358 in
1518 333 1623 359 con-

185 385 316 417 ventu
341 375 650 416 Panormitano
671 385 860 417 veterem
882 376 1192 432 negotiatorem
1201 375 1276 425 ,ad
1301 375 1503 425 tribunal,
1524 384 1626 416 ante
1680 384 1686 386 ⁷

185 433 328 488 pedes.
346 443 458 484 ωοε,
481 433 533 474 ad
552 443 720 474 >terram
746 433 878 490 virgis
904 444 948 475 et
971 433 1218 474 verberibus
1251 432 1497 487 abjectum?
1534 432 1626 473 Au-

185 489 239 530 de
271 489 354 530 hoc
384 490 571 546 primum
601 505 773 547 negare,
797 493 831 532 si
861 502 999 547 potes.
1034 504 1161 531 nemo
1193 490 1376 545 Lilybaei
1401 489 1498 539 fuit,
1519 490 1625 544 quin

186 546 368 589 viderit:
401 561 528 589 nemo
562 548 607 589 in
630 549 791 599 Sicilia,
814 549 918 604 quin
947 548 1146 589 audierit.
1209 547 1355 603 Plagis
1376 547 1625 588 confectum

185 603 285 645 dico
318 619 344 646 a
374 605 599 646 lictoribus
633 606 718 647 tuis
750 606 890 648 civem
925 606 1172 647 Romanum
1205 615 1305 646 ante
1343 605 1490 646 oculos
1529 614 1626 645 tuos

165 662 441 704 concidisse.
493 663 564 704 Ob
586 679 715 719 quam
739 667 937 709 causam?
968 664 1026 704 dii
1050 664 1334 704 immortales!
1369 663 1537 704 tametsi
1561 663 1710 705 iri-141

180 718 343 774 juriani
380 720 493 762 facio
516 722 736 762 communi
769 735 910 762 causae
939 730 982 762 et
1007 721 1098 776 juri
1131 721 1336 761 civitatis.
1369 720 1490 776 quasi
1511 720 1627 761 enim

186 777 325 833 possit
346 791 436 819 esse
458 777 543 819 ulla
564 794 707 830 causa,
738 793 814 819 cur
837 778 921 818 hoc
953 779 1155 833 cuiquam
1184 777 1268 818 civi
1305 778 1505 819 Romano
1528 777 1628 833 jure

186 834 372 886 accidat,
403 836 464 877 ita
484 850 648 890 quaero,
669 850 766 891 quae
790 836 834 876 in
858 835 1041 876 Servilio
1060 849 1188 875 causa
1210 834 1353 876 fuerit.
1406 835 1629 891 Ignoscite

187 891 233 933 in
257 892 339 934 hoc
362 907 465 945 uno,
492 894 678 947 judices.
701 893 746 934 in
767 893 920 933 ceteris
941 893 1054 933 enim
1080 907 1166 933 non
1196 906 1458 949 magnopere
1478 908 1629 934 causas

185 951 416 1006 requiram.
480 949 670 992 Locutus
700 959 792 991 erat
824 950 998 991 liberius
1030 950 1082 991 de
1115 950 1237 990 istius
1263 951 1544 1006 improbitate
1564 961 1630 992 at-

187 1020 272 1063 que
293 1007 501 1063 nequitia.
563 1008 694 1055 Quod
727 1008 799 1049 isti
833 1007 1010 1049 simulac
1041 1008 1339 1049 renunciatum
1371 1018 1457 1050 est:
1490 1008 1631 1049 homi·
1678 1007 1679 1010 '

169 1079 287 1106 -nem
309 1065 440 1121 jubet
470 1064 713 1121 Lilybaeum
747 1066 1043 1107 vadimonium
1077 1065 1262 1106 Venerio
1296 1081 1418 1107 servo
1449 1066 1631 1122 promit-

170 1130 295 1163 ·tere.
356 1121 595 1164 Promittit.
658 1123 902 1180 Lilybaeum
936 1124 1121 1164 venitur.
1156 1138 1311 1180 cogere
1342 1138 1442 1165 eum
1476 1124 1630 1180 coepit,

188 1194 290 1221 cum
322 1190 470 1237 ageret
499 1195 643 1233 nemo,
673 1196 801 1222 nemo
834 1181 1085 1238 postularet,
1112 1181 1209 1222 H-S
1240 1182 1408 1222 duobus
1441 1181 1631 1222 millibus

189 1238 467 1293 sponsionem
490 1239 631 1280 facere
651 1254 750 1281 cum
782 1239 933 1280 lictore
964 1253 1055 1289 su0,
1088 1252 1140 1280 NI
1178 1252 1350 1280 FURTrs
1385 1253 1629 1292 QUAESTUM

192 1309 434 1338 FACERET.
496 1297 837 1353 Recuperatores
866 1298 918 1338 de
953 1297 1132 1338 cohorte
1168 1311 1243 1337 sua
1276 1297 1383 1338 dicit
1414 1298 1631 1340 daturum.

176 1353 395 1394 Servilius
437 1363 481 1395 et
520 1368 715 1396 recusare
752 1363 796 1395 et
835 1354 1070 1410 deprecari,
1108 1368 1162 1394 ne
1202 1354 1361 1409 iniquis
1391 1354 1632 1409 judicibus,

189 1411 307 1452 nullo
330 1410 586 1463 adversario,
601 1412 817 1467 judicium
838 1413 992 1468 eapitis
1013 1412 1054 1452 in
1075 1426 1118 1452 se
1137 1412 1485 1453 constitueretur.
1518 1412 1631 1454 Haec
1645 1426 1717 1462 1453

189 1483 290 1509 cum
327 1469 518 1510 maxime
555 1469 814 1525 loqueretur,
848 1484 922 1511 sex
962 1469 1134 1510 lictores
1169 1483 1268 1509 eum
1307 1470 1634 1512 circumsistunt

176 1525 487 1578 valentissimi,
523 1537 567 1568 et
596 1528 648 1568 ad
683 1527 914 1584 pulsandos
938 1527 1310 1582 verberandosque
1338 1527 1534 1569 homines
1556 1543 1633 1570 ex-

190 1583 508 1626 ercitatissimi:
541 1585 717 1626 caedunt
753 1585 959 1627 acerrime
1003 1585 1158 1641 virgis:
1189 1585 1375 1640 denique
1411 1586 1634 1641 proximus

190 1641 318 1683 lictor
353 1642 426 1694 (de
461 1657 548 1697 quo
586 1658 701 1699 saepe
727 1643 822 1699 jam
859 1643 971 1693 dixi)
1007 1643 1185 1694 Sestius,
1218 1657 1426 1684 converso
1464 1644 1634 1696 bacillo,

190 1699 340 1740 oculos
374 1700 529 1741 misero
566 1702 744 1742 tundere
767 1700 1144 1742 vehementissime
1172 1701 1325 1757 coepit.
1387 1699 1541 1757 Itaque
1573 1702 1634 1743 illi

177 1771 293 1798 xcum
326 1758 501 1813 sanguis
533 1773 581 1799 os
617 1759 849 1815 oculosque
881 1758 1155 1815 complesset,
1186 1759 1403 1810 concidit3
1434 1773 1535 1800 cum
1574 1760 1634 1802 illi

178 1813 330 1856 *nihilo
352 1815 495 1856 minus
510 1815 675 1872 jacenti
699 1817 832 1858 latera
853 1817 1148 1867 tunderentur,
1181 1824 1230 1857 ut
1250 1816 1482 1872 aliquando
1504 1831 1634 1873 spon-

157 1872 294 1913 -.dere
329 1887 373 1913 se
405 1873 582 1915 diceret.
635 1875 708 1916 Sic
737 1874 807 1916 ille
835 1875 1032 1926 affectus,
1064 1874 1181 1915 illinc
1220 1883 1312 1915 tum
1349 1889 1428 1931 pro
1460 1884 1632 1917 mortuo
1646 1902 1677 1933 p.
1691 1893 1764 1927 265.

177 1929 402 1981 sublatus,
453 1932 570 1972 brevi
613 1941 764 1989 postea
801 1942 865 1973 est
914 1941 1123 1973 mortuus.
1187 1931 1274 1973 Iste
1315 1932 1674 1975 aute-mvhomoa-

193 1987 418 2040 Venerius,
451 1998 495 2030 et
523 1989 701 2031 affluens
732 1991 852 2031 omni
884 1991 1029 2046 lepore
1066 2000 1110 2031 et
1145 2000 1383 2040 venustate,
1418 1990 1471 2031 de
1508 1991 1633 2033 bonis

190 2045 305 2087 illius
341 2046 383 2087 in
422 2046 516 2088 aede
549 2047 727 2089 Veneris
761 2058 1014 2104 argenteum
1043 2047 1304 2104 Cupidinem
1340 2049 1528 2105 posuit.'
1560 2049 1634 2091 Sic

178 2104 322 2145 etiam
344 2103 529 2145 fortunis
550 2105 777 2146 hominum
799 2107 1059 2147 abutebatur
1079 2107 1133 2147 ad
1155 2116 1368 2147 nocturna
1389 2115 1491 2147 vota
1511 2107 1634 2163 cupi-

192 2162 378 2203 ditatum
401 2177 589 2204 suarum.
652 2163 766 2204 Nam
787 2164 892 2219 quid
921 2178 1004 2220 ego
1036 2164 1089 2205 de
1111 2164 1263 2205 ceteris
1278 2164 1447 2205 civium
1472 2164 1634 2205 Roma·
1646 2167 1717 2219 55

191 2234 347 2261 norum
378 2220 600 2277 suppliciis
623 2221 874 2277 singillatim
903 2222 1064 2278 potius,
1085 2236 1215 2277 quam
1244 2223 1479 2279 generatim
1505 2231 1633 2278 atque
1648 2243 1720 2276 143

191 2277 391 2319 universe
411 2277 585 2334 loquar?
618 2278 778 2320 Carcer
797 2278 881 2330 ille,
904 2280 978 2335 qui
1001 2289 1065 2321 est
1087 2295 1112 2321 a
1131 2279 1427 2321 crudelissimo
1450 2290 1635 2336 tyranno

188 2334 411 2392 >Dionysio
445 2335 586 2378 factus
625 2337 863 2393 Syracusis,
893 2339 1039 2393 57quae
1072 2337 1294 2379 lautumiae
1332 2347 1556 2389 vocantur,
1591 2339 1637 2380 in
1678 2363 1680 2365 >

186 2393 317 2434 istius
348 2393 531 2450 imperio
570 2394 838 2437 domicilium
881 2394 1043 2436 civium
1082 2395 1381 2437 Romanorum
1416 2395 1514 2437 fuit.
1574 2397 1639 2439 Ut

184 2451 377 2507 -quisque
398 2451 521 2493 istius
543 2453 737 2494 animum
766 2461 841 2494 aut
873 2452 1021 2494 oculos
1050 2452 1304 2504 offenderat,
1335 2453 1379 2493 in
1408 2453 1639 2496 lautumias

183 2509 342 2550 statim
363 2510 695 2566 conjiciebatur.
749 2509 985 2567 Indignum
1007 2511 1092 2552 hoc
1115 2511 1241 2552 video
1263 2510 1398 2552 videri
1421 2511 1639 2564 omnibus,

189 2565 382 2621 judices:
415 2578 459 2608 et
485 2568 639 2624 idjam
662 2568 805 2625 priore
827 2569 1013 2620 actione,
1035 2583 1134 2610 cum
1160 2569 1256 2611 haec
1279 2577 1407 2610 testes
1429 2570 1637 2622 dicerent,

159 2671 175 2676 Α,
195 2623 404 2678 intellexi.
439 2625 611 2667 retineri
634 2627 750 2668 enim
773 2627 934 2683 putatis
967 2636 1167 2683 oportere
1182 2626 1285 2682 jura
1305 2626 1516 2668 libertatis
1548 2642 1637 2676 non

183 2681 327 2727 ,modo
349 2681 436 2734 hic,
468 2683 543 2724 ubi
567 2684 727 2726 tribuni
763 2684 900 2740 plebis
928 2692 1049 2736 ⁴sunt,
1072 2685 1147 2726 ubi
1181 2684 1312 2729 ceteri
1343 2685 1638 2741 magistratus,

197 2739 272 2780 ubi
299 2739 474 2796 plenum
506 2740 649 2783 forum
669 2742 954 2799 judiciorum,
977 2742 1052 2784 ubi
1086 2751 1259 2784 senatus
1281 2743 1532 2795 auctoritas,
1565 2744 1638 2785 ubi

274 2856 313 2904 57
335 2880 406 2912 quoe
426 2873 598 2905 lautumias
611 2874 784 2916 vocantur]
810 2873 993 2907 Glossaest
1005 2874 1117 2908 addita
1130 2885 1150 2914 e
1161 2860 1396 2918 superioribuS,
1418 2885 1448 2906 c.
1463 2875 1517 2908 27.
