1907 3231
619 132 735 170 PRO
767 132 810 169 P.
837 131 1109 172 QUINTIO.
1546 130 1573 169 7

143 236 359 287 venderet,
380 235 543 276 domini
557 234 699 290 Jussu,
717 236 937 292 quippiam
960 233 1237 292 promisisset.
1278 231 1570 273 Destitutione
1583 239 1637 276 20

146 293 217 334 illa
250 292 464 349 perculsus
493 293 714 344 Quintius,
743 308 769 334 a
801 292 994 349 Scapulis
1024 306 1182 348 paucos
1211 289 1300 331 dies
1334 289 1495 330 aufert:
1528 290 1571 329 in

148 350 332 391 Galliam
364 350 514 401 mittit,
547 359 594 390 ut
626 363 689 400 ea,
724 365 821 405 quae
852 350 1171 406 proscripserat,
1206 345 1423 387 venirent:
1455 346 1571 385 dete-

146 407 256 448 riore
277 416 468 462 tempore
494 407 646 447 absens
667 407 962 448 auctionatur:
995 405 1188 461 Scapulis
1210 402 1449 444 difficiliore
1470 416 1573 442 con-

145 463 308 504 ditione
338 463 545 505 dissolvit.
570 472 670 504 tunc
702 464 887 520 appellat
910 464 1021 505 ultro
1046 463 1261 511 Naevium,
1286 469 1345 511 ut,
1368 459 1572 514 quoniam

148 520 446 575 suspicaretur,
479 520 620 576 aliqua
652 521 704 561 de
743 535 786 562 re
818 521 909 562 fore
938 519 1286 568 controversiam,
1317 517 1494 566 videret,
1526 524 1573 556 ut

146 591 274 630 quam
298 578 496 633 primum,
518 588 562 618 et
581 592 709 633 quam
729 578 908 619 minima
928 593 1025 619 cum
1046 575 1240 617 molestia
1259 584 1349 620 tota
1370 587 1434 619 res
1458 582 1571 619 tran-

145 633 368 688 sigeretur.
427 634 567 675 26Dat
601 635 680 675 iste
719 635 903 676 amicum
938 634 1005 676 M.
1027 633 1310 682 Trebelliu1n;
1343 646 1420 672 nos
1453 634 1630 671 com-21

142 703 317 731 munem
349 692 648 742 necessarium,
670 692 743 747 qui
775 692 896 733 istius
919 692 1034 733 (lomi
1060 701 1149 732 erat
1180 690 1399 739 educatus,
1420 696 1463 729 et
1485 702 1569 742 quo
1583 688 1657 725 1⁸4·

142 747 343 789 utebatur
366 748 446 789 iste
477 749 721 804 plurimum,
745 750 1031 805 propinquum
1054 757 1262 798 nostrum,
1286 746 1386 787 Sex.
1410 743 1571 800 Alphe-
1583 740 1612 759 ³·

140 817 259 867 num.
321 804 406 846 Res
429 807 658 848 convenire
687 806 803 847 nullo
826 806 954 847 modo
985 814 1177 861 poterat:
1211 812 1436 861 propterea
1457 802 1572 857 quod

139 860 212 902 hic
252 862 510 904 mediocrem
545 863 761 918 jacturam
799 862 939 903 facere
977 862 1178 918 cupiebat
1198 879 1209 913 ;
1249 860 1327 909 iste
1365 858 1569 900 mediocri

140 918 287 981 praeda
306 929 534 962 contentus
566 935 650 961 non
673 929 777 961 erat.
838 920 989 975 Itaque
1020 934 1072 960 ex
1099 933 1150 960 eo
1173 928 1364 973 tempore
1395 930 1458 957 res
1481 930 1569 956 esse
1582 928 1636 964 Ως

138 988 183 1015 m
205 976 497 1017 vadimonium
515 978 667 1033 coepit.
728 976 840 1018 Cum
864 977 1109 1030 vadimonia
1130 990 1244 1032 saepe
1265 974 1396 1021 dilata
1417 982 1572 1025 essent,

141 1040 184 1072 et
205 1047 304 1074 cum
333 1033 597 1089 aliquantum
622 1036 824 1089 temporis
849 1036 889 1075 in
913 1050 961 1075 ea
986 1049 1029 1076 re
1056 1043 1166 1074 esset
1187 1043 1474 1081 consumtum,
1497 1045 1571 1071 ne-

138 1104 222 1151 que
259 1090 492 1147 quidquam
531 1094 570 1126 ‘27
584 1091 824 1148 profectum
863 1101 997 1143 esset3
1029 1092 1147 1131 venit
1184 1090 1236 1130 ad
1277 1088 1567 1130 vadimonium

141 1146 336 1210 Iffltjevius.
396 1148 604 1199 Obsecro,
628 1148 679 1191 C.
702 1149 878 1204 Aquilli,
902 1164 1075 1204 vosque,
1102 1147 1173 1204 qui
1205 1146 1361 1187 adestis
1392 1146 1435 1186 in
1465 1144 1615 1198 con-6

138 1202 248 1254 silio,
270 1207 310 1237 98
322 1217 368 1245 ut
390 1205 618 1261 diligenter
648 1206 893 1258 attendatis,
918 1216 965 1246 ut
998 1205 1210 1261 singulare
1237 1218 1370 1260 genus
1393 1202 1568 1252 fraudis,

138 1268 184 1301 et
204 1275 360 1302 novam
383 1262 591 1304 rationem
614 1263 864 1303 insidiarum
887 1276 1147 1318 cognoscere
1170 1261 1356 1316 possitis.
1415 1258 1505 1310 Ait,
1528 1274 1570 1300 se
1583 1274 1636 1310 23

140 1318 433 1382 auctionatum
457 1334 548 1360 esse
569 1320 613 1360 in
638 1319 804 1370 Gallia:
837 1320 949 1375 quod
989 1320 1069 1360 sibi
1101 1317 1328 1368 videretur,
1359 1331 1402 1357 se
1425 1316 1572 1357 vendi-

141 1375 253 1415 disse
268 1391 282 1438 :-
310 1391 492 1428 curasse,
514 1391 567 1417 ne
589 1377 691 1432 quid
720 1377 802 1417 sibi
825 1377 1005 1418 societas
1028 1376 1225 1417 deberet:
1259 1374 1411 1429 sejam
1435 1388 1573 1428 neque

142 1432 285 1473 vadari
304 1433 501 1488 amplius,
521 1448 658 1489 neque
678 1434 970 1475 vadimonium
991 1433 1254 1490 promittere.
1274 1432 1307 1472 si
1327 1431 1429 1487 quid
1448 1444 1574 1486 agere

139 1502 281 1529 secum
306 1490 409 1530 velit
432 1492 654 1542 Quintius,
680 1506 766 1531 non
798 1506 1005 1532 recusare.
1068 1490 1172 1540 Hic,
1196 1504 1294 1530 eum
1326 1503 1413 1529 rem
1437 1487 1576 1529 Galli·

135 1560 285 1609 canam
317 1559 492 1604 cuperet
526 1549 720 1599 revisere,
752 1548 969 1589 hominem
1001 1549 1046 1590 in
1075 1546 1302 1604 praesentia
1335 1560 1420 1586 non
1446 1545 1572 1586 vada-

139 1611 221 1644 tur.
244 1613 305 1644 lta
326 1605 417 1646 sine
436 1606 683 1647 vadimonio
702 1605 949 1647 disceditur.
982 1605 1152 1647 Deinde
1176 1603 1329 1645 Romae
1354 1603 1443 1643 dies
1465 1616 1569 1642 xxx

137 1659 225 1723 fere
257 1661 460 1707 Quintius
491 1671 794 1704 commoratur.
827 1678 925 1704 cum
948 1663 1114 1713 ceteriS,
1146 1676 1242 1717 quae
1274 1660 1476 1710 habebat,
1501 1674 1572 1700 va-

136 1716 328 1762 dunonia
357 1719 514 1771 differt,
547 1730 595 1761 ut
623 1721 850 1776 expeditus
882 1721 924 1761 in
950 1720 1136 1762 Galliam
1166 1717 1380 1774 proficisci
1411 1725 1569 1772 posset.

135 1774 437 1830 proficiscitur.
511 1778 653 1819 Roma
693 1778 910 1833 egreditur
946 1780 1098 1818 2921th
1136 1776 1249 1817 diem
1293 1789 1347 1816 11.
1387 1773 1636 1824 Kalend.c24

141 1831 377 1895 Februarii,
414 1834 619 1890 Scipione
657 1844 700 1876 et
739 1835 947 1877 Norbano
988 1835 1110 1876 Coss.
1173 1833 1349 1883 QuaesQ
1389 1840 1436 1871 ut
1472 1846 1569 1872 eum

136 1888 250 1952 diem
280 1892 498 1934 memoriae
530 1892 756 1936 mandetis.
817 1892 867 1935 L.
888 1892 1057 1943 Albius,
1089 1892 1191 1933 Sex.
1222 1889 1348 1940 filius,
1373 1889 1571 1939 Quirina,

134 1961 201 1986 vir
224 1947 374 1999 bonus,
397 1958 440 1989 et
457 1963 556 1990 cum
579 1949 728 2005 primis
751 1949 971 2000 honestus,
994 1965 1077 1990 una
1100 1947 1317 2005 profectus
1340 1955 1418 1987 est.
1459 1946 1571 1986 Cum

135 2004 350 2067 venissent
372 2006 424 2047 ad
448 2007 570 2049 Vada
591 2005 867 2047 Volaterrana
884 2021 981 2062 quae
1004 2006 1295 2054 nominantur,
1312 2003 1460 2044 vident
1479 2017 1573 2057 per-

133 2060 387 2103 familiarem
409 2063 568 2114 Naevii,
591 2065 663 2119 qui
687 2078 740 2105 ex
762 2063 905 2104 Gallia
927 2078 1080 2120 pueros
1100 2062 1267 2104 venales
1292 2060 1362 2101 isti
1387 2060 1573 2101 adduce-

134 2117 224 2170 bat,
257 2118 306 2160 L.
338 2119 600 2172 Publicium,
632 2121 721 2178 qui,
757 2130 803 2162 ut
837 2121 1023 2162 Romam
1058 2120 1190 2172 venit,
1222 2126 1366 2159 narrat
1402 2117 1572 2173 Naevio,

135 2275 187 2307 Sic
201 2280 236 2308 et
249 2277 285 2309 Ρ.
305 2278 489 2314 Manutius.
534 2279 596 2311 Sed
615 2289 682 2310 non
705 2284 755 2311 est
777 2290 832 2310 ne-

131 2319 318 2365 cessarium.
363 2322 491 2353 Similes
509 2322 625 2353 sormae
645 2327 725 2352 sunt
745 2322 831 2360 aliae,

131 2364 170 2408 ut
185 2362 366 2409 ‚ludit-ium,
385 2367 584 2404 sponsionem
610 2365 749 2401 vim-ere,
772 2375 832 2405 pro

129 2403 269 2441 Judicio,
289 2407 474 2445 sponsione.
491 2417 522 2438 v.
539 2407 630 2437 Clav.
645 2407 677 2436 in
693 2408 834 2445 vincere.

132 2444 212 2476 adde
227 2451 260 2477 et
274 2447 418 2479 Turneb.
431 2449 562 2480 Advers.
577 2449 705 2487 XVIII,
721 2451 770 2479 ¹21.

160 2488 218 2535 ‚9⁶
239 2488 315 2520 Dat
333 2491 393 2521 iste
407 2492 550 2522 amicum
565 2491 615 2522 M.
637 2492 707 2531 Tr.]
734 2491 833 2522 Lam·

137 2528 233 2559 bmus
255 2531 290 2562 in
306 2531 385 2563 Mss.
401 2534 592 2572 quibusdam
609 2535 728 2574 reperit
747 2535 833 2563 arbi-

133 2574 243 2605 trum,-
267 2574 352 2613 quod
367 2585 435 2605 non
448 2581 498 2606 est
512 2581 659 2607 erratum
682 2576 831 2606 librario-

134 2623 206 2643 rum
219 2626 225 2643 :
250 2615 305 2646 sed
318 2616 447 2647 videtur
460 2628 528 2648 esse
543 2617 660 2657 glossa.

175 2656 214 2689 27
231 2657 418 2697 profectum
439 2660 533 2700 esset]
559 2660 611 2690 Sic
633 2659 792 2690 edidimus
814 2671 832 2691 e

134 2696 215 2728 Mss.
253 2700 304 2730 ed.
323 2701 374 2731 w.
404 2701 444 2732 R.
476 2702 515 2733 B.
550 2702 645 2733 Junt.
681 2707 719 2732 ut
753 2707 832 2733 ante

134 2748 192 2769 nos
221 2740 377 2773 Gra’vius.
400 2744 508 2784 Vulgo
527 2743 711 2784 perfectum
735 2749 832 2775 esset.-

133 2781 221 2820 quod
240 2786 352 2815 tamen
364 2790 400 2816 et
418 2786 526 2826 ipsum
541 2795 673 2817 sensum
688 2796 833 2817 commo·

134 2823 213 2853 dum
228 2824 337 2856 habet.

174 2867 213 2896 38
237 2871 274 2897 ut
301 2869 477 2908 diligenter
508 2871 700 2911 attendatis]
739 2871 832 2902 Arbi-

874 2289 945 2310 tror
956 2285 993 2311 ut
1007 2289 1076 2311 esse
1091 2278 1264 2310 delendum
1276 2289 1283 2307 t
1309 2287 1374 2307 non
1388 2275 1484 2307 modo
1497 2276 1575 2315 quia

874 2323 941 2353 fere
964 2324 1086 2353 obsecro
1110 2323 1180 2352 sine
1201 2325 1239 2351 ut
1262 2320 1394 2355 dicitur,
1421 2319 1477 2348 sed
1497 2320 1574 2357 quia

875 2365 987 2405 statim
1009 2365 1156 2405 sequitur
1169 2368 1218 2400 ut,
1240 2373 1304 2402 quo
1327 2362 1366 2391 fit
1386 2361 1492 2391 oratio
1514 2361 1572 2390 du-

875 2417 951 2437 rior.

920 2451 960 2483 99
974 2453 1050 2479 ante
1064 2450 1147 2478 diem
1165 2447 1215 2477 ΙΙ.
1233 2445 1390 2485 Kalend]
1408 2447 1427 2476 i.
1443 2457 1471 2476 e.
1490 2444 1571 2485 prid.

879 2491 953 2521 Kal.
967 2492 1018 2521 Sic
1031 2491 1157 2522 edidere
1175 2490 1310 2520 Hotom.
1319 2494 1354 2519 et
1366 2488 1545 2519 Lambinus
1555 2499 1573 2517 e

877 2544 904 2563 c.
922 2535 968 2563 ia.
984 2533 1040 2564 ubi
1053 2541 1197 2572 egressus
1214 2532 1321 2562 Roma
1335 2531 1418 2571 prid.
1433 2530 1508 2560 Kal.
1525 2529 1572 2559 di-

875 2576 972 2606 citur.
1016 2575 1077 2605 Sed
1097 2575 1158 2605 hac
1172 2574 1278 2604 forma
1293 2573 1327 2603 in
1342 2583 1380 2603 ea
1394 2573 1445 2603 die
1461 2572 1571 2602 Latini

876 2627 943 2648 non
951 2618 1000 2647 usi
1011 2624 1109 2654 sunt;
1125 2616 1345 2657 semperprid.
1358 2614 1438 2645 Kal.
1452 2615 1571 2648 dixere,

875 2666 914 2689 ut
936 2665 984 2690 est
1005 2671 1032 2690 e.
1061 2663 1106 2690 18.
1126 2658 1214 2689 Nam
1238 2658 1328 2688 locus
1345 2667 1385 2687 ex
1406 2658 1510 2697 Epist.
1533 2655 1574 2686 ad

876 2701 965 2732 Fam.
988 2702 1015 2732 V
1020 2702 1047 2738 1,
1071 2704 1118 2732 14.
1134 2710 1229 2740 quem
1249 2700 1385 2732 Hotom.
1401 2700 1508 2735 affert,
1524 2704 1574 2728 est

875 2744 1021 2774 vitiosus.
1031 2745 1137 2783 ibique
1149 2743 1337 2782 edit-urjam
1350 2747 1437 2771 recte
1447 2751 1478 2770 a.
1492 2742 1522 2770 d.
1535 2739 1572 2770 V.

877 2786 957 2816 Kal.
1002 2786 1082 2817 Edd.
1099 2790 1212 2816 autem
1226 2784 1265 2814 R.
1282 2784 1333 2814 W.
1350 2784 1388 2814 B.
1403 2784 1499 2813 dunt.
1516 2784 1572 2812 &ca

877 2828 956 2859 Mss.
972 2829 1070 2859 multi
1085 2828 1208 2859 habent
1224 2830 1300 2857 ante
1315 2827 1399 2856 diem
1415 2825 1475 2857 JV.
1492 2825 1572 2856 Kal.

821 2920 899 2955 134
