1907 3231
618 102 733 141 PRO
760 102 804 139 A.
834 102 1085 140 CAECINA.
1504 106 1580 141 463

140 203 380 258 miraretur,
404 205 485 248 sibi
507 219 648 247 emere
668 221 796 249 nemo
819 215 964 262 posset
986 205 1209 269 suspicari.
1270 205 1368 248 Hac
1393 207 1581 248 emtione
1597 212 1645 251 17

142 262 270 314 tacta,
303 264 485 320 pecunia
523 263 703 304 solvitur
740 280 765 305 a
798 264 1050 305 Cae-sennia:
1083 277 1207 318 cujus
1244 265 1303 303 rei
1341 274 1465 319 putat
1503 266 1584 306 iste

140 320 351 362 rationem
389 321 507 362 reddi
541 335 627 361 non
662 336 800 377 posse,
837 325 872 352 ¹3
886 322 1002 378 quod
1036 321 1128 377 ipse
1159 319 1324 360 tabulas
1356 322 1582 362 averterit:

141 391 185 417 se
217 387 362 419 autem
396 378 554 419 habere
585 379 818 425 aro-emani
852 379 1034 430 tabulas,
1068 379 1112 419 in
1143 377 1300 433 quibus
1338 377 1419 418 sibi
1462 382 1585 419 1481(-

140 448 273 530 {ensa
303 435 487 491 pecunia
519 435 605 476 lata
638 436 707 487 sit,
740 446 1004 492 acceptaque
1037 436 1193 477 relata:
1225 434 1347 490 quasi
1386 434 1429 475 id
1463 435 1587 478 aliter

172 501 511 547 er10p01tue11t
573 493 686 534 Cum
718 494 863 535 omnia
894 494 955 535 ita
985 493 1102 535 facta
1125 501 1281 543 essent,
1303 492 1585 548 quemadmo-

139 548 239 589 dum
274 564 351 590 nos
386 549 672 602 defendimus,
705 550 933 592 Caesennia
969 550 1150 592 fundum
1185 549 1390 614 possedit
1406 548 1588 590 locavit-

139 620 247 660 que:
280 621 420 663 neque
443 607 503 648 ita
524 608 660 649 multo
684 619 783 664 post
805 609 860 649 A.
885 607 1075 649 Caecinae
1098 608 1260 664 nupsit.
1298 607 1390 648 Ut
1381 621 1425 647 111
1448 621 1588 662 pauca

139 663 374 715 conferam,
400 674 658 707 testamento
691 666 808 707 iacto
838 666 991 706 mulier
1022 665 1218 707 moritur.
1250 664 1355 705 facit
1384 663 1585 705 heredem

139 734 193 760 ex
223 721 387 763 deunce
419 732 462 763 et
496 724 716 764 semuncia
747 723 995 764 Caecinam:
1028 738 1082 763 ex
1116 723 1281 763 duabus
1314 721 1492 762 sextulis
1517 721 1583 762 M.

140 776 401 830 Fulcinium,
432 780 635 821 libertum
666 780 896 836 superioris
921 781 1025 821 viri:
1060 780 1241 820 AEbutio
1266 779 1478 820 sextulam
1510 779 1586 820 ad·-

139 836 317 892 spergit.
379 837 508 879 Hanc
532 837 745 878 sextulam
777 837 848 877 illa
869 837 1111 877 mercedem
1144 837 1214 877 isti
1238 851 1328 877 esse
1351 837 1488 877 voluit
1519 852 1585 877 as-

138 893 353 935 siduitatis
377 906 420 936 et
442 895 667 946 molestiae,
690 895 723 934 si
746 909 845 949 quai
837 909 875 934 11
899 904 1157 950 susceperat.
1221 892 1309 934 Iste
1336 903 1479 934 autem
1504 894 1584 935 hac

138 951 307 992 58Χ1111·1
339 968 383 994 58
416 967 563 993 ansam
593 952 775 992 retinele
802 966 995 992 oninium
1019 951 1408 992 controversiarum
1442 960 1582 1007 putat.

137 1007 238 1050 Jam
271 1010 486 1066 principio
516 1024 643 1050 ausus
681 1018 747 1050 cst
775 1009 936 1073 dicere,
973 1024 1059 1050 non
1094 1023 1219 1065 posse
1254 1008 1453 1049 heredem
1492 1003 1632 1058 85587

140 1065 382 1108 Caesenniae
418 1067 579 1109 Caecin
573 1082 668 1108 {zm
701 1067 817 1122 quod
851 1067 886 1106 is
921 1067 1132 1108 deteriore
1165 1081 1261 1123 Jure
1294 1075 1420 1118 esset,
1453 1080 1582 1121 quam
1600 1076 1646 1109 18

137 1125 267 1165 ceteri
291 1124 420 1175 cives,
454 1134 630 1180 p1··optc1
660 1124 984 1165 incommodum
1008 1125 1100 1165 Vol
1094 1134 1386 1165 tterranorum
1409 1124 1585 1164 8111111111-

138 1190 357 1238 tatemque
378 1183 565 1223 civilem.
627 1182 780 1237 Itaque
805 1181 933 1222 homo
957 1181 1132 1223 timidus
1160 1181 1484 1237 imperitusque,
1508 1182 1582 1236 qui

137 1253 276 1294 neque
298 1239 446 1291 animi,
470 1254 607 1295 neque
634 1239 802 1281 consilii
835 1239 937 1279 satis
967 1239 1159 1289 haberet,
1182 1254 1269 1279 non
1302 1239 1472 1295 putavit
1493 1253 1584 1280 esse

139 1297 246 1338 tanti
280 1296 577 1347 hereditatem,
601 1309 647 1338 ut
677 1297 730 1337 de
760 1297 937 1337 civitate
968 1297 1012 1337 in
1045 1297 1226 1338 dubium
1255 1296 1445 1337 veniret:
1478 1311 1583 1337 con-

137 1354 280 1406 cessit,
303 1355 446 1405 credo,
469 1355 667 1405 AEbuti0‚
689 1364 899 1410 quantum
923 1354 1063 1406 vellet,
1096 1356 1147 1395 de
1180 1353 1422 1395 Caesenniae
1457 1354 1580 1395 bonis

138 1421 187 1453 ut
215 1412 419 1454 haberet:
453 1413 600 1463 immo,
633 1421 681 1452 ut
714 1412 802 1452 viro
838 1411 938 1452 forti
972 1427 1022 1453 ac
1053 1411 1233 1468 sapienti
1267 1411 1448 1467 dignum
1482 1411 1623 1462 fuit,b.

137 1469 199 1510 ita
239 1470 498 1511 calumniam
540 1469 853 1524 stultitiamque
894 1469 1075 1510 obtrivit
1115 1485 1164 1510 ac
1202 1469 1417 1510 contudit.
1480 1468 1579 1509 Ι5111
1597 1477 1643 1511 19

137 1526 406 1583 possessione
441 1528 654 1568 bonoium
686 1542 784 1568 cum
822 1535 947 1576 esset,
978 1536 1022 1567 et
1061 1528 1205 1568 ¹6eum
1241 1526 1332 1581 ipse
1369 1525 1583 1567 sextulam

137 1599 257 1626 suam
289 1599 469 1626 nimium
496 1594 794 1642 exaggeraret
822 1584 997 1625 nomine
1029 1583 1196 1625 heredis
1228 1583 1438 1624 arbitrum
1461 1583 1587 1625 fami-

136 1641 206 1683 liae
229 1642 492 1684 erciscundae
516 1621 669 1699 postul·
662 1642 766 1683 ivit.
789 1651 918 1697 atque
941 1642 1022 1682 illis
1054 1642 1203 1698 paucis
1225 1641 1392 1691 diebus,
1416 1651 1587 1697 postea-

137 1714 266 1755 quam
285 1700 417 1751 videt,
438 1700 545 1742 nihil
567 1716 610 1741 se
632 1701 686 1741 ab
706 1699 760 1740 A.
773 1699 950 1741 Caecina
974 1714 1097 1755 posse
1116 1700 1258 1741 litium
1282 1708 1441 1739 termole
1463 1700 1588 1740 abra-

136 1758 261 1799 dere.
293 1757 460 1799 homini
488 1758 642 1799 Romae.
679 1759 719 1798 in
756 1757 850 1798 foio
879 1757 1121 1808 denuntiat,
1145 1756 1326 1797 fundum
1360 1756 1494 1807 illum,
1532 1757 1585 1798 de

137 1831 223 1870 quo
262 1824 362 1856 ante
401 1816 509 1867 dixi,
543 1816 666 1872 cujus
707 1815 836 1856 istum
872 1824 1082 1856 emtorem
1124 1814 1415 1855 demonstraxi
1453 1790 1585 1856 fiiisse

137 1871 265 1913 mand
271 1882 342 1913 atu
369 1873 627 1924 Caesenniae,
652 1888 772 1914 suun]
798 1887 904 1923 esse,
927 1887 1056 1938 seque
1080 1872 1159 1913 sibi
1183 1871 1352 1912 emisse.
1415 1874 1451 1905 17
1465 1872 1585 1919 Quid

137 1930 226 1973 ais?
259 1940 356 1971 tuus
388 1931 458 1971 ille
488 1931 645 1972 fundus
672 1941 750 1980 851,
773 1945 902 1985 quem
935 1931 1026 1971 sine
1057 1930 1141 1971 ulla
1163 1929 1458 1970 contr-ovemia
1479 1944 1585 1985 qua-

136 1988 396 2040 driennium,
427 1988 511 2030 hoc
537 1999 616 2040 est,
649 2002 703 2029 ex
735 2003 821 2044 quo
850 1998 1043 2045 tempore
1074 1987 1232 2032 fundus
1261 1987 1410 2039 veniit,
1440 1987 1583 2043 quoad

926 2152 962 2179 15
987 2149 1028 2179 In
1053 2149 1247 2189 possessione
1269 2147 1297 2179 b.
1322 2157 1349 2177 c.
1373 2147 1465 2186 esset]
1501 2146 1583 2177 Edd.

878 2190 975 2222 Rom.
991 2192 1047 2222 ΒΓ.
1063 2191 1150 2221 Med.
1161 2191 1390 2230 possessiones:
1411 2190 1498 2220 1111118
1513 2190 1583 2228 qui-

879 2233 955 2264 dam
985 2235 1152 2275 conjecere
1179 2234 1215 2263 in
1237 2234 1583 2273 possessionem—cum

181 2151 217 2179 13
240 2149 326 2189 quod
340 2149 405 2189 ipse
420 2150 505 2180 labb.
518 2149 699 2179 'a2›erler[t.·
720 2159 752 2179 se
774 2159 835 2179 au-

134 2195 199 2221 tem
214 2191 345 2230 habere]
374 2193 436 2223 Hic
456 2193 547 2223 locus
570 2192 651 2223 mihi
666 2197 835 2232 suspectus

134 2241 206 2272 est3
231 2244 291 2265 1188
313 2235 461 2265 latinitas
485 2236 563 2266 satis
580 2240 722 2264 constat.
765 2234 835 2263 Pri—

134 2286 227 2306 mum
243 2287 301 2307 cur
315 2278 381 2316 ipse
399 2277 433 2307 in
455 2278 563 2318 primo
579 2277 731 2308 additur?
757 2278 835 2307 satis

132 2326 204 2349 erat
231 2320 316 2359 quod
340 2321 424 2350 tabb.
451 2330 496 2351 sc.
521 2320 713 2355 Caesenniae,
742 2328 836 2349 (wer-

134 2363 222 2391 terit.
239 2361 356 2392 deinde
371 2364 461 2402 sequi
477 2363 615 2393 debebat
630 2362 744 2393 eadem
758 2372 835 2392 8011-

133 2405 316 2435 structione
330 2405 434 2436 altera
449 2406 533 2435 ratio
546 2418 552 2435 :
577 2405 632 2435 sed
648 2410 697 2435 est
720 2404 784 2434 alia
799 2409 834 2435 et

132 2452 273 2477 mutata.
305 2447 357 2477 An
371 2448 448 2484 fuit,
463 2449 549 2487 quod
563 2449 647 2479 tabb.
664 2448 834 2485 averterit,

133 2489 277 2529 adeoque
293 2489 465 2521 Caesennia
485 2491 592 2521 nullas
614 2491 747 2527 habeat,
763 2490 834 2528 qui-

134 2531 192 2561 bus
220 2533 413 2563 convincere
440 2533 589 2564 fraudem
627 2533 741 2574 possit,
769 2531 836 2572 ipse

133 2574 250 2604 habeat
265 2584 340 2614 arg.
356 2576 440 2606 labb.

181 2619 216 2646 14
238 2618 559 2658 expe—acceptaque]
587 2619 706 2648 Sensus
721 2621 784 2653 est,
800 2618 835 2647 in

133 2658 250 2698 quibus
273 2660 378 2699 primo
394 2661 454 2700 ipsi
479 2661 639 2700 praedium
663 2660 833 2690 venditum

132 2701 291 2740 scriptum
307 2703 363 2738 sit,
377 2702 438 2733 hoc
457 2708 521 2740 est,
538 2704 681 2743 pecunia
695 2711 835 2742 erpensa

133 2744 224 2776 laum
248 2743 364 2775 deinde
393 2747 532 2785 pecunia
560 2747 602 2776 ab
629 2746 676 2786 ips
663 2756 698 2775 5ο
726 2745 836 2774 soluta

133 2795 192 2825 pro
222 2786 356 2825 praedio‚
386 2788 451 2818 hoe
479 2795 528 2818 est
554 2794 688 2828 accepta
715 2790 835 2818 relata.

132 2827 276 2861 Pecunia
288 2829 409 2861 dieitur
423 2830 461 2862 de
476 2831 572 2862 bonis
585 2830 738 2862 omnibus
753 2840 835 2870 prae-

130 2874 183 2901 ter
196 2880 314 2902 servos.

878 2277 965 2307 isset.

926 2319 962 2349 16
985 2320 1140 2358 cumipse
1153 2319 1318 2348 sextulam
1336 2316 1409 2355 &c.]
1437 2316 1511 2357 Ipse
1528 2317 1583 2348 hic

879 2362 949 2391 sine
973 2361 1072 2391 dubio
1098 2361 1243 2391 alienum
1272 2365 1306 2390 et
1333 2359 1487 2390 vitiosum
1511 2366 1579 2391 est:

878 2413 955 2435 nam
984 2413 1043 2433 cur
1077 2403 1130 2434 hic
1157 2403 1301 2438 additur,
1331 2411 1399 2431 non
1426 2408 1516 2437 ante,
1547 2404 1582 2432 in

878 2446 1026 2476 membro
1049 2445 1288 2476 antecedente?
1313 2444 1367 2474 ubi
1391 2448 1425 2473 et
1449 2444 1584 2476 deberet

878 2498 946 2519 8558
958 2490 1024 2519 aste
1036 2488 1162 2526 Pantag
1159 2488 1263 2517 'atbus
1274 2486 1459 2525 tormoeebzt
1470 2489 1580 2518 astam

926 2534 959 2565 17
993 2531 1088 2572 (mid
1114 2531 1164 2560 ais
1176 2530 1205 2569 .?]
1239 2529 1334 2570 Ouid
1359 2529 1462 2567 agis?
1495 2530 1582 2561 male

878 2573 949 2605 edd.
974 2583 1020 2613 pn
1073 2573 1225 2604 Correxit
1248 2571 1361 2602 Aldus.
1416 2571 1494 2601 Mox
1520 2583 1580 2613 pro

878 2617 902 2646 ia
898 2617 972 2647 tius
986 2614 1178 2655 illefundus
1194 2619 1252 2651 est,
1268 2614 1338 2644 sine
1357 2613 1579 2652 haesitatione,

878 2659 918 2689 de
940 2659 975 2688 P.
998 2658 1157 2693 Manutii‚
1182 2656 1401 2693 Hotomanni,
1425 2656 1580 2688 Lambini

872 2701 1014 2741 judicio,
1037 2699 1153 2730 edidi
1141 2710 1217 2730 aus
1240 2701 1261 2729 i.
1270 2698 1306 2739 f.
1328 2709 1355 2728 e.
1379 2699 1427 2728 ita
1448 2699 1582 2730 evidens

880 2753 929 2773 185
944 2750 1004 2773 est.
1051 2743 1130 2772 Mox
1153 2742 1261 2782 qccoad
1280 2741 1364 2772 uait
1384 2740 1456 2771 edd.
1472 2742 1510 2772 R.
1527 2743 1582 2773 Br.

880 2785 969 2816 Med.
996 2787 1054 2816 &c.
1067 2785 1120 2816 w.
1137 2785 1265 2822 vitiose,
1281 2783 1389 2825 quoad
1399 2789 1493 2824 juste
1509 2796 1583 2825 pos—

878 2829 972 2860 sedit.
