1907 3231
323 136 396 170 llo
845 131 914 172 IN
950 130 1235 172 VERREM

318 236 402 276 rius
432 235 523 291 ejus
556 235 750 277 libidines
788 253 1134 286 eommemomre,
1171 238 1328 293 pudore.
1359 237 1584 278 deterreor.
1616 234 1740 277 simu}

320 293 485 333 illorum
523 293 806 334 calamitatem
845 298 1218 336 ‹·‹›n1n1em‹›r;md‹›
1256 310 1410 350 augere
1444 295 1555 343 uolo,
1581 294 1740 349 quibus

320 349 473 390 liberos
495 351 784 405 muijugesqiw
815 366 909 392 suas
940 352 1124 405 integras
1156 353 1208 391 ab
1232 351 1352 391 istius
1384 351 1619 407 petulantia
1637 363 1743 390 con-

259 406 307 439 15
321 421 483 447 servare
507 422 588 447 non
621 408 780 448 licitum
805 419 882 448 est.
942 407 999 448 At
1029 409 1141 448 enim
1176 408 1267 448 lucc
1299 409 1357 448 ita
1387 408 1613 448 commissa
1642 416 1742 447 sunt

319 464 373 503 ab
404 465 499 508 isto.
524 475 565 503 ut
600 479 682 504 nou
714 466 887 518 cognita
918 466 1003 505 siut
1031 466 1084 505 ab
1114 465 1327 506 omuibus,
1389 465 1620 506 Hominem
1650 476 1742 503 esse

317 522 500 561 arbitror
539 521 765 569 neminem,
804 522 874 575 qui
910 536 1063 561 nomen
1100 521 1218 561 istius
1256 521 1451 572 audierit,
1490 521 1593 576 quin
1626 519 1746 560 facta·

271 603 274 607 -
317 592 488 632 quoque
517 578 607 631 ejus
638 577 797 617 uel'uria
826 592 1157 618 eonunemorare
1192 579 1349 632 possit:
1383 587 1428 618 ut
1461 578 1564 618 milii
1603 577 1740 633 magis

320 635 553 674 timendum
589 635 656 682 sit,
690 648 740 673 ne
779 633 909 674 multa
943 634 1123 674 erimina
1155 635 1491 689 praetermittere,
1529 648 1655 689 quam
1687 647 1742 673 ne

287 723 291 727 .
317 706 400 745 qua
433 692 472 730 iu
507 691 632 730 istum
664 690 824 745 fingere
844 691 1077 731 existimer.
1141 691 1290 745 Neque
1311 691 1424 731 enim
1446 691 1549 731 milii
1576 690 1740 730 videtur

319 747 411 786 liaw
443 747 685 796 multitudo,
723 762 819 802 quan
858 749 908 788 ad
942 747 1198 788 audiendum
1234 749 1448 797 convenit,
1479 760 1739 802 cognoscere

317 819 370 843 vx
414 819 480 844 me
519 818 689 845 eausam
722 804 916 855 voluisse,
959 805 1029 845 sed
1061 819 1123 854 ca,
1156 819 1251 859 quae
1288 804 1382 855 scit,
1415 818 1583 845 mecum
1620 818 1739 844 reco-

319 875 534 910 gnoscere.

269 908 306 962 6
374 921 483 964 Qnae
507 933 601 959 eum
628 919 685 959 ita
710 920 806 969 sint,
830 919 908 959 iste
938 919 1068 960 homo
1091 934 1234 959 amens
1257 933 1306 959 ae
1330 916 1518 975 perditus
1549 919 1631 959 alia
1651 931 1739 960 me-

316 989 410 1014 eum
447 976 606 1016 ratione
639 985 815 1032 pugnat.
849 990 931 1015 non
965 977 1004 1016 id
1038 977 1142 1029 agit,
1165 986 1211 1016 ut
1242 977 1420 1030 alicujus
1451 975 1745 1030 eloquentiam.

314 1032 416 1071 milii
442 1045 655 1087 opponat:
688 1047 771 1072 non
797 1033 947 1086 gratia,
971 1048 1054 1073 nou
1086 1034 1340 1073 auctoritate
1363 1033 1629 1087 cujusquam,
1653 1047 1738 1074 non

314 1091 505 1142 potentia
529 1090 691 1129 nititur.
724 1089 895 1129 simulat
918 1090 980 1129 liis
1014 1104 1057 1129 se
1089 1091 1212 1129 rebus
1233 1090 1471 1130 confidere:
1504 1089 1574 1129 sed
1600 1089 1738 1142 video,

312 1146 413 1199 quid
437 1156 559 1200 agat:
584 1151 738 1201 (neque
760 1146 872 1186 euim
897 1147 988 1202 agit
1009 1146 1296 1187 occultissime
1311 1149 1339 1193 ε)
1370 1146 1574 1202 proponit
1594 1145 1738 1187 inania

310 1202 417 1242 mihi
453 1203 704 1254 nobilitatis,
739 1204 818 1244 lroc
849 1213 926 1254 est,
960 1203 1179 1243 hominum
1214 1203 1506 1259 arrogantium
1537 1203 1734 1244 nomina:

311 1259 383 1313 qui
409 1274 493 1300 non
515 1269 601 1300 tam
626 1275 692 1300 me
725 1260 976 1316 impediunt,
999 1261 1112 1316 quod
1135 1260 1299 1301 nobiles
1331 1268 1443 1310 sunt,
1465 1273 1592 1313 quam
1615 1259 1736 1314 adju-

284 1344 286 1349 ,
314 1325 427 1366 vam,
450 1317 562 1371 quod
587 1318 677 1357 noti
700 1330 813 1357 suut.
843 1318 1014 1358 sinmlat
1043 1332 1086 1357 se
1107 1331 1254 1358 eorum
1285 1317 1486 1373 praesidio
1507 1315 1751 1366 confidere,-

254 1366 300 1401 15
313 1388 409 1413 eum
440 1373 601 1414 interea
625 1378 659 1404 ¹5
673 1374 784 1414 aliud
806 1374 1008 1429 quiddam
1032 1375 1126 1429 jam
1146 1375 1218 1415 diu
1250 1374 1532 1414 machinetur.
1593 1373 1735 1419 Quam

310 1444 429 1485 spem
462 1445 574 1471 nunc
603 1431 758 1471 habeat
790 1432 831 1471 in
865 1432 1075 1481 manibus,
1106 1441 1150 1472 et
1180 1431 1281 1486 quid
1314 1430 1528 1480 moliatur,
1551 1430 1736 1471 breviter

303 1486 412 1541 jam,
437 1487 621 1541 judie-CS,
651 1503 878 1544 exponam.
910 1488 981 1528 sed
1015 1489 1145 1544 prius,
1178 1498 1225 1529 ut
1258 1488 1312 1528 ab
1340 1488 1479 1528 initio
1501 1500 1566 1527 res
1597 1487 1650 1528 ab
1674 1500 1734 1528 eo

308 1547 546 1585 constituta
580 1545 647 1595 sit,
680 1560 840 1599 quaeso,
873 1545 1135 1601 cognoscite.
1200 1546 1236 1575 ¹6
1251 1546 1323 1594 Ut,
1355 1545 1554 1600 primum,
1587 1557 1610 1583 e
1637 1558 1735 1600 pro·

311 1601 453 1642 vincia
473 1602 610 1652 rediit,
634 1603 839 1642 redemtio
864 1611 928 1642 cst
958 1602 1084 1657 hujus
1110 1602 1265 1657 judicii
1288 1601 1404 1643 facta
1432 1600 1582 1658 grandi
1604 1614 1733 1656 pecu-

266 1654 394 1698 b·nia.
424 1673 473 1699 ea
495 1659 652 1700 mansit
683 1659 725 1699 in
747 1659 992 1699 conditione
1023 1668 1150 1715 atque
1181 1667 1308 1715 paeto
1330 1673 1462 1713 usque
1492 1658 1663 1698 adeum
1684 1657 1734 1698 fi-

306 1729 419 1765 nem,
436 1716 536 1756 dum
552 1716 721 1770 judiees
744 1715 889 1770 rejecti
914 1726 1025 1756 sunt.
1049 1726 1325 1772 posteaquam
1343 1714 1518 1770 rejectio
1534 1714 1733 1770 judicum

308 1771 422 1812 facta
441 1783 528 1813 est:
552 1774 664 1827 quod
688 1783 731 1813 ct
753 1773 793 1813 in
817 1773 1039 1813 sortitione
1062 1773 1182 1813 istius
1205 1787 1323 1829 spem
1344 1776 1376 1806 ¹7
1392 1772 1565 1812 fortuna
1583 1771 1732 1828 populi

272 1827 509 1886 wRomani,
531 1839 575 1870 et
605 1831 646 1870 in
679 1830 920 1885 rejiciendis
945 1830 1166 1885 judicibus
1187 1845 1282 1870 mea
1303 1829 1526 1885 diligenti-<i
1551 1828 1731 1869 istorum

249 1877 286 1913 ¹1
309 1885 614 1941 impudentiam
639 1887 811 1937 vicerat,
836 1887 1082 1927 renunciata
1097 1897 1161 1927 est
1179 1890 1214 1920 ¹8
1229 1896 1321 1927 tota
1336 1885 1581 1927 conductio.
1615 1885 1734 1926 Prae-

303 1942 415 1983 clare
437 1957 479 1983 se
501 1958 564 1984 res
587 1944 786 1984 habebat.
815 1943 941 1984 libelli
975 1945 1198 1984 nominum
1220 1953 1457 1984 vestrorum
1478 1941 1733 1997 consiliique

303 1999 429 2053 hujus
462 2000 504 2040 in
534 2002 731 2041 manibus
762 1995 882 2041 erant
912 2001 1117 2041 omnium.
1150 2001 1264 2041 nulla
1292 2009 1407 2050 nota,
1430 1999 1568 2039 nullus
1598 1999 1731 2049 color,

302 2057 426 2098 nullae
448 2058 591 2098 sordes
615 2058 867 2098 videbantur
888 2057 953 2098 his
976 2058 1196 2099 sententiis
1217 2057 1332 2098 allini
1350 2070 1498 2113 posse:
1529 2070 1628 2096 cum
1650 2056 1739 2097 iste.

301 2123 472 2168 repente
493 2128 546 2154 ex
570 2114 695 2154 alacri
728 2125 856 2169 atque
887 2114 986 2155 laeto
1018 2115 1078 2155 sie
1099 2124 1190 2155 erat
1220 2114 1392 2154 humilis
1422 2122 1551 2168 atque
1572 2112 1727 2154 demis-

298 2185 382 2220 sus,
405 2182 452 2211 ut
474 2185 558 2211 non
581 2172 708 2212 modo
731 2171 890 2228 populo
914 2172 1126 2223 Romano,
1149 2171 1220 2212 sed
1242 2171 1371 2211 etiam
1403 2170 1484 2210 sibi
1514 2168 1604 2225 ipse
1624 2184 1729 2210 con-

296 2227 520 2268 demnatus
543 2228 768 2268 videretur.
807 2232 842 2262 19
855 2227 966 2269 Ecce
987 2238 1129 2269 autem
1152 2237 1338 2284 repente,
1360 2226 1426 2267 his
1448 2226 1598 2266 diebus
1622 2240 1727 2282 pau-

295 2283 370 2333 cis,
393 2285 580 2326 comitiis
613 2284 906 2326 consularibus
939 2285 1078 2337 factis,
1101 2285 1249 2326 eadem
1280 2284 1351 2324 illa
1372 2291 1515 2324 vetera
1546 2282 1726 2326 consilia.

338 2412 373 2440 15
395 2410 490 2439 aliud
515 2409 684 2450 quiddam]
715 2410 872 2440 Asconius
897 2409 992 2439 aliud
1032 2408 1072 2440 ad
1088 2409 1184 2441 Catil.
1200 2409 1229 2447 1,
1244 2410 1275 2440 6.

291 2451 489 2497 quid-quod
515 2452 631 2492 placet.
659 2451 782 2492 syllaba
809 2451 946 2483 adhaesit
970 2463 988 2483 e

290 2504 356 2531 seq.
372 2503 461 2533 Jam.

330 2535 373 2565 ’16
401 2534 456 2570 Ut,
469 2535 630 2574 primum]
656 2534 801 2565 Graevius
819 2545 836 2565 e
851 2534 915 2565 Ms.
935 2534 986 2565 Fr.

289 2576 447 2606 Primum
466 2582 513 2607 ut.
537 2587 611 2606 nio<
634 2578 714 2607 bene
735 2587 773 2607 ex
795 2577 935 2607 Asconio
951 2583 985 2607 et

288 2628 452 2658 anonymo
468 2618 650 2658 Inter-prete
666 2628 703 2648 ea
719 2620 837 2649 mansit
859 2619 893 2648 in
915 2628 986 2648 con-

287 2661 415 2690 ditione.
460 2660 540 2690 Edd.
555 2671 601 2700 pr.
619 2661 703 2690 male
723 2661 852 2697 ditione,
868 2666 907 2691 ut
922 2661 985 2691 Ms-

287 2704 349 2731 (iu.

333 2746 367 2777 17
378 2742 525 2783 fortuna
547 2753 621 2783 pop.
646 2743 702 2782 R]
742 2743 830 2774 Libri
852 2744 984 2783 quidam
1020 2748 1118 2783 pente
1139 2744 1245 2783 glossa
1266 2754 1333 2774 esse
1358 2742 1495 2772 videtur.

285 2785 445 2825 habents.
459 2787 537 2825 reip.
553 2785 669 2815 Fut-ma
683 2785 825 2817 solennis
836 2793 983 2818 veterum

286 2830 320 2856 in
342 2827 402 2857 linc
428 2837 460 2857 re
486 2834 536 2857 est
550 2826 697 2866 fortuna
719 2837 792 2867 pop.
813 2828 909 2859 Rom.
931 2838 982 2867 ap.

284 2870 488 2905 Ciceronem,
511 2869 639 2899 Livium
663 2874 695 2899 et
718 2868 808 2900 alios.
824 2879 854 2900 v.
868 2877 981 2900 tamen

1077 2454 1112 2482 18
1136 2456 1203 2482 tota
1223 2448 1400 2488 conductio]
1425 2449 1633 2490 Asconius-et
1655 2447 1728 2480 edd.

1031 2493 1192 2533 quaedam,
1218 2497 1256 2523 ut
1283 2493 1408 2523 Camer.
1437 2491 1559 2522 liabent
1578 2490 1726 2521 conditio.

1030 2535 1132 2572 Bene,
1148 2540 1185 2565 ut
1198 2536 1322 2575 opinor.
1366 2533 1427 2563 Sed
1440 2540 1552 2563 tamen
1574 2537 1608 2563 et
1629 2541 1728 2572 supra

1028 2577 1067 2607 de
1094 2577 1204 2607 eadem
1234 2587 1266 2608 re
1295 2575 1460 2610 redemtio,
1487 2584 1558 2613 quae
1594 2583 1652 2614 par
1676 2578 1727 2605 est

1029 2618 1256 2649 conductioni:
1281 2619 1341 2648 nisi
1367 2617 1453 2656 quod
1479 2616 1531 2646 hie
1557 2616 1727 2655 utriusque

1029 2661 1129 2701 partis
1142 2661 1249 2700 pactio
1264 2661 1370 2701 aptius
1383 2658 1591 2696 intelligitur.

1074 2705 1120 2739 19,
1133 2703 1220 2733 Ecce
1244 2712 1275 2733 a.
1295 2700 1437 2742 repente]
1467 2699 1654 2730 Guilielmio
1675 2708 1726 2729 re-

1541 2741 1631 2772 lufra
1647 2741 1727 2780 ‚qui-

1025 2786 1096 2816 dem
1120 2785 1154 2815 in
1176 2785 1273 2817 simili
1290 2796 1323 2817 re
1339 2796 1367 2817 c.
1383 2787 1412 2814 8.
1427 2789 1476 2815 est
1497 2787 1630 2815 tantum
1643 2792 1727 2820 ecce,

1026 2833 1063 2858 ut
1076 2827 1164 2859 alibi.
