1907 3231
499 108 622 148 ACT.
648 107 700 145 11.
733 105 922 145 LIBER
948 105 1191 149 PRIMUS.
1493 113 1563 158 152.

131 210 331 256 Romano
362 211 504 254 forum
535 211 845 265 comitiumque
878 210 1149 260 adornatum,
1178 207 1231 250 ad
1261 211 1448 266 speciem
1477 227 1570 255 ma,

129 270 292 325 gnifico
325 278 491 319 ornatu,
527 269 579 310 ad
609 283 779 309 sensum
814 268 1210 323 cogitationemque
1242 269 1397 308 acerbo
1432 278 1476 309 et
1505 270 1569 311 lu.

129 327 272 381 gubri.
333 326 433 367 Vidi
455 325 665 367 collucere
696 326 842 366 omnia
867 325 992 365 furtis
1017 324 1116 374 tuis,
1148 323 1295 378 praeda
1323 326 1575 380 provincia-⁷

128 396 238 434 rum,
261 382 407 439 spoliis
430 382 644 423 sociorum
667 393 795 437 atque
826 382 1078 422 amicorum.
1139 380 1240 426 Quo
1262 381 1437 436 quidem
1458 391 1573 423 tem-

128 453 246 495 pore,
263 440 448 495 judices,
472 441 551 480 iste
582 454 702 496 spem
723 439 959 480 maximam
980 437 1241 492 reliquorum
1263 452 1435 492 quoque
1466 453 1566 494 pec-

127 505 322 538 catorum
347 506 496 538 nactus
518 506 595 537 est.
648 496 769 537 Vidit
791 497 906 536 enim
927 509 1014 546 eos,
1037 495 1110 550 qui
1135 494 1403 549 judiciorum
1425 495 1565 537 domi-

124 566 204 598 nos
226 567 270 594 se
291 554 376 594 dici
400 554 615 605 volebant,
636 554 790 595 harum
811 553 1099 609 cupiditatum
1120 565 1212 592 esse
1235 566 1394 594 serVOS.
1445 552 1564 595 Socii
1575 552 1625 598 59

124 624 226 651 vero
248 611 529 666 nationesque
552 621 712 654 exterae
744 625 863 667 spem
886 610 1079 651 omnium
1103 617 1195 649 tum
1227 609 1413 664 primum
1445 610 1565 665 abJe-

125 681 222 708 cere
243 682 383 708 rerum
405 683 454 709 ac
474 668 742 709 fortunarum
766 677 961 709 suarum:
985 676 1226 722 propterea,
1245 667 1360 721 quod
1383 681 1483 708 casu
1506 667 1566 708 le·-

122 724 215 780 gati
239 739 293 766 ex
315 723 421 765 Asia
451 736 580 781 atque
601 725 768 766 Achaia
798 724 971 781 plurimi
1005 723 1160 764 Romae
1195 732 1296 764 tunc
1324 727 1364 756 50
1376 723 1564 776 fuerunt,

121 781 197 835 qui
218 781 395 823 deorum
418 783 657 834 simulacra,
679 798 733 823 ex
757 782 843 822 suis
865 780 975 821 fanis
999 779 1179 830 sublata,
1203 780 1247 821 in
1271 779 1367 821 foro
1387 777 1564 823 venerass

124 837 294 880 bantur.
326 840 515 895 itemque
545 850 687 881 cetera
717 839 840 895 signa
861 847 904 878 et
931 845 1184 878 ornamenta
1206 852 1304 878 cum
1327 852 1564 893 cognosce.

123 904 234 947 rent,
268 896 351 937 alia
388 896 471 938 alio
510 897 554 937 in
587 896 682 937 loco
720 896 1004 951 lacrymantes
1048 894 1341 936 intuebantur.
1380 910 1565 949 quorum

123 954 318 994 omnium
348 953 463 995 hunc
493 968 731 994 sermonem
755 962 846 993 tum
869 967 959 993 esse
992 952 1295 993 audiebamus:
1331 950 1457 992 Nilzil
1476 967 1564 1002 esse,

124 1009 234 1064 quod
260 1011 470 1066 quisquam
491 1010 697 1052 dubitaret
725 1009 773 1050 cle
799 1009 922 1051 exitio
941 1009 1137 1050 sociorum
1168 1016 1290 1065 atque
1317 1009 1564 1053 amicorum.-

124 1081 214 1107 cum
245 1067 405 1123 quidem
433 1067 616 1109 viderent
646 1068 690 1108 in
704 1065 808 1123 foro
830 1066 978 1122 populi
1000 1065 1196 1118 Romani,
1218 1081 1296 1121 quo
1319 1066 1361 1106 in
1383 1065 1467 1107 loco
1489 1082 1566 1109 an-

123 1129 203 1174 tea,
236 1124 307 1179 qui
341 1125 457 1165 sociis
492 1125 666 1181 iujurias
684 1124 894 1180 jecerant,
928 1123 1110 1165 accusari
1141 1129 1178 1164 et
1211 1123 1470 1164 condemnari
1501 1136 1674 1175 ,so-pes,

122 1178 276 1232 lebant,
298 1181 359 1222 ibi
379 1196 454 1223 esse
476 1181 618 1237 palam
633 1182 768 1236 posita
787 1196 847 1233 ea,
870 1195 956 1237 quoe
977 1180 1030 1221 ab
1051 1180 1166 1222 sociis
1188 1195 1263 1235 per
1279 1180 1402 1222 scelus
1419 1180 1562 1223 ablata
1574 1188 1607 1207 ὃ·

123 1245 338 1295 ereptaque
366 1247 503 1280 essent.
564 1239 652 1280 Hic
685 1253 767 1294 ego
801 1253 888 1280 non
922 1238 1107 1278 arbitror
1140 1236 1259 1278 illum
1290 1247 1633 1293 negaturum,60·

124 1294 249 1351 signa
276 1310 367 1337 sese
404 1296 601 1352 plurima,
632 1296 797 1336 tabulas
836 1295 973 1352 pictas
1013 1294 1347 1336 innumerabiles
1378 1294 1563 1339 habere:

123 1353 212 1403 sed,
236 1362 283 1394 ut
311 1353 479 1409 opinor,
514 1353 621 1394 solet
650 1353 760 1404 haec,
783 1368 880 1408 quae
914 1352 1058 1408 rapuit
1086 1361 1131 1393 et
1160 1352 1325 1392 furatus
1346 1362 1426 1402 est,
1455 1368 1565 1395 non-

123 1422 360 1465 numquam
382 1410 537 1461 dicere,
559 1425 604 1451 se
625 1410 802 1452 emisse:
835 1410 1041 1465 quoniam
1064 1409 1238 1465 quidem
1270 1409 1313 1450 in
1339 1408 1568 1464 Achaiam,

122 1465 290 1518 Asiam,
333 1467 651 1523 Pamphyliam,
694 1476 839 1508 sumtu
889 1467 1080 1523 publico,
1122 1475 1166 1506 et
1206 1466 1438 1522 legationis
1487 1482 1567 1509 no·-

118 1524 254 1576 mine,
277 1528 314 1555 51
330 1534 542 1566 mercator
571 1525 793 1581 signorum
817 1524 1144 1579 tabularumque
1175 1523 1388 1580 pictarum
1411 1524 1567 1566 missus

123 1590 204 1624 est.
266 1581 423 1623 Habeo
444 1592 489 1623 et
510 1583 648 1633 istius,
671 1590 714 1623 et
734 1582 867 1639 patris
889 1582 981 1637 ejus
1013 1581 1180 1637 accepti
1202 1580 1369 1622 tabulas
1389 1596 1538 1623 omnes
1554 1600 1564 1625 :
1580 1578 1649 1626 23

122 1653 228 1694 quas
263 1639 592 1695 diligentissime
622 1640 756 1696 megi
790 1648 919 1695 atque
947 1639 1132 1695 digessi:
1165 1639 1314 1694 patris,
1336 1639 1480 1694 quoad
1503 1641 1568 1681 vi-

86 1728 89 1729 .
123 1696 215 1738 xit:
248 1705 358 1747 tuas,
380 1698 521 1753 quoad
553 1698 614 1739 ais
646 1706 688 1738 te
719 1697 971 1738 confecisse.
1034 1694 1149 1736 Nam
1180 1696 1224 1737 in
1256 1696 1355 1746 isto,
1378 1696 1570 1752 judices,

123 1752 209 1795 hoc
230 1769 392 1795 novum
415 1755 647 1811 reperietis.
680 1753 908 1806 Audimus,
932 1753 1118 1809 aliquem
1141 1752 1306 1794 tabulas
1329 1768 1568 1808 numquam

124 1811 389 1853 confecisse:
421 1827 518 1867 quae
560 1823 626 1854 est
662 1813 812 1869 opinio
848 1811 1074 1853 hominum
1113 1810 1166 1851 de
1207 1809 1402 1852 Antonio
1439 1811 1566 1855 falsa„

122 1881 226 1909 nam
248 1868 352 1909 fecit
373 1869 716 1925 diligentissime.
741 1884 889 1912 verum
920 1869 976 1910 sit
1006 1868 1090 1910 hoc
1121 1882 1256 1924 genus
1288 1867 1462 1923 aliquod
1483 1870 1567 1910 mi,

121 1925 240 1967 nime
270 1927 554 1982 probandum.
614 1927 842 1978 Audimus,
872 1925 1004 1968 alium
1033 1940 1122 1967 non
1152 1926 1208 1966 ab
1240 1925 1365 1966 initio
1395 1925 1565 1978 fecisse,

121 1983 194 2024 sed
216 1997 271 2024 ex
295 1993 488 2040 tempore
510 1985 653 2040 aliquo
675 1984 941 2026 confecisse?
972 1992 1037 2024 est
1066 1982 1210 2039 aliqua
1230 1982 1361 2023 etiam
1382 1982 1565 2038 hujusce

121 2040 182 2081 rei
215 2041 339 2082 ratio.
401 2041 502 2082 Hoc
535 2057 636 2084 vero
664 2056 826 2085 novum
864 2051 908 2083 et
947 2040 1177 2082 ridiculum
1218 2049 1298 2091 est,
1339 2042 1454 2095 quod
1492 2040 1565 2084 hic

122 2098 250 2139 nobis
271 2099 508 2155 respondit,
532 2115 629 2141 cum
662 2101 716 2141 ab
738 2114 789 2140 eo
812 2098 978 2140 tabulas
1009 2097 1344 2154 postularemus:
1377 2100 1415 2129 53
1430 2113 1565 2154 usque

121 2155 176 2196 ad
199 2154 268 2197 M.
284 2155 534 2198 Terentium
555 2167 600 2199 et
623 2157 675 2200 C.
697 2156 895 2201 Cassium
914 2155 1111 2199 consules
1131 2154 1392 2208 confecisse,
1413 2166 1566 2212 postea

163 2310 367 2352 50fuerunt,
380 2312 736 2353 qui-venerabantur]
753 2312 822 2345 De·
862 2321 932 2344 non
947 2313 1124 2355 imperium
1137 2318 1170 2344 et
1185 2321 1326 2344 secures.

119 2353 218 2385 bebat
246 2365 314 2386 esse
343 2360 601 2387 venerarentur:
634 2362 669 2387 et
691 2356 822 2387 videtui·
906 2358 946 2387 52
969 2357 1034 2394 legi
1048 2360 1147 2396 atque
1166 2355 1298 2395 digessi]
1323 2353 1498 2395 Quomodo
1513 2355 1563 2385 dt-

118 2397 166 2428 sic
180 2397 330 2428 habuisse
345 2398 380 2428 in
394 2399 544 2438 exemplo
557 2407 615 2430 suo
629 2398 820 2430 scholiastes
859 2399 961 2438 gessit
987 2399 1123 2429 alterius
1151 2399 1295 2429 rationes
1309 2399 1322 2428 ?
1359 2407 1490 2439 nempe,
1521 2402 1562 2428 ut

121 2449 304 2480 anonymus
316 2438 504 2471 Vossianus.

162 2484 199 2512 51
237 2487 399 2513 mercator
426 2484 597 2521 signorum
623 2482 697 2524 δια]
745 2482 819 2514 Hoc

121 2523 214 2554 valde
241 2524 398 2555 invidiose
433 2525 567 2563 dieitur,
594 2526 670 2565 quia
696 2535 821 2557 merca-

118 2566 202 2596 toris
224 2575 346 2598 nomen
371 2577 423 2607 ap.
449 2567 616 2598 Romanos
638 2577 704 2598 non
727 2568 821 2599 valde

119 2607 308 2640 honestum.
352 2610 414 2640 Sed
437 2610 472 2640 P.
494 2610 667 2641 Manutius
689 2610 742 2640 hic
764 2610 821 2641 ad-

120 2649 204 2681 didit
227 2655 306 2682 ante
332 2657 506 2689 mercator,
530 2662 605 2683 cum
630 2653 766 2692 imperio
790 2657 822 2683 et

118 2693 302 2726 securibus,-
326 2694 412 2733 quod
432 2695 534 2725 Aldus
550 2696 666 2734 junior
689 2700 821 2726 secutus

119 2739 183 2772 est,
198 2735 268 2765 siue
289 2735 388 2766 dubio
403 2747 443 2766 ex
456 2737 611 2775 Asconio,
627 2737 678 2768 vel
693 2748 710 2767 e
724 2737 818 2768 Verr.

118 2776 179 2814 lv,
201 2780 232 2808 4.
254 2787 283 2808 v.
303 2778 394 2810 Clav.
418 2780 452 2810 in
470 2781 657 2820 imperium.
701 2779 764 2811 Sed
786 2779 819 2810 id

119 2818 230 2849 locum
248 2818 368 2851 habere
390 2831 457 2852 non
472 2821 711 2862 poteanuod
731 2822 820 2862 lega-

120 2866 174 2892 tus
200 2860 276 2893 talis
299 2861 449 2894 lictorem
476 2863 607 2903 quidem
630 2864 741 2903 habet,
764 2863 820 2896 sed

861 2440 993 2480 opinor,
1017 2450 1132 2471 omnes
1155 2441 1322 2480 pecunias,
1344 2445 1418 2470 tum
1440 2449 1562 2481 expen—

861 2491 925 2520 sas,
949 2487 1023 2513 tum
1052 2488 1214 2524 acceptas,
1239 2483 1300 2513 sub
1323 2488 1414 2514 certa
1440 2492 1561 2523 genera

861 2525 1050 2565 redigendo,
1066 2526 1087 2556 i.
1102 2536 1131 2556 e.
1145 2534 1266 2564 genera
1280 2535 1401 2563 rerum,
1417 2534 1476 2566 pro
1488 2527 1560 2565 qui-

861 2567 922 2597 bus
939 2567 1178 2607 pecunia-data
1192 2567 1243 2597 vel
1265 2572 1399 2608 accepta
1420 2569 1492 2599 sit.⁴
1519 2567 1560 2598 In

863 2609 935 2639 istis
949 2619 1027 2649 ergo
1041 2610 1213 2649 generibus
1228 2619 1337 2640 rerum
1352 2610 1401 2640 ita
1413 2609 1560 2649 dig-estis,

863 2651 970 2682 nullas
984 2651 1127 2690 tabulas,
1143 2652 1235 2682 nulla
1249 2652 1343 2692 signa
1358 2656 1534 2692 repererat.

908 2696 947 2724 53
968 2704 1068 2734 usque
1089 2695 1136 2725 ad
1155 2694 1204 2725 M.
1221 2694 1311 2733 Teia]
1337 2695 1359 2725 i.
1383 2705 1411 2725 e.
1429 2694 1471 2724 ad
1485 2704 1561 2724 eum

861 2745 1000 2773 annum,
1028 2745 1094 2776 quo
1122 2738 1157 2768 in
1187 2737 1388 2778 provinciam
1417 2736 1563 2767 Siciliam

861 2778 943 2809 abiit
974 2779 1101 2810 Verres,
1157 2779 1246 2810 Nam
1279 2778 1315 2809 hi
1348 2779 1439 2809 Coss.
1473 2779 1563 2810 suere

862 2830 891 2851 a.
919 2820 991 2852 680.
1035 2821 1152 2854 Verres
1190 2826 1314 2863 praetor
1352 2822 1496 2853 urbanus
1532 2831 1562 2851 a.

862 2863 932 2897 679,
