1907 3231
315 147 391 185 678
867 144 1112 188 ORATIO
1138 150 1211 187 III.

317 249 434 290 ribus
452 250 610 307 lupinis
632 252 868 295 inhiantem
887 254 1017 295 fuisse
1037 252 1306 293 meministis.
1341 253 1441 299 Quo
1459 253 1631 308 quidem
1644 260 1756 294 tem-

319 322 436 362 pore,
470 313 819 366 cuinaruspices
852 326 905 351 ex
945 320 1036 351 tota
1070 309 1241 351 Etruria
1272 311 1754 360 convenissent,.caedes·

321 374 450 418 atque
474 366 684 418 incendia,
711 379 754 408 et
779 369 921 423 legum
946 367 1181 418 interitum,
1204 378 1246 407 et
1269 367 1423 408 bellum
1458 367 1583 408 civile
1604 382 1654 408 ac
1675 367 1754 408 do-

310 423 563 475 inesticum,
585 434 628 465 et
652 425 781 465 totius
804 424 920 464 urbis
952 435 1079 480 atque
1102 424 1267 479 imperii
1299 439 1498 465 occasum
1521 425 1756 480 appropin-

324 493 454 533 quare
484 481 700 531 dixerunt,
731 482 812 521 nisi
845 481 905 521 dii
941 481 1203 522 immortales
1234 482 1351 523 omni
1387 482 1553 522 ratione
1582 481 1755 537 placati,

260 542 313 576 ‘30
327 551 403 577 suo
424 539 599 579 numine
623 552 755 594 prope
785 538 874 579 fata
907 538 999 594 ipsa
1030 539 1265 579 flexissent.
1327 538 1479 593 Itaque
1501 539 1667 580 illorum
1692 553 1757 579 re-

325 595 492 650 sponsis
523 605 625 636 tunc
654 605 697 635 et
723 594 811 636 ludi
844 595 992 637 decem
1028 610 1101 652 per
1135 595 1224 636 dics
1260 594 1362 635 facti
1397 605 1509 646 sunt,
1531 610 1669 650 neque
1693 610 1757 636 res

322 651 421 702 ulla,
442 655 482 682 38
493 667 589 706 quae
612 652 664 692 ad
688 652 944 708 placandum
966 654 1069 694 deos
1092 653 1337 709 pertineret,
1362 654 1647 708 praetermissa
1666 663 1754 694 est:

322 708 537 762 iidemque
565 708 803 764 jusserunt,
837 710 1110 751 simulacrum
1142 710 1266 752 ,Iovis
1293 709 1432 749 facere
1463 710 1616 764 majus,
1638 719 1681 751 et
1713 710 1757 750 in

322 765 493 806 excelso
514 766 738 818 collocare,
760 777 803 807 et
823 778 988 818 contra,
1011 779 1139 822 atque
1160 776 1258 807 ante
1289 766 1441 817 fuerat,
1464 767 1514 806 ad
1547 768 1756 808 orientem

279 833 310 862 b.
324 833 590 865 convertere:
623 839 673 865 ac
701 839 744 865 se
779 839 946 880 sperare
979 825 1197 875 dixerunt,
1228 824 1262 864 si
1293 824 1395 865 illud
1427 824 1614 879 signum,
1642 825 1757 879 quod

322 879 492 930 videtis,
515 880 614 921 solis
637 891 794 932 ortum,
817 891 861 923 et
893 881 1048 933 forum,
1070 882 1319 936 curiamque
1342 881 1627 936 conspiceret,
1650 881 1757 933 fore,

321 946 371 976 ut
392 950 442 976 ea
463 938 655 989 consilia,
686 954 782 993 quae
808 939 917 980 clam
951 949 1093 980 essent
1121 939 1228 980 inita
1254 949 1405 979 contra
1435 938 1614 979 salutem
1640 939 1758 979 urbis

323 1003 452 1048 atque
474 994 658 1050 imperii,
681 996 1006 1047 illustrarentur,
1030 1006 1075 1037 ut
1099 1012 1123 1037 a
1156 1006 1303 1037 senatu
1329 995 1574 1051 populoque
1599 995 1761 1036 Roma-

323 1065 380 1091 no
411 1053 594 1107 perspici
629 1063 818 1108 possent.
878 1052 1022 1109 Atque
1056 1053 1157 1094 illud
1193 1054 1253 1094 ita
1285 1053 1583 1093 collocandum
1606 1055 1759 1094 39con-

325 1108 435 1149 sules
458 1108 516 1149 illi
538 1109 811 1152 locaverunt:
845 1111 916 1152 sed
940 1121 1059 1152 tanta
1075 1110 1158 1151 fuit
1180 1110 1320 1167 operis
1340 1110 1531 1162 tarditas,
1552 1120 1598 1151 ut
1621 1124 1758 1166 neque

327 1180 351 1205 a
383 1167 673 1221 superioribus
709 1168 971 1219 consulibus,
996 1182 1133 1224 neque
1162 1183 1186 1208 a
1220 1168 1344 1208 nobis
1377 1178 1476 1208 ante
1501 1167 1757 1208 hodiernum

280 1222 440 1276 9diem
478 1223 773 1266 collocaretur.
836 1225 924 1266 Hic
958 1226 1053 1280 quis
1095 1236 1238 1281 potest
1281 1239 1386 1276 esse,
1420 1225 1628 1276 Quirites,
1670 1235 1758 1266 tam

263 1294 311 1329 21
327 1295 498 1321 aversus
519 1296 544 1322 a
565 1296 680 1333 ver0,
704 1292 790 1324 tam
824 1297 1032 1339 praeceps,
1055 1293 1140 1323 tam
1163 1291 1306 1323 mente
1324 1292 1490 1338 captus,
1511 1283 1584 1336 qui
1614 1293 1760 1338 neget,

325 1337 421 1379 haec
443 1339 602 1390 omnia,
625 1355 721 1395 quae
744 1340 952 1391 videmus,
985 1340 1288 1397 praecipueque
1320 1339 1431 1380 hanc
1464 1340 1628 1390 urbem,
1659 1340 1761 1380 deo-

324 1409 419 1436 rum
443 1395 748 1438 immortalium
772 1407 876 1438 nutu
905 1407 1033 1453 atque
1067 1407 1280 1453 potestate
1313 1396 1624 1438 administrari?
1657 1395 1758 1437 Ete-

324 1452 414 1493 nim
438 1468 537 1494 cum
570 1465 682 1495 esset
715 1454 775 1495 ita
807 1469 1074 1511 responsum,
1105 1455 1259 1505 caedes,
1284 1454 1494 1504 incendia,
1517 1454 1761 1495 interitum·-

325 1524 410 1565 que
444 1511 692 1566 reipublicae
728 1513 983 1567 comparari,
1005 1515 1099 1552 40et
1130 1526 1180 1552 ea
1207 1527 1232 1552 a
1261 1511 1439 1567 perditis
1461 1511 1642 1562 civibus,
1665 1526 1762 1566 quae

326 1577 419 1608 tum
443 1576 618 1623 propter
642 1569 986 1625 magnitudinem
1017 1568 1222 1610 scelerum
1257 1568 1471 1608 nonnullis
1495 1568 1765 1610 incredibilia

323 1624 606 1666 videbantur:
639 1640 793 1667 canon
816 1627 944 1667 modo
961 1627 1156 1682 cogitata
1171 1641 1195 1666 a
1214 1626 1386 1666 nefariis
1409 1626 1591 1676 civibus,
1614 1640 1763 1666 verum

324 1680 455 1721 etiam
478 1692 677 1738 suscepta
698 1697 788 1724 esse
810 1683 1016 1724 sensistis.
1069 1682 1179 1723 Illud
1202 1697 1303 1723 vero
1326 1697 1467 1723 nonne
1490 1683 1550 1723 ita
1573 1697 1759 1738 praesens

325 1746 404 1789 est,
438 1748 485 1780 ut
516 1749 622 1780 nutu
653 1740 777 1783 Jovis
809 1740 978 1797 Optimi
1010 1739 1199 1780 Maximi
1234 1739 1397 1780 factum
1429 1754 1520 1780 esse
1554 1739 1764 1790 videatur,

323 1798 362 1827 41
383 1805 443 1847 ut,
466 1811 564 1837 cum
589 1797 798 1839 hodierno
820 1798 890 1839 die
911 1812 1038 1839 mane
1059 1811 1134 1853 per
1157 1796 1298 1838 forum
1333 1811 1427 1838 meo
1444 1797 1569 1852 jussu
1591 1806 1635 1838 et
1656 1812 1760 1838 con-

367 1929 406 1956 38
429 1936 499 1966 quoe
514 1927 560 1956 ad
565 1928 767 1967 placandum
785 1927 869 1968 deos]
888 1928 939 1958 lta
953 1928 1024 1958 edd.

1108 1930 1150 1958 40
1173 1932 1203 1958 et
1218 1938 1255 1957 ea
1270 1938 1292 1958 a
1300 1928 1440 1968 perditis
1454 1927 1589 1967 civibus]
1615 1927 1697 1958 Haee
1719 1927 1766 1958 le-

324 1968 364 1998 R.
384 1968 437 1998 ssr.
451 1969 539 1999 Med.
555 1970 628 2000 Ald.
642 1972 699 2000 ἃς.
714 1970 849 2000 sededd.
865 1970 917 2000 W.
936 1974 1023 2001 1480.

1067 1970 1133 1999 ctio
1148 1976 1197 2000 est
1212 1981 1251 2000 ex
1274 1970 1323 2000 ed.
1340 1970 1378 2000 R.
1400 1973 1488 2001 1430.
1504 1970 1559 2000 ΒΓ.
1576 1971 1634 2000 &c.
1649 1969 1704 2000 sed
1716 1970 1766 2001 ed.

323 2016 359 2041 et
377 2010 457 2041 Mss.
481 2011 627 2051 plerique
652 2013 774 2043 habent
790 2013 971 2052 placandos
992 2014 1023 2043 d.

325 2052 411 2091 quod
428 2054 646 2093 praetulerim:
670 2056 731 2085 etsi
755 2055 822 2085 scio
837 2059 870 2085 et
886 2055 950 2084 alia
970 2066 1023 2084 ex-

324 2095 434 2135 empla
449 2096 536 2126 illius
552 2098 667 2128 formae
687 2097 774 2137 apud
792 2098 934 2137 optimos
949 2098 1026 2127 scri-

325 2143 435 2176 ptores
451 2149 631 2169 occurrere.
656 2150 684 2170 v,
705 2140 876 2170 Drakenb.
899 2139 938 2169 ad
954 2139 1024 2169 Liv.

326 2179 401 2215 XL,
416 2183 467 2213 49.
490 2181 544 2220 qui
572 2182 653 2211 bene
676 2181 802 2218 monet,
828 2181 1024 2221 gerundium

325 2222 500 2262 participio
523 2233 590 2253 nou
614 2233 681 2253 esse
700 2224 952 2264 praeferendum,
969 2224 1024 2254 ubi

326 2263 401 2294 libri
418 2264 479 2294 hoc
495 2265 602 2305 plures
619 2266 771 2297 habeant.
917 2290 920 2294 .

371 2309 411 2340 39
433 2310 576 2338 consules
596 2312 618 2337 i.
633 2308 835 2347 statuerunt]
854 2308 883 2338 V
886 2307 958 2337 alde
974 2307 1026 2337 hic

327 2347 402 2378 libri
417 2350 557 2381 variant.
595 2350 654 2380 Ed.
670 2351 722 2381 W.
740 2352 949 2380 collocavere.-
973 2361 1027 2379 vo-

329 2389 393 2421 luit
423 2391 498 2421 dare
519 2394 674 2423 locavere.
695 2393 736 2423 R.
759 2396 846 2423 1480.
863 2393 916 2422 Br.
936 2392 1024 2422 Med.

328 2435 457 2463 voluere
472 2435 521 2464 vel
536 2436 718 2465 voluerunt.
754 2434 855 2465 Aldus
871 2435 947 2464 fecit
961 2439 1028 2464 sta-

329 2478 478 2512 tuernnt,
494 2487 534 2507 an
549 2488 565 2506 e
580 2476 668 2506 libris
681 2488 741 2508 scr.
758 2478 876 2507 nescio.
920 2477 983 2506 Sed
998 2476 1029 2506 id

330 2517 378 2546 nil
396 2517 503 2548 differt
518 2530 537 2549 a
551 2521 734 2556 voluerunt,
749 2518 835 2558 quod
855 2528 913 2558 pro
925 2523 1030 2548 statu-

329 2565 428 2590 erunt
450 2561 581 2597 dicitur,
604 2571 634 2591 V.
659 2573 687 2592 e.
712 2562 787 2592 infr.
811 2561 870 2597 IV,
893 2563 924 2591 4.
947 2568 1029 2591 extr.

331 2601 492 2632 Gruterus
517 2603 620 2633 voluit
642 2604 736 2634 edere
761 2606 961 2639 locaverunt,
989 2609 1026 2634 ut

330 2649 424 2682 patet
435 2656 453 2674 e
467 2651 546 2676 nota
558 2648 586 2684 ej
593 2655 628 2675 us
640 2646 680 2676 ad
691 2646 723 2677 h.
738 2647 759 2676 l.
774 2646 829 2676 sed
839 2655 946 2685 operae
959 2655 1026 2675 non

330 2692 522 2725 paruerunt.
558 2687 610 2718 Sic
624 2688 725 2718 edidit
740 2688 903 2718 Gravius:
929 2697 1025 2726 quem

330 2735 390 2757 nos
404 2729 525 2759 imitati
539 2739 662 2760 sumus.
698 2731 784 2764 Nam
797 2737 830 2760 et
847 2740 895 2759 res
910 2730 954 2760 sic
970 2740 1026 2769 po-

328 2769 445 2808 stulat,
461 2772 536 2810 quia
548 2773 650 2810 operis
663 2774 806 2803 tarditas
819 2776 892 2812 post
903 2781 1026 2802 memo-

329 2817 432 2842 rat-ur.
478 2813 613 2844 Locatio
627 2825 764 2853 operum
786 2814 866 2845 alias
888 2823 954 2844 non
977 2819 1028 2844 est

331 2855 517 2893 consulum,
542 2856 685 2887 sedtum
698 2856 962 2894 extraordincm
980 2856 1026 2888 fa-

331 2904 422 2927 ctum
438 2904 497 2929 est.

1067 2012 1119 2041 ΣΥ.
1142 2012 1239 2042 habet
1262 2017 1292 2041 et
1307 2023 1327 2042 a
1337 2013 1476 2052 perdicis
1489 2023 1515 2043 c.
1558 2014 1603 2043 At
1616 2012 1689 2042 libri
1702 2022 1765 2043 scr.

1067 2053 1175 2093 plures
1190 2059 1221 2084 et
1237 2065 1274 2084 ea
1286 2064 1348 2094 per
1362 2055 1454 2091 cives,
1475 2055 1561 2094 quod
1583 2055 1717 2084 Murcto
1732 2063 1767 2085 et

1070 2098 1095 2125 t}
1103 2104 1210 2126 rutero
1226 2097 1386 2136 plau-ebat,
1409 2097 1592 2136 recepitque
1608 2097 1766 2127 Graevius.

1069 2138 1153 2168 Mihi
1167 2146 1280 2168 tamen
1302 2146 1335 2168 et
1358 2139 1402 2168 sic
1418 2139 1539 2178 aliquid
1561 2139 1632 2168 duri
1648 2138 1766 2170 habere

1068 2181 1174 2210 oratio
1190 2181 1327 2211 videtur.
1371 2181 1422 2211 An
1438 2191 1550 2211 verum
1569 2185 1619 2211 est
1639 2190 1767 2220 compa-

1066 2223 1140 2252 rari
1152 2233 1171 2252 a
1180 2224 1318 2262 perditis
1327 2225 1461 2256 civibus,¹
1478 2234 1490 2252 x
1499 2223 1529 2253 el
1539 2223 1646 2263 potius
1656 2229 1767 2254 totum

1069 2264 1152 2294 illud
1173 2270 1202 2295 et
1217 2276 1255 2294 ea
1271 2267 1328 2296 ἃς.
1344 2272 1393 2295 est
1409 2265 1583 2305 glossema,
1599 2275 1672 2295 cuni
1690 2276 1766 2295 mox

1069 2308 1102 2336 in
1130 2308 1339 2345 sequentibus
1364 2309 1406 2338 sit
1430 2318 1450 2337 α
1474 2307 1612 2347 >nefariis
1636 2308 1766 2338 civibus.

1068 2349 1241 2389 Aruspices
1283 2360 1364 2386 rem,
1395 2349 1472 2389 quid
1508 2356 1766 2389 compararetur,

1070 2391 1192 2422 dixere:
1219 2402 1268 2422 res
1283 2391 1406 2429 docuit,
1421 2403 1460 2422 ca
1484 2402 1550 2421 non
1573 2401 1630 2431 per
1645 2391 1767 2427 hostes,

1071 2434 1126 2463 sed
1149 2444 1206 2474 per
1219 2435 1303 2464 cives
1319 2435 1482 2474 improbos
1497 2435 1689 2473 comparari.
1734 2434 1767 2463 Si

1072 2482 1148 2505 ante
1167 2477 1235 2513 jam
1256 2482 1339 2507 esset
1359 2487 1380 2506 ιι
1396 2477 1534 2516 perditis
1552 2476 1683 2511 civibus,
1702 2476 1768 2506 sive

1066 2527 1128 2557 per
1152 2519 1246 2554 cives,
1262 2528 1416 2556 quorsum
1438 2523 1510 2558 post
1533 2517 1615 2548 illud
1638 2518 1769 2548 addere-

1072 2561 1149 2589 tur?
1176 2559 1249 2600 Ipsa
1265 2561 1321 2590 illa
1336 2562 1472 2591 varietas
1493 2560 1643 2590 lectionis
1658 2566 1691 2590 et
1707 2561 1769 2591 flu-

1069 2603 1195 2632 ctuatio
1211 2603 1371 2642 glossema
1385 2602 1505 2641 arguit.

1111 2647 1145 2674 41
1167 2651 1215 2680 ut,
1228 2656 1303 2675 cum
1318 2647 1348 2676 Ιι.
1363 2644 1408 2685 d.]
1424 2649 1461 2675 ut
1475 2643 1594 2684 pendet
1608 2643 1769 2684 afar-tum-

1069 2696 1149 2715 esse:
1172 2687 1251 2717 alias
1265 2687 1395 2717 deberet
1412 2697 1480 2717 esse
1502 2686 1595 2726 quod,
1616 2691 1654 2716 ut
1669 2686 1768 2716 refer-

1069 2735 1160 2758 retur
1175 2729 1215 2759 ad
1229 2730 1327 2759 illud:
1350 2729 1437 2769 quod
1457 2727 1601 2765 mallem,
1626 2729 1688 2759 nisi
1701 2733 1769 2758 sta-

1070 2775 1219 2801 tueretur
1233 2772 1448 2802 necessarium
1462 2771 1584 2801 faceret
1596 2775 1643 2800 ut.
1673 2771 1767 2802 Cete-

1069 2823 1143 2885 {pvm
1166 2813 1218 2844 hic
1239 2814 1328 2844 locus
1352 2814 1433 2844 mire
1457 2813 1590 2844 vitiosus
1604 2813 1701 2844 estin
1716 2812 1767 2843 ed.
