1907 3231
525 122 647 162 ACT.
675 122 726 162 112
770 121 959 167 LIBER
981 119 1251 167 TERTIUS.
1535 124 1613 160 303

179 226 680 278 serat3÷a12atoizibusyfieri
703 226 996 284 gratissimum
1016 233 1188 282 posset;
1218 233 1269 267 tu
1283 237 1370 265 non
1388 223 1519 265 modo
1536 239 1617 268 eos

177 282 386 339 accipere,
410 284 534 339 Jquod
564 286 810 340 oportebat,
841 282 1044 336 noluisti;
1074 282 1147 332 sed
1179 281 1310 323 etiam
1347 281 1462 333 dare,
1492 283 1610 337 quod

179 353 267 380 non
283 341 513 393 debebant,
535 342 737 398 coegisti.
797 340 943 397 Atque
963 340 1059 383 haec
1078 339 1139 381 ita
1161 349 1282 396 gesta
1302 353 1408 389 esse,
1422 339 1610 394 judices,
1624 351 1701 391 175

174 399 439 453 cognoscite:
449 408 492 440 et
513 413 568 443 ex
590 398 944 456 litterisgpubljcis
963 398 1206 447 civitatum,
1219 406 1262 437 et
1280 409 1335 437 ex
1349 397 1608 438 testimoniis

174 455 360 509 publicis
377 473 393 500 ε,
421 455 465 498 in
488 456 645 512 quibus
678 457 980 508 nihilfietum,
1011 455 1122 505 nihil
1141 455 1207 499 -ad
1236 462 1407 510 tempus
1436 468 1610 494 accom-

172 513 409 558 modatumr
439 513 705 571 intelligetis.
775 514 949 565 Omnia,
986 528 1084 569 quae
1124 512 1324 562 dicimus,
1367 511 1610 552 rationibus

169 570 431 625 populorum
452 575 493 605 78
507 586 593 613 non
615 572 895 628 interpositis,
918 584 1056 626 neque
1079 569 1354 626 perturbatis,
1374 582 1513 624 neque
1543 582 1610 609 re-

170 628 378 681 pentium,
411 630 485 670 sed
508 630 651 681 certis,
674 629 899 679 institutis,
931 628 1080 669 ordine
1098 627 1236 668 >relata
1256 636 1386 682 atque
1407 624 1611 668 confecta

171 693 287 729 sunt.
348 685 505 729 Recita
525 688 712 728 rationes
733 686 1053 729 Halesinorum.
1107 685 1191 726 Cui
1211 684 1440 740 pecuniam
1461 683 1608 725 datam

172 740 308 786 dicit?
329 747 385 788 79,
403 745 488 795 dic,
519 745 589 787 dic
623 745 756 786 etiam
777 744 947 786 clarius.
981 756 1247 793 vomxrm,
1278 754 1606 794 TlMARcmDI,

172 811 363 843 MAEvlo.
425 802 542 849 Quid
566 812 646 853 est,
670 802 850 843 Verres?
881 816 935 844 ne
956 800 1072 841 illam
1095 799 1267 855 quidem
1289 799 1368 840 tibi
1392 798 1606 840 defensio-
1619 794 1693 856 76

170 869 271 901 nem
293 858 500 913 reliquam
522 860 679 911 fecisti,
700 859 920 914 mancipes
943 859 985 898 in
1008 857 1102 898 istis
1125 858 1251 898 rebus
1273 871 1363 897 esse
1384 868 1573 898 versatos
1591 859 1605 899 ἓ

170 916 392 972 mancipes
409 917 681 961 frumentum
703 916 997 972 improbasse?
1027 915 1248 971 mancipes
1267 913 1407 969 pretio
1423 928 1522 955 cum
1544 914 1608 956 ci-

169 971 377 1015 vitatibus
399 975 624 1025 decidisse,
646 984 690 1015 et
710 974 883 1014 eosdem
916 974 991 1014 abs
1015 982 1057 1013 te
1087 972 1253 1013 illarum
1277 971 1505 1013 civitatum
1527 986 1607 1013 no-

168 1030 286 1071 mine
303 1033 507 1087 pecunias
521 1032 768 1076 abstulisse:
801 1031 956 1072 deinde
978 1031 1095 1086 ipsos
1117 1030 1199 1071 sibi
1223 1029 1487 1070 frumentum
1504 1029 1607 1071 co'e-

166 1087 319 1131 misse:
352 1089 461 1133 nihil
480 1090 573 1131 haec
593 1089 644 1130 ad
668 1099 710 1130 te
733 1090 970 1146 pertinere?
1008 1087 1131 1129 Mala
1152 1086 1410 1138 mehercule,
1456 1101 1506 1127 ac
1524 1087 1608 1128 mi-

167 1158 261 1186 sera
282 1146 490 1199 defensio,
514 1157 744 1204 praetorem
767 1146 850 1187 hoc
873 1146 1029 1196 dicere,
1054 1144 1150 1202 Ego
1173 1144 1437 1185 frumentum
1465 1158 1607 1200 neque

167 1203 313 1259 attigi,
345 1219 484 1260 neque
517 1205 722 1261 adspexi:
774 1204 1047 1260 mancipibus
1089 1211 1347 1259 potestatem
1390 1202 1605 1259 probandi

166 1258 530 1318 improbandique
568 1261 767 1319 permisi:
801 1262 1021 1317 mancipes
1057 1275 1083 1301 a
1115 1260 1364 1301 civitatibus
1399 1259 1605 1316 pecunias

166 1328 463 1362 extorserunt:
496 1335 578 1376 ego
592 1335 643 1360 au
651 1329 751 1369 tem,
766 1334 895 1374 quam
910 1317 1138 1374 pecuniam
1155 1317 1327 1374 populis
1340 1318 1441 1358 dare
1457 1317 1602 1369 debui,

164 1377 439 1433 mancipibus
470 1378 609 1420 dedi..
644 1377 767 1418 Mala
804 1387 868 1417 est
902 1376 998 1416 haec
1032 1376 1222 1430 quidem,
1261 1384 1310 1415 ut
1339 1375 1448 1426 dixi,
1479 1375 1694 1428 8Ode-1¹76

165 1432 518 1476 fensiocriminis
534 1452 543 1477 ε
562 1435 647 1480 :sed
672 1444 814 1479 tamen
839 1434 919 1475 hac
941 1434 1037 1489 ipsa
1057 1433 1152 1484 tibi,
1178 1433 1212 1473 si
1239 1432 1301 1473 uti
1331 1433 1495 1489 cupiaS,
1514 1448 1601 1474 non
1613 1448 1646 1478 p.
1665 1442 1734 1471 188,

165 1489 290 1534 licet:
317 1502 440 1533 >vetat
469 1502 512 1537 te
542 1492 779 1542 Volcatius,
812 1500 899 1533 tuae
923 1500 1181 1545 tuorumque
1205 1489 1388 1540 deliciae,
1417 1491 1644 1532 mentio-a·

164 1550 672 1606 nemmancipisffiacere.
724 1548 1021 1594 Timarchides
1043 1558 1188 1589 autem
1210 1548 1409 1590 columen
1426 1547 1603 1590 familiae

166 1616 334 1658 vestrae,
358 1609 517 1664 premit
536 1608 683 1649 fauces
705 1606 970 1649 defensionis
992 1616 1079 1648 tuae
1098 1623 1107 1647 z
1140 1605 1209 1646 cui
1233 1605 1360 1646 simul
1381 1614 1425 1646 et
1448 1605 1607 1647 Volca-

164 1663 227 1705 tio
245 1665 430 1720 peeunia
450 1681 475 1707 a
495 1666 671 1708 civitate
693 1675 918 1706 numerata
947 1674 1026 1705 est.
1086 1663 1187 1705 Jam
1210 1678 1310 1704 vero
1342 1663 1483 1704 scriba
1505 1672 1609 1704 tuus

165 1721 324 1766 annulo
347 1737 476 1768 aureo
497 1738 588 1775 suo,
605 1738 734 1779 quem
756 1737 810 1764 ex
834 1722 900 1763 his
919 1723 1046 1763 rebus
1068 1721 1249 1772 invenit,
1265 1721 1348 1762 ista
1371 1730 1412 1761 te
1434 1721 1611 1763 ratione

165 1779 228 1820 uti
249 1794 337 1822 non
359 1781 485 1824 sinet,
546 1781 665 1828 Quid
688 1780 823 1836 igitur
843 1789 908 1821 est
926 1779 1154 1835 reliquum,
1175 1779 1258 1820 nisi
1283 1779 1344 1819 uti
1367 1778 1543 1830 fateare,
1563 1789 1607 1821 te

167 1835 355 1881 Romam
384 1838 651 1880 frumentum
682 1848 878 1894 emptum
914 1837 1158 1879 Siculorum
1194 1836 1381 1892 pecunia
1412 1836 1611 1878 misisse}

164 1894 384 1950 publicam
407 1897 634 1952 pecuniam
657 1895 833 1941 domum
858 1905 974 1936 tuam
1007 1895 1298 1937 convertisse?
1360 1893 1401 1935 Ο
1423 1908 1605 1936 consue-

167 1952 272 1994 tudo
301 1954 532 2008 peccaudi„
565 1963 772 2009 quantam
808 1954 940 1994 habes
963 1951 1287 2008 jucunditatem
1317 1950 1362 1992 in
1393 1951 1622 2008 improbis.

163 2020 215 2053 et„
228 2011 494 2062 1·atidacibus,
527 2026 638 2058 cumv
660 2025 795 2066 poena
815 2010 958 2052 abfuit
978 2019 1022 2051 et
1044 2010 1220 2051 licentia
1249 2019 1483 2051 consecuta
1513 2011 1604 2051 est?

165 2065 254 2110 Iste
275 2068 319 2109 in
344 2068 426 2110 hoc
449 2083 606 2125 genere
628 2068 853 2124 peculatus
885 2083 974 2108 non
1004 2082 1120 2109 nunc
1153 2067 1340 2124 primum
1361 2066 1693 2111 invenitui·2177

162 2125 236 2166 sed
249 2140 374 2171 nunc
405 2126 580 2170 demum
603 2135 785 2167 tenetur.
846 2125 1045 2171 Vidimus
1068 2125 1170 2166 huic
1202 2125 1256 2166 ab
1289 2124 1441 2165 aerario
1472 2139 1605 2181 pecu-

161 2183 278 2224 niam
301 2184 515 2228 numerari
534 2184 740 2239 quaestori
761 2183 817 2229 ad
840 2192 1062 2239 sumptum
1092 2183 1310 2224 exercitus
1341 2182 1605 2224 consularis:

163 2240 358 2285 vidimus,
380 2241 529 2297 paucis
563 2251 662 2297 post
689 2241 912 2283 mensibus
943 2249 988 2282 et
1025 2240 1267 2282 exercitum
1304 2248 1348 2280 et
1381 2240 1606 2281 consulem

162 2297 410 2354 spoliatum.
431 2320 434 2322 ·
469 2298 550 2340 Illa
569 2298 712 2340 omnis
734 2298 918 2356 pecunia
938 2297 1067 2341 latuit
1087 2297 1131 2339 in
1155 2297 1227 2339 illa
1247 2296 1436 2353 caligine
1458 2311 1508 2340 ac
1539 2306 1603 2339 te—

200 2450 241 2481 78
256 2457 319 2478 mm
332 2447 542 2488 interpositis]
562 2446 741 2478 Haeserunt
752 2446 785 2476 in
794 2445 858 2476 hoc
900 2444 1045 2477 Manutii
1061 2446 1119 2476 Sto.
1130 2444 1276 2476 Graevius
1285 2451 1444 2484 tanquam
1456 2455 1475 2475 e
1487 2444 1602 2476 Franc.

160 2491 258 2520 verbo
283 2491 344 2521 viri
371 2491 461 2521 docti
494 2489 647 2530 quidam,
682 2493 859 2520 tentarunt
899 2489 1013 2519 edidit.
1036 2488 1180 2519 alterum
1193 2489 1246 2518 dic
1259 2488 1380 2519 excidit
1392 2496 1470 2518 casu
1484 2488 1520 2518 in
1534 2488 1603 2519 edi-

158 2533 259 2569 etiam
279 2533 488 2572 ,substituere
527 2533 740 2573 interpolatis.
797 2531 860 2562 Sed
901 2531 993 2561 tione
1008 2531 1131 2570 aliqua,
1146 2531 1233 2561 unde
1244 2535 1278 2560 ct
1293 2531 1327 2560 in
1341 2530 1457 2561 ceteris
1466 2536 1603 2570 praeter-

159 2574 242 2606 illud
256 2575 369 2607 eodem
385 2576 482 2606 modo
495 2575 625 2606 dicitur.
642 2572 705 2605 'Sic
718 2575 859 2613 interpo-
901 2571 1038 2605 missum
1059 2577 1120 2604 est.
1165 2573 1286 2603 Similis
1311 2571 1402 2603 locus
1425 2578 1476 2602 est
1497 2584 1526 2603 c.
1549 2576 1600 2605 85.

157 2617 230 2647 sitio
253 2624 304 2648 est
329 2613 389 2658 pro
422 2617 678 2658 interpolatione
703 2617 743 2648 ad
782 2616 856 2648 Div.
901 2616 956 2646 ubi
984 2615 1055 2647 edd.
1079 2620 1202 2646 veteres
1226 2614 1328 2645 semel
1349 2615 1402 2645 dic
1421 2613 1558 2653 habent,
1582 2626 1602 2646 e

158 2659 250 2697 XVI,
269 2662 318 2690 12
361 2661 452 2698 Post,
478 2661 589 2696 oertis,
608 2661 780 2696 institutis,
805 2669 858 2689 or·-
900 2658 1092 2692 Mariana.
1106 2658 1312 2698 duplicatum
1322 2662 1384 2688 est.
1420 2686 1422 2689 ,
1625 2691 1629 2694 ,

157 2702 232 2731 dine
244 2703 364 2738 relata,
381 2712 448 2732 non
471 2703 578 2743 placet
604 2712 679 2742 quae
701 2700 780 2732 sunt
802 2711 859 2731 ra·
945 2704 986 2732 80
1009 2699 1149 2741 defensio
1171 2699 1332 2739 criminis]
1361 2700 1425 2730 Hic
1450 2698 1601 2736 addidere

156 2745 257 2774 tiones·
284 2745 441 2775 instituto?
451 2746 467 2775 ?
491 2755 607 2784 nempe
622 2748 744 2784 eoepeoe:
768 2744 854 2784 quod
897 2744 1047 2783 quaedam
1056 2742 1237 2774 Lambinus
1249 2747 1283 2773 et
1295 2741 1455 2779 Graevius,
1466 2751 1539 2781 quae
1551 2752 1601 2772 re-

156 2784 234 2816 huic
249 2787 321 2816 loco
337 2797 403 2816 non
417 2788 582 2818 convenit.
599 2797 643 2818 an
664 2787 745 2818 fuit:
769 2791 854 2817 certo
897 2787 1004 2826 cipere
1019 2795 1086 2816 non
1100 2785 1216 2824 audeo,
1229 2785 1306 2825 quia
1320 2785 1410 2816 locus
1423 2784 1476 2815 hic
1489 2785 1524 2814 in
1535 2784 1601 2815 Ms.

158 2829 318 2859 institutis
332 2829 454 2867 ordine,
470 2831 530 2860 rel.
897 2828 983 2859 unde
1007 2828 1124 2860 Lamb.
1138 2828 1292 2869 protulit,
1307 2826 1401 2859 valde
1422 2826 1602 2869 interpola-

199 2874 240 2906 79
262 2872 324 2910 dic,
339 2872 391 2903 dic
404 2882 421 2903 e
435 2872 490 2912 cl.]
512 2872 564 2903 Sic
578 2872 649 2904 edd,
664 2882 714 2914 pr.
729 2870 803 2902 Alci.
816 2871 854 2902 P.
898 2875 953 2902 tus
968 2871 1042 2902 fuit.
