1907 3231
288 129 359 164 184
796 127 869 166 IN
907 126 1194 167 VERREM

286 238 447 279 mento,
467 229 652 284 quodam
673 227 784 282 loco,
806 233 839 273 si
874 232 1151 274 commissum
1180 230 1281 287 quid
1309 237 1433 280 esset,
1454 221 1589 269 multa
1617 234 1709 269 erat

240 285 271 316 b.
290 286 455 328 Veneri.
487 286 580 342 ipso
604 301 670 328 xx
703 303 830 339 anno,
851 304 949 330 cum
972 298 1037 330 tot
1067 289 1227 329 interea
1256 296 1474 352 praetoreS,
1496 294 1562 326 tot
1590 299 1709 340 quae-

283 352 431 395 stores,
462 352 527 384 tot
566 344 892 386 calumniatores
930 346 973 387 in
1013 345 1234 402 provincia
1276 343 1470 393 tuissent,
1497 341 1709 382 hereditas

281 401 337 441 ab
357 400 421 441 his
442 401 617 441 Veneris
640 402 812 442 nomine
833 404 873 434 22
888 403 1024 457 petita
1043 411 1120 442 est.
1169 402 1352 442 Causam
1376 401 1525 441 Verres
1547 412 1709 454 cogno-

283 458 380 498 scit.
413 458 635 513 pecuniam
670 472 743 513 per
776 458 1016 500 Volcatium
1049 458 1221 514 accipit,
1252 457 1339 498 fere
1369 457 1421 498 ad
1453 455 1552 497 H-S
1587 467 1706 496 cccc

282 513 432 565 millia,
454 515 507 555 ab
529 515 696 555 duobus
718 514 936 556 fratribus.
996 514 1237 556 Multorum
1265 513 1510 556 testimonia
1530 510 1709 553 audistis

286 581 425 612 antea.
450 572 644 612 vicerunt
674 571 963 628 Agyrinenses
994 571 1143 613 fratres
1166 572 1240 623 ita,
1260 580 1308 612 ut
1337 579 1511 627 egentes
1542 569 1710 610 inanes-

287 642 369 683 que
389 628 668 669 discederent.

209 675 276 724 10
345 684 404 726 At
424 686 537 725 enim
559 685 611 726 ad
636 684 810 726 Verrem
831 685 1014 742 pecunia
1035 685 1117 726 ista
1136 700 1221 726 non
1244 683 1452 741 pervenit.
1512 683 1624 730 Quae.
1645 690 1711 722 est

224 752 275 787 26
289 742 369 782 ista
387 741 603 783 defensio?

225 1544 248 1578 10

625 743 664 772 ‘23
676 751 818 783 utrum
835 752 1098 783 asseveratur
1117 743 1159 783 in
1178 741 1276 793 hoc,
1298 756 1351 783 an
1368 741 1581 782 tentatur?
1602 738 1710 779 mihi

285 799 400 839 enim
423 814 533 839 nova
556 813 619 839 res
640 809 718 840 est.
779 799 929 840 Verres
956 799 1282 841 calumniatores
1303 798 1572 854 apponebat:
1604 795 1711 837 Ver-

284 871 350 896 res
375 856 520 897 adesse
545 856 754 910 jubebat:
788 857 939 897 Verres
969 857 1281 913 cognoscebat:
1311 858 1352 886 24
1369 854 1516 895 Verres
1540 852 1711 909 judica-

285 914 382 954 bat:
417 915 609 968 pecuniae
634 914 834 954 maximae
857 914 1089 955 dabantur:
1122 914 1193 969 qui
1216 913 1391 962 dabant,
1423 925 1570 952 causas
1596 910 1710 951 obti-

282 971 462 1011 nebant:
497 980 542 1010 tu
565 971 669 1011 mihi
693 971 753 1011 ita
773 969 1001 1012 defendas?
1034 986 1118 1011 non
1150 980 1214 1011 est
1236 970 1317 1010 ista
1347 968 1468 1009 Verri
1491 975 1712 1009 numerata

283 1028 481 1084 pecunia.
513 1026 688 1082 Adjuvo
705 1037 767 1068 te:
792 1028 874 1068 mei
893 1042 1062 1082 quoque
1083 1038 1210 1068 testes
1224 1028 1335 1068 idem
1355 1026 1524 1066 dicunt:
1539 1023 1712 1066 ‘Volca-

282 1085 345 1125 tio
368 1085 517 1125 dieunt
542 1098 631 1124 sese
650 1083 829 1125 dedisse.
892 1085 1003 1131 Quae
1027 1085 1088 1125 vis
1111 1093 1201 1125 erat
1222 1084 1266 1124 in
1290 1082 1485 1124 Volcatio
1508 1089 1640 1133 tanta,
1664 1089 1713 1122 ut

286 1141 383 1182 H-S
422 1154 539 1181 cccc
585 1141 717 1182 millia
749 1157 774 1182 a
806 1142 973 1183 duobus
1007 1142 1254 1182 hominibus
1289 1139 1500 1181 auferret?
1535 1147 1579 1179 et
1615 1137 1710 1193 quis

284 1197 498 1247 Volcatio,
531 1197 564 1237 si
597 1213 672 1239 sua
702 1208 855 1255 sponte
886 1199 1086 1250 venisset,
1118 1213 1245 1239 unam
1276 1197 1462 1238 libellam
1499 1195 1713 1237 dedisset?

285 1255 443 1295 Veniat
473 1269 612 1296 nunc:
652 1256 922 1311 experiatur:
966 1265 1081 1297 tecto
1114 1255 1292 1311 recipiet
1334 1268 1474 1295 nemo.
1534 1251 1595 1293 At
1628 1266 1711 1308 ego

287 1312 469 1368 amplius
490 1312 602 1362 dieo,
623 1313 720 1353 H-S
738 1314 1086 1368 quadringenties
1108 1313 1323 1368 accepisse
1345 1321 1386 1351 te
1408 1325 1541 1367 arguo
1562 1318 1715 1350 contra

286 1369 426 1425 leges:
458 1383 570 1424 nego
594 1370 671 1410 tibi
695 1370 775 1426 ipsi
804 1370 937 1411 ullum
960 1385 1181 1410 nummum
1202 1383 1293 1410 esse
1316 1377 1608 1409 numeratum:
1639 1365 1713 1408 sed

287 1441 385 1467 cum
408 1427 464 1467 ob
488 1435 561 1466 tua
582 1427 766 1476 decreta,
788 1429 844 1469 ob
868 1428 1089 1482 imperata,
1110 1429 1167 1468 ob
1190 1426 1402 1482 judicata,
1423 1425 1618 1483 pecuniae
1639 1423 1714 1465 da-

289 1484 460 1534 bantur,
494 1498 579 1524 non
611 1495 701 1525 erat
731 1485 1024 1539 quaerendum,
1055 1485 1178 1539 cujus
1209 1498 1336 1523 manu
1376 1489 1714 1531 numerarentur,

291 1541 360 1581 sed
383 1541 507 1595 cujus
530 1540 685 1595 injuria
707 1551 974 1597 cogerentur.
1037 1541 1229 1583 Comites
1258 1540 1316 1580 illi
1343 1540 1404 1580 tui
1433 1538 1602 1590 delecti,
1623 1552 1713 1578 ma-

285 1613 366 1638 nus
396 1607 517 1638 erant
538 1606 648 1638 tuae:
682 1598 892 1654 praefecti,
921 1599 1088 1650 scribae,
1117 1597 1288 1648 medici,
1311 1596 1494 1647 accensi,
1517 1594 1712 1652 haruspi-

284 1669 369 1705 ces,
400 1669 618 1711 praecones
647 1665 767 1696 erant
800 1670 949 1696 manus
984 1665 1084 1697 tuae.
1115 1659 1155 1689 25
1168 1665 1216 1695 ut
1248 1654 1427 1709 quisque
1454 1663 1496 1695 te
1524 1652 1713 1695 maxime
1753 1695 1756 1698 ,

283 1712 598 1753 necessitudine
621 1712 762 1767 aliqua
791 1712 1049 1769 attingebat,
1072 1713 1132 1753 ita
1152 1711 1341 1753 maxime
1367 1725 1517 1751 manus
1541 1721 1614 1751 tua
1634 1708 1714 1766 pu'-

283 1770 480 1810 tabatur:
513 1769 667 1810 cohors
699 1779 791 1810 tota
822 1769 892 1810 illa
923 1779 1009 1820 tua,
1037 1785 1134 1825 quae
1163 1769 1256 1825 plus
1278 1767 1377 1809 mali
1401 1767 1560 1809 Siciliae
1581 1766 1716 1817 dedit,

284 1829 326 1858 2²6
340 1841 468 1881 quam
499 1825 531 1865 si
563 1837 736 1867 centum
766 1826 965 1867 cohortes
987 1827 1270 1882 fugitivorum
1302 1824 1497 1876 fuissent,
1519 1833 1594 1867 tua
1623 1838 1714 1864 ma-

284 1897 363 1924 nus
389 1884 478 1923 sine
499 1884 791 1929 controversia
810 1882 907 1924 fuit.
938 1883 1147 1940 quidquid
1169 1884 1223 1924 ab
1246 1882 1400 1924 horum
1421 1881 1626 1938 quopiam
1643 1895 1715 1923 ca·-

326 2017 366 2046 ‘22
382 2016 488 2056 petita
503 2016 562 2056 est]
595 2016 709 2048 Delevi
724 2027 787 2048 non
801 2026 874 2048 cum
889 2017 978 2047 Grae-

284 2058 336 2087 vio
359 2068 397 2087 ex
419 2059 537 2088 Ascon.
559 2064 594 2090 et
616 2060 679 2090 Ms.
702 2066 820 2090 vetere.
863 2059 979 2089 Voluit

286 2099 446 2129 Gruterus
461 2101 505 2130 sic
521 2101 626 2138 edere,
641 2102 696 2132 sed
717 2111 823 2142 operae
842 2110 909 2131 non
924 2112 979 2141 pa-

1020 2015 1285 2055 supplementum
1299 2015 1369 2055 ipsa
1379 2015 1485 2047 forma
1492 2011 1644 2054 loquendi
1657 2011 1714 2043 da-

1021 2059 1088 2088 bat.
1123 2058 1169 2088 At
1181 2057 1299 2088 Aldina
1313 2057 1453 2097 plenius,
1465 2067 1525 2098 quo
1538 2056 1670 2096 quisque
1683 2059 1717 2085 te

1022 2101 1165 2130 maa-ime
1181 2109 1249 2138 cog.
1265 2097 1326 2140 affl
1343 2109 1456 2130 necess.
1470 2100 1584 2138 aliqua
1594 2110 1603 2127 .·
1625 2097 1717 2127 deni-

285 2150 392 2177 ruere,
417 2148 454 2173 ut
475 2148 568 2183 patet
590 2155 607 2174 e
630 2149 719 2175 nota.
745 2145 836 2184 cujus
857 2142 980 2174 lemma

286 2192 353 2213 non
368 2184 466 2215 habet
482 2187 702 2224 negationem.

329 2227 368 2256 23
392 2231 505 2258 uerum
541 2227 848 2267 assem—tentatur]
889 2227 979 2258 Idem

286 2266 358 2297 aliis
376 2269 480 2299 verbis
495 2269 619 2300 dictum
634 2270 704 2300 vide
717 2271 751 2300 in
764 2270 829 2301 fine
844 2269 978 2310 capitis:

286 2319 388 2349 neque
402 2321 488 2341 num·
503 2316 573 2342 tam
587 2313 666 2342 mihi
679 2313 732 2342 isti
748 2313 804 2342 &c.

329 2353 369 2382 24
393 2352 509 2384 Verres
512 2353 703 2393 judicabat]
721 2354 891 2394 Quomodo
904 2354 983 2384 Ver-

290 2393 532 2433 resjudicahat‚
546 2407 620 2426 cuni
634 2397 783 2436 praetoris
797 2406 862 2425 non
875 2397 983 2434 sitju-

289 2435 416 2466 dicare?
449 2447 577 2477 nempe,
602 2439 678 2477 quia
704 2443 762 2468 aut
785 2438 823 2467 ‹le
846 2438 980 2468 cohorte

289 2479 481 2516 suajudiees
497 2480 607 2515 dabat,
627 2481 681 2519 qui
704 2480 789 2518 qnod
811 2480 981 2520 ipsejuhc-

290 2524 340 2549 ret
356 2520 565 2558 judicabant,
589 2528 647 2552 aut
665 2521 792 2560 judices
817 2522 981 2561 legitimos

289 2562 425 2600 cogebat
439 2563 522 2593 idern
536 2564 653 2600 faeere,
666 2563 752 2594 unde
764 2573 822 2603 per
833 2565 917 2604 ipsos
925 2567 981 2603 ju-

289 2603 429 2634 dicabat.
444 2615 473 2634 v.
493 2617 520 2635 c.
541 2608 587 2635 13.
633 2606 712 2636 Mox
727 2605 798 2636 edd.
819 2610 899 2636 vett.
914 2616 983 2646 qua>

290 2646 339 2675 vis
353 2651 425 2675 erae
441 2647 459 2675 l
467 2646 584 2678 blemio
593 2654 615 2677 t.

335 2689 374 2718 2¹5
397 2693 434 2717 ut
445 2690 574 2728 quisque
585 2695 616 2719 te
630 2699 672 2719 m.
695 2689 896 2727 cognatione,
909 2689 982 2730 affi-

291 2730 407 2765 nitate,
421 2741 487 2759 nec.
502 2732 613 2770 aliqua
637 2730 833 2770 attingebat]
859 2730 897 2761 In
912 2731 983 2761 edd.

291 2769 332 2800 R.
346 2771 399 2802 ΒΓ.
416 2779 449 2802 ct
459 2773 591 2802 Mediol.
605 2779 655 2804 est
668 2779 801 2803 tantum
815 2774 984 2803 necessitu-

291 2813 365 2842 dine
399 2815 512 2854 aliqua
545 2816 736 2854 attingebat.
787 2814 984 2845 Ascensiana

291 2854 380 2886 addit
397 2857 501 2897 primo
514 2862 551 2888 ut
566 2859 659 2897 quim
684 2856 765 2887 nihil
780 2856 930 2898 amplius.
951 2857 985 2888 id

1021 2153 1082 2181 que
1102 2142 1224 2172 factum
1243 2148 1307 2178 est,
1324 2146 1364 2171 ut
1384 2142 1509 2172 editum
1532 2151 1552 2171 a
1573 2139 1716 2170 Grutero

1021 2190 1054 2215 et
1067 2184 1206 2215 Graevio.
1243 2184 1337 2214 Patet
1353 2184 1462 2214 locum
1475 2181 1715 2223 interpolatum

1021 2237 1100 2257 esse.
1145 2225 1217 2264 Ego
1242 2225 1350 2263 credo,
1376 2225 1473 2256 modo
1500 2224 1652 2256 excidisse
1680 2223 1715 2254 in

1023 2269 1093 2299 edd.
1109 2278 1158 2308 pr.
1176 2268 1273 2298 verba
1285 2268 1402 2307 prima,
1425 2272 1459 2298 et
1473 2278 1490 2298 e
1512 2265 1656 2306 vestigiis
1677 2265 1717 2296 li-

1024 2312 1157 2341 brorum
1179 2309 1352 2350 legendum
1375 2319 1455 2346 esse,
1474 2313 1513 2340 ut
1534 2310 1665 2349 quisque
1686 2312 1718 2340 te

1027 2354 1170 2383 maxime
1191 2362 1258 2382 nee.
1281 2353 1394 2392 aliqua
1409 2352 1593 2391 attingebat
1606 2363 1615 2380 :
1638 2360 1716 2382 nam

1027 2402 1059 2425 et
1074 2394 1192 2433 Aquila
1204 2398 1336 2424 tantum
1352 2399 1389 2424 ut
1403 2394 1534 2434 quisque
1547 2398 1578 2424 te
1580 2391 1718 2433 famili-

1022 2438 1144 2467 oritate
1173 2437 1333 2474 attigerat
1369 2436 1489 2466 habet:
1521 2440 1556 2466 et
1582 2436 1616 2466 in
1643 2435 1714 2466 istie

1023 2478 1223 2515 homiuibus,
1256 2478 1310 2516 qui
1348 2482 1586 2514 memorantur,
1623 2477 1716 2508 nulla

1023 2520 1176 2561 cognatio
1193 2524 1251 2550 aut
1268 2520 1408 2550 affinitas
1424 2519 1565 2559 intelligi
1579 2523 1689 2560 potest
1703 2530 1716 2558 3

1023 2568 1058 2593 at
1074 2561 1289 2598 necessitudo,
1304 2571 1376 2600 quae
1391 2563 1478 2593 inter
1491 2562 1670 2592 Praetorem
1682 2568 1718 2592 et

1025 2605 1203 2640 ministros,
1242 2604 1390 2641 comites,
1429 2608 1512 2634 erat.
1569 2603 1720 2635 Maxime

1024 2647 1134 2676 omitti
1156 2655 1222 2675 non
1245 2650 1365 2685 potest,
1380 2647 1456 2686 quia
1476 2645 1650 2686 respondet
1670 2655 1720 2677 se-

1023 2688 1209 2728 quentibus,
1223 2689 1272 2718 ita
1281 2689 1433 2719 maxime.

1067 2731 1107 2762 ‘26
1128 2740 1228 2768 quam
1253 2731 1280 2759 si
1304 2734 1434 2761 centum
1457 2731 1598 2760 cohortes
1609 2728 1714 2771 Jlfi]

1027 2772 1090 2802 Hic
1105 2771 1227 2810 aliquid
1240 2771 1347 2802 deesse
1371 2772 1510 2809 videtur,
1525 2775 1562 2802 ut
1576 2772 1612 2804 in
1634 2772 1718 2804 Sici-

1025 2816 1084 2853 lia,
1098 2820 1138 2846 ut
1151 2814 1208 2852 ibi,
1223 2820 1281 2845 aut
1292 2813 1396 2845 simile
1411 2814 1498 2855 quid.
1515 2853 1518 2856 .
