1907 3231
341 166 412 202 123
815 164 890 204 IN
931 149 1208 205 VERREM

338 264 446 322 lege,
478 264 658 308 dixerat.
719 267 877 310 Omnia
909 279 1028 311 erant
1068 270 1233 312 Metelli
1276 269 1502 326 ejusmodi,
1530 277 1578 312 ut
1617 277 1757 314 totam

338 320 458 362 istius
483 333 706 379 praeturam
732 336 920 367 retexere
943 328 1168 368 videretur.
1217 327 1351 369 Simul
1372 338 1498 383 atque
1519 341 1601 392 ego
1622 329 1666 370 in
1689 328 1757 369 Si-'

275 382 325 415 64
338 378 479 420 ciliam
504 381 612 428 veni,
643 391 828 422 imitatus
858 392 935 424 est.
998 383 1179 424 Venerat.
1209 384 1258 425 ad
1291 399 1387 425 cum
1420 385 1489 425 illo
1521 384 1651 426 biduo
1677 384 1756 426 Le·
1897 387 1907 451 1

339 435 451 476 tilius
483 438 670 492 quidam,
690 439 871 480 vinomo
902 454 984 480 non
1017 440 1176 480 alienus
1207 455 1231 480 a
1262 440 1407 481 literis.
1440 441 1583 496 itaque
1604 455 1654 482 eo
1677 441 1758 482 iste
1894 455 1907 472 ²

336 493 554 534 tabellario
577 509 742 550 semper
764 510 862 535 usus
881 505 957 536 est.
993 495 1033 536 Is
1055 496 1254 552 epistolas
1273 497 1510 554 complures
1533 497 1756 539 attulerat:
1896 469 1907 549 ⁴

335 548 378 589 in
409 549 472 590 his
506 565 630 591 unam
665 551 808 602 domo,
840 567 936 607 quae
972 562 1109 593 totum
1146 553 1391 594 immutarat
1425 553 1659 595 hominem.
1692 566 1758 594 re·
1901 554 1907 580 ⁴

334 617 462 661 pente
493 608 628 662 cti-pit
659 608 812 658 dicere,
836 623 878 649 se
909 609 1054 650 omnia
1074 609 1217 650 Verris
1246 624 1372 651 causa
1394 610 1522 652 velle:
1555 612 1636 652 sibi
1657 623 1759 652 cum
1899 641 1907 666 3

334 676 385 703 eo
424 665 653 703 amicitiam
694 667 1081 721 cognationemque
1121 680 1225 707 esse.
1287 666 1560 708 Mirabantur
1595 680 1759 719 omnes,

334 718 418 759 hoc
448 719 484 759 ei
519 730 606 760 tum
639 721 821 776 denique
853 723 892 762 in
930 733 1115 763 mentem
1149 722 1328 774 venisse,
1362 733 1639 780 posteaquam
1669 733 1760 765 tam
1895 714 1907 748 Ἰ

334 775 478 815 multis
501 791 596 817 eum
621 777 744 818 factis
766 779 1030 834 decretisque
1054 779 1309 837 jugulasset.
1371 779 1504 821 Erant
1533 781 1605 837 qui
1634 790 1769 837 puta--

334 841 442 882 rent,
470 833 667 874 Letilium
702 835 887 891 legatum
918 852 941 876 a
967 836 1095 877 Verre
1126 837 1303 887 venisse,
1332 837 1404 891 qui
1436 838 1632 894 gratiam,
1654 836 1768 878 ami*

335 889 481 930 citiam
515 892 900 948 cognationemque
933 903 1300 934 commemoraret.
1364 893 1429 934 Ex
1461 893 1533 935 illo
1567 894 1763 951 temp'ore

337 960 361 986 a
383 946 628 988 civitatibus
652 948 913 990 laudationes
936 960 1102 1006 petere:
1137 960 1263 991 testes
1286 965 1369 992 non
1393 950 1528 991 solum
1550 951 1760 996 deterrere
1891 987 1899 1008 γ,

207 1018 237 1048 p.
257 1007 323 1036 19⁶2.
338 1003 492 1053 verbis,
515 1005 584 1045 sed
609 1005 737 1046 ctiam
762 1005 799 1046 vi
823 1007 1003 1047 retinere
1024 1008 1175 1062 coepit.
1215 1007 1343 1054 Quod
1363 1022 1448 1064 ego·
1467 1007 1547 1048 nisi
1569 1017 1665 1049 meo
1686 1007 1762 1055 ad·-
1895 1011 1907 1062 ’ξ

295 1059 323 1078 ³·
341 1069 464 1101 ventu
491 1060 598 1101 illius
622 1072 797 1102 conatus
821 1063 1128 1118 aliquantulum
1151 1064 1456 1120 repressissem,
1477 1074 1520 1105 ct
1552 1064 1761 1122 apud‘Si-

339 1117 454 1157 culos
486 1131 569 1158 non
604 1117 785 1169 Metelli,
815 1121 885 1160 sed
911 1119 1157 1162 Glabrionis
1188 1121 1338 1162 litteris
1369 1137 1417 1162 ac
1450 1121 1544 1178 lege
1574 1126 1765 1178 pugnas-r

255 1178 323 1230 527
341 1188 423 1213 sem
442 1192 450 1225 ς
477 1185 562 1214 tam
583 1176 737 1216 multos
761 1176 842 1217 huc
864 1180 1042 1218 evocare
1063 1192 1148 1218 non
1172 1179 1420 1234 potuissem.
1452 1178 1625 1230 Verum,
1644 1177 1761 1234 quod

275 1231 503 1282 (55institui
534 1232 687 1283 dicere,
719 1234 907 1275 miserias
939 1236 1188 1290 cognoscite
1220 1235 1475 1276 Siculorum.
1535 1234 1760 1277 Heraclius

336 1287 404 1328 ille
426 1297 468 1328 et
493 1287 711 1344 Epicrates
736 1291 860 1347 longe
880 1292 984 1332 mihi
1008 1292 1181 1332 obviam
1203 1306 1300 1333 cum
1325 1292 1409 1333 suis
1434 1293 1633 1339 omnibus
1663 1305 1762 1348 pro-

334 1355 565 1386 cesserunt.
589 1347 776 1389 venienti
801 1350 1030 1404 Syracusas
1060 1358 1239 1405 egerunt
1269 1349 1441 1405 gratias,
1465 1349 1638 1391 flentes:
1674 1347 1763 1390 Ro-

332 1415 447 1443 mam
478 1403 681 1445 decedere
710 1419 876 1446 mecum
907 1405 1147 1462 cupierunt.
1179 1406 1293 1461 quod
1323 1416 1444 1447 erant
1469 1406 1763 1463 mihi·oppida

333 1460 554 1516 complura
585 1461 712 1502 etiam
744 1462 918 1518 reliqua,
951 1477 1047 1517 quae
1087 1463 1201 1504 adire
1229 1463 1394 1514 vellem,
1425 1462 1631 1505 constitui
1662 1476 1762 1504 cum

332 1515 595 1568 hominibus,
617 1533 701 1572 quo
725 1520 792 1560 die
814 1519 918 1560 mihi
946 1519 1158 1561 Messanae
1184 1529 1342 1576 praesto
1364 1528 1519 1561 essent.
1567 1519 1632 1561 Eo
1652 1519 1764 1561 mihi

332 1574 531 1615 nuntium
565 1575 784 1627 miserunt,
816 1591 858 1617 se
887 1591 911 1616 a
939 1587 1121 1632 praetore
1152 1576 1338 1617 retineri.
1362 1578 1516 1632 quibus
1537 1591 1620 1633 ego
1643 1576 1764 1618 testi-

332 1631 526 1672 monium
556 1632 819 1684 denuntiavi,
844 1648 1024 1688 quorum
1057 1633 1231 1674 nomina
1258 1633 1372 1674 edidi
1405 1633 1609 1675 Metello:
1640 1633 1764 1690 cupi-

333 1686 498 1729 dissimi
521 1689 733 1741 veniendi,
757 1691 955 1731 maximis
977 1690 1145 1746 injuriis
1175 1690 1334 1741 affecti,
1357 1690 1496 1731 adhuc
1527 1705 1613 1732 non
1634 1703 1766 1731 vene-

334 1755 447 1786 runt.
509 1745 609 1787 Hoc
635 1747 734 1801 jure
766 1757 864 1788 sunt
894 1748 1014 1798 socii,
1039 1758 1085 1788 ut
1116 1747 1166 1788 iis
1196 1761 1250 1787 ne
1273 1747 1494 1804 deplorare
1514 1747 1688 1804 quidem
1709 1746 1764 1788 de

336 1801 421 1842 suis
445 1803 727 1844 incommodis
748 1804 888 1845 liceat.

275 1861 324 1896 66
392 1858 490 1900 Jam
531 1859 721 1902 Heraclii
759 1861 1044 1917 Centuripini,
1086 1861 1239 1917 optimi
1278 1861 1620 1918 nobilissimique
1659 1860 1764 1903 ado-

336 1913 546 1967 lescentis,
569 1918 862 1959 testimonium
885 1919 1086 1960 audistis:
1121 1934 1145 1958 a
1166 1933 1251 1973 quo
1276 1918 1373 1960 H-S
1396 1933 1418 1960 c
1444 1919 1576 1960 millia
1596 1932 1671 1975 per
1690 1933 1762 1959 ca-

332 1971 536 2014 lumniam
569 1974 860 2031 malitiamque
892 1976 1026 2030 petita
1052 1984 1164 2016 sunt.
1209 1974 1296 2016 Iste
1318 1977 1461 2032 poenis
1483 1975 1764 2032 compromis-

332 2029 472 2085 sisque
495 2031 773 2087 interpositis,
799 2031 895 2074 H-S
921 2046 1007 2074 ccc
1032 2033 1328 2087 extorquenda
1348 2033 1537 2074 curavit:
1560 2031 1762 2087 quodque

323 2085 539 2141 judicium
580 2090 810 2130 secundum
857 2088 1106 2130 Heraclium
1148 2089 1199 2129 de
1241 2089 1560 2145 compromissis
1596 2088 1760 2130 factum

331 2154 435 2194 erat,
457 2145 570 2199 quod
594 2146 699 2186 civis
724 2145 1030 2202 Centuripinus
1054 2146 1164 2186 inter
1185 2146 1428 2187 duoscives
1443 2146 1695 2201 judicasset,
1717 2145 1760 2187 id

331 2199 497 2241 irritum
514 2201 646 2255 jussit
667 2218 782 2255 esse3
813 2217 994 2257 eumque
1011 2203 1202 2258 judicem
1227 2202 1380 2244 falsum
1401 2202 1620 2258 judicasse
1642 2202 1763 2257 judi·

331 2258 471 2298 cavit:
505 2258 546 2298 in
580 2269 726 2300 senatu
760 2275 812 2301 ne
842 2270 965 2311 esset,
997 2259 1101 2300 locis
1130 2259 1452 2314 commodisque
1483 2259 1666 2315 publicis
1698 2260 1762 2300 uti

332 2315 485 2356 vetuit.
508 2316 541 2355 si
564 2317 658 2371 quis
680 2331 778 2357 eum
809 2316 1029 2373 pulsasset,
1051 2317 1203 2367 edixit,
1225 2330 1315 2357 sese
1338 2316 1553 2371 judicium
1585 2315 1761 2370 injuria-

333 2385 427 2411 rum
460 2386 543 2412 non
574 2373 796 2415 daturum:
830 2374 1037 2429 quidquid
1068 2375 1121 2414 ab
1152 2387 1203 2414 eo
1231 2381 1459 2429 peteretur,
1484 2372 1680 2428 judicem
1708 2372 1766 2414 de*

336 2442 411 2467 sua
431 2428 609 2471 cohorte
637 2430 850 2481 daturum,
873 2431 953 2486 ipsi
983 2439 1126 2472 autem
1154 2429 1308 2471 nullius
1337 2429 1551 2471 actionem
1581 2429 1640 2470 rei
1672 2442 1764 2470 sese

274 2492 323 2530 67
337 2484 549 2527 daturum.
611 2487 722 2534 Quae
757 2488 879 2528 istius
907 2488 1138 2528 auctoritas
1167 2494 1335 2527 tantum
1366 2486 1514 2538 valuit,
1547 2494 1595 2526 ut
1623 2499 1763 2542 neque

335 2540 454 2581 illum
479 2544 662 2597 pulsaret
683 2545 923 2599 quisquam,
937 2559 1033 2585 cum
1054 2553 1212 2600 praetor
1232 2544 1274 2584 in
1294 2543 1517 2600 provincia
1537 2557 1612 2583 sua
1629 2543 1761 2584 verbo

335 2600 615 2654 permitteret,
650 2615 692 2642 re
728 2601 991 2642 hortaretur:
1024 2615 1161 2656 neque
1197 2601 1422 2656 quisquam
1456 2600 1510 2641 ab
1547 2613 1599 2640 eo
1636 2599 1761 2655 quid-

336 2668 461 2709 quam
486 2666 663 2711 peteret,
686 2673 784 2699 cum
813 2658 893 2697 iste
923 2658 1148 2699 calumniae
1177 2656 1395 2698 licentiam
1418 2659 1544 2698 74sua
1574 2656 1762 2698 auctori-

332 2777 389 2796 ncs
417 2767 538 2798 habent
563 2770 712 2800 dixerat.-
734 2774 767 2800 et
795 2773 871 2800 ante
897 2781 1023 2811 quoque
1065 2770 1122 2800 sed
1155 2774 1268 2800 tamen
1303 2769 1469 2800 obscurus.
1511 2768 1650 2800 Videtur
1683 2777 1760 2800 eum

331 2815 462 2839 tantuin
478 2816 526 2840 cst
540 2812 686 2841 ostendit.
1066 2822 1210 2852 pungere
1225 2817 1263 2842 ut
1275 2810 1441 2842 hominem
1455 2811 1632 2842 falsarium.

374 2853 414 2884 72
435 2853 545 2891 innon
566 2854 691 2883 alienus
704 2862 725 2883 a
740 2854 842 2883 literis
864 2853 938 2893 &c.]
963 2853 1024 2885 Est
1107 2858 1148 2888 74
1161 2863 1221 2884 sua
1235 2855 1430 2884 auctoritate
1443 2853 1589 2893 dedisset]
1610 2851 1692 2883 Edd.
1708 2861 1757 2892 pr.

324 2893 420 2931 jocus
442 2905 479 2923 ex
502 2894 717 2935 ambiguitate
733 2895 818 2926 verbi
840 2895 1022 2935 literarum,
1060 2897 1267 2936 possedisset:
1301 2905 1342 2928 ex
1368 2905 1432 2936 quo
1463 2895 1607 2938 primum
1631 2894 1758 2926 factum
