1907 3231
542 118 660 156 PRO
686 115 847 156 LEGE
877 115 1153 155 MANILIA.
1502 121 1582 163 507

130 225 216 268 Cn.
241 223 453 281 Pompeio
483 224 677 264 omnium
709 237 850 265 rerum
877 222 1152 280 egregiarum
1176 222 1377 279 exempla
1407 238 1583 265 suman-

131 294 226 327 tur:
257 284 331 340 qui
353 297 440 337 quo
462 281 532 322 die
554 296 579 322 a
599 281 724 321 vobis
746 280 964 322 maritimo
989 281 1099 322 bello
1121 282 1381 337 praepositus
1403 292 1468 322 est
1499 283 1581 323 im-

131 352 319 399 perator,
340 349 462 381 tanta
482 349 658 395 repente
680 343 716 374 57
732 339 874 380 vilitas
896 353 1078 380 annonae
1101 353 1156 379 ex
1179 352 1347 378 summa
1368 339 1516 395 inopia
1536 349 1581 380 et

131 400 312 442 caritate
341 397 402 439 rei
433 396 727 438 frumentariae
759 406 993 438 consecuta
1011 405 1092 447 est,
1113 398 1152 428 58
1168 395 1292 436 unius
1325 411 1399 452 spe
1429 407 1471 437 et
1503 412 1582 437 no-

132 458 266 509 mine,
290 463 497 512 quantam
528 455 603 496 vix
634 469 688 495 ex
724 470 892 496 summa
919 455 1116 495 ubertate
1143 468 1348 510 agrorum
1378 454 1583 495 diuturna

133 531 220 573 pax
243 514 414 556 efficere
445 513 670 569 potuisset.
730 512 846 563 Jam,
868 522 1048 569 accepta
1079 512 1123 552 in
1157 511 1301 553 Ponto
1323 511 1644 562 calamitate‚45

132 588 188 614 ex
210 587 262 614 eo
285 571 450 628 praelio‚
472 571 526 612 de
550 586 638 626 quo
662 585 737 611 vos
762 570 904 627 paullo
927 580 1027 611 ante
1049 569 1210 611 invitus
1243 570 1463 620 admonui,
1485 583 1585 611 cum

134 630 242 672 socii.
256 629 604 686 pertimuissent,
627 629 818 670 hostium
839 642 944 684 opes
968 628 1188 683 animique
1209 628 1469 678 crevissent„
1483 627 1588 668 satis

134 688 308 733 firmum
333 687 582 743 praesidium
609 686 834 743 provincia
863 700 948 726 non
982 686 1187 727 haberet:
1217 686 1466 727 amisissetis
1489 684 1591 726 Asi-

135 761 220 797 am,
236 745 447 796 Quirites,
469 748 509 780 59
522 745 605 786 nisi
624 744 678 785 ad
699 745 743 785 id
767 744 909 798 ipsum
925 743 1018 798 ejus
1043 745 1250 799 temporis
1273 745 1482 785 divinitus
1506 742 1590 784 Cn.

136 804 397 861 Pompeium
421 803 474 844 ad
497 817 568 844 eas
595 802 792 858 regiones
816 801 991 841 fortuna
1018 801 1166 856 populi
1202 801 1389 843 Romani
1422 801 1592 842 attulis-

135 872 215 904 set.
280 861 425 917 Hujus
448 861 658 902 adventus
677 869 721 899 et
744 857 1053 899 hflithridatem
1076 857 1250 899 insolita
1272 860 1593 900 inflammatum

135 921 322 962 victoria
342 919 574 970 continuit,
604 927 648 957 et
678 915 914 972 Tigranem
944 916 1114 972 magnis
1145 917 1283 972 copiis
1315 917 1594 958 minitantem

136 977 256 1019 Asiae
304 976 555 1018 retardavit.
620 973 676 1015 Et
724 974 955 1030 quisquam
1002 974 1237 1025 dubitabit,
1279 975 1383 1030 quid
1433 976 1595 1016 virtute

136 1038 179 1067 60
191 1035 462 1092 profecturus
499 1035 570 1084 sit,
609 1033 684 1088 qui
717 1042 888 1073 tantum
927 1032 1186 1074 auctoritate
1226 1032 1486 1089 profecerit?
1519 1043 1595 1074 aut

138 1108 269 1149 quam
292 1092 419 1133 facile
440 1091 623 1147 imperio
647 1101 777 1146 atque
798 1089 992 1131 exercitu
1016 1090 1156 1131 socios
1175 1099 1219 1130 et
1242 1091 1471 1147 vectigalia
1490 1106 1594 1132 con-

139 1160 384 1194 servaturus
408 1150 478 1201 sit,
501 1150 574 1205 qui
597 1149 692 1205 ipso
714 1148 890 1189 nomine
921 1163 970 1188 ac
994 1162 1166 1189 rumore
1196 1147 1465 1191 defenderit?
1496 1150 1593 1206 Age
1612 1134 1679 1190 16

138 1224 258 1260 vero,
280 1209 352 1250 illa
383 1222 448 1249 res
468 1216 672 1263 quantam
704 1206 893 1248 declarat
922 1205 1114 1261 ejusdem
1150 1205 1338 1247 hominis
1369 1208 1484 1263 apud
1517 1207 1657 1248 lio-46

140 1277 225 1308 stes
258 1265 408 1323 populi
447 1265 635 1306 Romani
668 1264 988 1315 auctoritatem,
1011 1263 1127 1319 quod
1158 1279 1214 1304 ex
1245 1265 1351 1305 locis
1383 1275 1469 1306 tam
1504 1265 1597 1306 lon-

141 1325 331 1381 ginquis,
365 1333 539 1379 tamque
570 1322 765 1373 diversis,
799 1332 885 1362 tam
922 1322 1039 1362 brevi
1072 1331 1266 1378 tempore
1288 1322 1488 1364 6lomnes
1521 1324 1596 1364 uni

141 1383 244 1424 huic
267 1397 311 1424 se
333 1382 619 1423 dediderunt?
649 1380 766 1435 quod
788 1379 1064 1420 Cretensium
1086 1379 1233 1435 legati,
1257 1395 1356 1422 cum
1380 1381 1423 1422 in
1447 1396 1598 1423 eorum

141 1440 282 1482 insula
312 1449 459 1481 noster
494 1440 730 1494 imperator
765 1438 1069 1493 exercitusque
1099 1447 1226 1488 esset,
1262 1439 1314 1480 ad
1351 1439 1434 1480 Cn.
1467 1438 1600 1480 Pom-

139 1499 286 1555 peium
324 1499 368 1538 in
401 1497 575 1538 ultimas
611 1510 747 1553 prope
785 1505 917 1536 terras
948 1505 1173 1546 venerunt,
1205 1496 1331 1550 eique
1368 1511 1412 1537 se
1446 1512 1597 1538 omnes

143 1555 415 1598 Cretensium
459 1555 658 1595 civitates
696 1553 851 1595 dedere
890 1552 996 1595 velle
1035 1553 1269 1595 dixerunt?
1302 1554 1420 1601 Quid
1438 1557 1460 1596 ἓΔ
1483 1555 1598 1596 idem

140 1614 223 1655 iste
260 1613 558 1663 Mithridates,
589 1627 734 1653 nonne
764 1611 816 1652 ad
849 1612 1033 1652 eundem
1065 1611 1147 1652 Cn.
1175 1610 1449 1668 Pompeium,
1481 1613 1599 1669 lega-

143 1683 235 1713 tum
258 1686 393 1727 usque
415 1671 458 1711 in
484 1670 744 1726 Hispaniam
769 1669 908 1711 misit:
945 1670 1180 1725 65‘’eumque
1213 1669 1449 1727 Pompeius
1480 1670 1598 1727 legw-

143 1739 237 1774 tum
266 1743 435 1786 semper
459 1727 703 1784 judicavit:
734 1727 780 1779 ii,
819 1727 977 1782 quibus
1016 1741 1185 1784 semper
1219 1738 1312 1769 erat
1352 1728 1630 1791 molesmum}

145 1873 263 1910 Itaque
283 1874 341 1902 aut
365 1870 397 1901 id
417 1869 606 1906 delendum,
623 1874 680 1900 aut
704 1870 738 1900 in
759 1869 851 1899 dur-is

145 1914 363 1945 mutandum:
387 1913 444 1944 sed
466 1914 548 1944 illud
567 1913 695 1943 melius.
734 1912 850 1950 Itaque

145 1958 220 1994 soci,
236 1967 310 1987 euin
328 1961 361 1986 et
378 1957 463 1986 absit
478 1957 518 1986 ab
533 1956 582 1986 ed.
597 1956 693 1986 dunt.
708 1955 834 1986 Victor.

189 2003 228 2033 57
244 2001 355 2030 vilitas
369 1999 520 2038 annonoe]
539 1999 684 2029 Ammnoe
699 2007 765 2028 non
779 2000 850 2028 erat

147 2045 181 2074 in
203 2043 266 2073 MS.
283 2041 407 2073 Modii:
432 2041 507 2072 inde
523 2041 577 2071 ille
593 2041 692 2071 deleri
708 2040 850 2070 volebat.

147 2086 243 2116 male.
290 2086 368 2116 ison
391 2085 496 2115 sensit
519 2085 623 2124 perire
647 2083 853 2114 concinnita-

146 2135 215 2159 tem
252 2139 292 2158 ex
333 2127 524 2167 aequalitate
563 2138 600 2158 ac
637 2125 852 2156 similitudine

147 2170 384 2202 membrorum.
433 2169 553 2200 Wlitas
585 2170 852 2199 (minente—cari-

149 2218 201 2244 cas
214 2215 265 2244 rei
267 2213 522 2253 frumentariae.

193 2259 232 2288 58
255 2257 355 2287 unius
375 2266 429 2296 spe
448 2260 479 2286 et
501 2255 550 2294 7z.]
576 2254 724 2285 Graevius
740 2264 757 2284 e
773 2253 854 2284 Mss.

149 2299 344 2340 quibusdam
359 2298 447 2329 dedit
462 2299 562 2328 unius
577 2298 715 2327 hominis
729 2307 754 2327 s.
771 2300 802 2326 et
822 2307 854 2327 η.

895 1869 1060 1908 temporis,
1094 1868 1150 1899 alii
1179 1868 1279 1900 aliud.
1326 1870 1440 1901 Cicero
1469 1871 1604 1903 dixisset

893 1912 930 1941 in
953 1913 1019 1951 Ipso
1034 1913 1232 1942 discrimine.
1278 1913 1342 1943 Sed
1364 1915 1419 1953 qui
1434 1924 1534 1944 sonus
1551 1920 1603 1946 est

896 1954 930 1984 in
953 1955 1020 1986 his:
1045 1955 1090 1985 ad
1113 1956 1148 1985 id
1169 1956 1275 1995 ipsum
1299 1965 1325 1986 e.
1346 1961 1369 1986 t.
1395 1958 1440 1986 ad
1462 1967 1512 1988 eos
1527 1967 1601 1997 reg.

896 1998 955 2027 ἃς.
1003 1998 1076 2028 Hoc
1094 1999 1209 2028 Cicero
1225 1999 1259 2028 in
1279 1997 1340 2028 hac
1364 1999 1450 2030 bella
1469 2005 1503 2030 et
1523 2011 1602 2031 con-

896 2040 1067 2071 cinnitatis
1097 2041 1195 2080 plena
1223 2041 1373 2072 oratione
1409 2043 1600 2083 scripserit?

896 2081 985 2122 Ergo
1000 2083 1071 2113 istis
1087 2083 1225 2114 sublatis
1247 2084 1451 2123 scripserim:
1476 2087 1539 2116 nisi
1553 2087 1604 2116 di-

896 2126 1020 2156 vinitus
1039 2127 1096 2157 (jn.
1113 2126 1310 2166 Pompeium
1324 2128 1370 2158 (ul
1387 2138 1443 2158 eas
1456 2130 1605 2168 regiones

884 2167 974 2207 Jbrt.
996 2179 1073 2209 pop.
1099 2169 1143 2200 R.
1170 2170 1346 2206 attulisset,
1369 2170 1432 2208 vel,
1456 2172 1482 2201 si
1507 2172 1605 2203 malit

899 2212 981 2251 quis,
997 2214 1073 2251 quia
1087 2220 1138 2242 est
1151 2212 1317 2248 usitatius,
1333 2213 1509 2244 detulisset.

941 2254 982 2285 60
1008 2254 1449 2295 prosecturus—pt·qt'ece7·it]
1477 2257 1530 2287 Sic
1555 2266 1606 2287 re-

897 2298 991 2337 posui
1009 2308 1083 2328 euni
1099 2298 1230 2328 Graevio
1244 2308 1284 2327 ex
1305 2298 1377 2328 edd.
1397 2304 1479 2329 vett.
1501 2300 1606 2340 pluri-

149 2352 217 2372 non
242 2342 340 2379 male,
363 2342 419 2372 sed
438 2346 553 2371 tamen
574 2350 641 2370 uon
662 2340 855 2371 necessario.

151 2384 370 2416 {referendum
386 2389 432 2415 est
460 2383 500 2414 ad
520 2383 735 2423 Pompeium3
759 2388 793 2413 et
810 2383 855 2418 sic

149 2428 325 2467 aliquoties
339 2437 440 2467 supra
454 2427 638 2457 habuimus,

195 2474 234 2504 59
256 2467 321 2501 'm'si
336 2470 382 2500 all
396 2471 430 2500 ιἰἰ
452 2471 560 2510 ipsum
574 2468 645 2509 ejus
659 2473 681 2499 t.
697 2469 762 2498 div.
780 2468 854 2507 δια]

153 2513 235 2543 Haee
253 2519 304 2543 est
317 2513 416 2543 lectio
433 2513 505 2544 edd.
521 2517 603 2542 vett.
628 2513 688 2542 nisi
713 2511 800 2550 quod
822 2512 857 2541 in

153 2556 322 2586 nonnullis
345 2556 437 2586 abest
458 2556 514 2592 ad,
532 2562 570 2585 ut
592 2555 689 2586 Rom.
703 2554 800 2584 dunt.
819 2559 858 2584 ut

152 2598 187 2628 in
215 2599 272 2630 Br.
298 2599 343 2628 M.
371 2608 488 2639 nempe
514 2599 550 2628 id
574 2598 700 2629 factum
729 2597 859 2627 videtur

154 2650 324 2681 perperam
339 2651 377 2671 ex
392 2641 448 2677 ud,
464 2640 552 2681 qnod
567 2640 683 2671 Lamb.
700 2640 858 2670 restituit.

155 2683 304 2713 Graevius
325 2693 423 2723 porro
445 2695 462 2715 e
484 2684 564 2713 Mss.
589 2683 706 2714 Colou.
727 2687 761 2712 et
787 2682 858 2713 Erf.

156 2725 281 2756 addidit
303 2727 494 2759 discrimem
520 2725 608 2764 quod
635 2736 713 2756 sane
739 2725 860 2755 adden-

156 2769 234 2799 dum
253 2772 320 2805 est,
341 2769 368 2798 si
388 2773 500 2799 totum
525 2768 609 2798 illud
630 2769 675 2798 ad
698 2768 733 2798 id
752 2768 861 2807 ipsum

156 2810 227 2852 ejus
240 2815 263 2841 t.
279 2811 460 2850 genuinum
476 2815 538 2842 est.
583 2810 648 2841 Sed
669 2810 751 2841 mihi
773 2811 861 2851 sapit

157 2854 386 2893 glossatorem,
401 2853 488 2884 unde
501 2859 535 2884 et
553 2854 693 2884 varietas
716 2853 750 2883 in
770 2853 861 2883 libris

156 2902 219 2929 est.
264 2896 376 2937 Aliqui
410 2896 548 2936 liabent,
576 2897 612 2927 in
646 2898 712 2936 ipso
738 2900 863 2938 puncto

898 2339 960 2369 bus
987 2346 1022 2370 et
1049 2340 1130 2371 Mss.
1159 2350 1218 2380 pro
1242 2339 1381 2380 pergyret.
1412 2341 1604 2382 perfecerit,

897 2382 984 2422 quod
1007 2393 1067 2415 nec
1089 2383 1163 2414 loeo
1186 2383 1264 2414 huie
1278 2385 1452 2415 convenit:
1477 2386 1540 2416 etsi
1554 2391 1606 2417 est

899 2427 933 2456 in
949 2427 1021 2457 edd.
1036 2428 1132 2458 Rom.
1150 2428 1206 2458 ΒΓ.

942 2470 978 2501 61
1013 2481 1121 2501 omnes
1151 2480 1216 2500 rma
1243 2470 1320 2499 huic·
1348 2480 1382 2500 se
1406 2470 1493 2510 cled]
1529 2470 1606 2502 Una

900 2521 967 2541 non
990 2513 1100 2553 placet
1121 2513 1196 2542 xiris
1217 2512 1344 2549 docti53
1368 2513 1606 2553 corrig-umque

899 2565 917 2585 e
932 2555 1014 2586 Mss.
1030 2556 1100 2586 Erf.
1114 2555 1227 2585 XVerd.
1244 2555 1317 2586 Col.
1331 2557 1402 2586 uni.
1430 2556 1607 2596 Oppositio

900 2607 978 2628 sane
992 2599 1040 2629 ita
1051 2598 1222 2628 luculenta
1233 2598 1284 2632 fit,
1301 2608 1409 2628 omnes
1425 2600 1493 2629 uni.
1538 2600 1607 2630 Ita-

901 2650 964 2679 que
978 2641 1011 2671 id
1025 2651 1101 2671 cuni
1117 2640 1246 2670 Graevio
1259 2647 1390 2671 secutus
1402 2652 1488 2672 sum.
1530 2642 1607 2673 Una

902 2692 971 2713 non
1006 2684 1162 2713 convenit
1186 2683 1293 2712 verbis
1327 2684 1416 2714 brevi
1441 2689 1607 2725 tempore.-

903 2735 971 2756 esse
987 2726 1118 2756 deberet
1132 2726 1237 2756 eodem
1254 2730 1406 2766 tempore.

947 2769 988 2799 6⁶2
1011 2778 1153 2808 eumque
1168 2768 1286 2808 Pomp.
1312 2769 1386 2808 Sem]
1415 2769 1517 2800 Iidem
1541 2774 1609 2800 tres

904 2811 998 2859 codd.
1015 2821 1102 2849 eum,
1117 2821 1210 2852 quem
1222 2823 1233 2841 :
1255 2812 1341 2851 quod
1356 2812 1505 2854 praetulit
1519 2813 1611 2843 Grae-

904 2863 988 2885 vius.

1659 1720 1707 1749 13.
