1907 3231
491 112 616 150 ACT.
642 112 695 150 ΙΙ.
740 109 928 149 LIBER
960 109 1242 149 QUINTUS.
1518 114 1594 147 385

154 210 278 256 tulit:
311 214 507 271 profecto
530 215 661 258 homo
683 217 802 258 dives
823 223 999 272 repente
1028 229 1054 255 a
1075 213 1209 255 Verre
1236 228 1322 254 non
1350 214 1440 256 sine
1465 229 1595 256 causa

150 268 323 313 citatur.
356 271 638 329 Exspectatio
651 289 818 314 summa
829 271 1258 327 omnium,quidnam
1280 271 1322 311 id
1338 281 1469 314 esset:
1492 287 1590 312 cum
1603 293 1634 324 p.
1650 286 1728 319 239.

155 329 425 371 exanimatus
448 330 593 372 subito
616 332 706 387 ipse
728 331 915 372 accurrit
935 344 1035 372 cum
1063 328 1334 371 adolescente
1356 328 1460 369 filio.
1491 343 1590 370 nam
1602 337 1632 358 a.

154 395 290 439 pater,
332 388 506 443 grandis
538 398 657 440 natu,
691 389 786 444 jam
823 389 897 430 diu
937 388 1049 430 lecto
1081 387 1320 427 tenebatur.
1382 385 1592 426 Nominat
1608 382 1655 421 17

153 440 235 482 iste
257 458 442 495 servum,
464 460 592 501 quem
614 447 870 503 magistrum
894 445 1060 502 pecoris
1076 458 1166 484 esse
1187 444 1375 485 diceret:
1407 457 1503 484 eum
1528 443 1594 484 di-

153 498 215 539 cit
245 501 507 557 conjurasse,
530 513 573 545 et
600 504 703 545 alias
726 503 909 545 familias
928 502 1182 545 concitasse.
1237 500 1284 544 Is
1307 501 1485 541 omnino
1507 514 1594 541 ser-

157 569 233 597 vus
258 557 300 598 in
324 559 487 601 familia
508 576 595 602 non
617 571 723 603 erat.
745 575 842 602 eum
867 561 1012 602 statim
1035 558 1400 614 exhiberejubet.
1458 557 1595 615 Apol-

150 611 291 656 lonius
309 616 537 669 affirmare,
559 634 729 660 servum
761 633 804 659 se
835 619 1012 659 omnino
1036 617 1108 658 illo
1135 617 1310 658 nomine
1332 615 1489 657 habere
1519 630 1594 656 ne-

150 670 327 714 minem.
400 674 487 717 Iste
518 676 734 718 hominem
769 677 908 732 abripi
940 692 966 717 a
987 674 1206 725 tribunali,
1231 684 1275 715 et
1306 673 1350 714 in
1377 688 1594 714 carcerem

150 729 311 785 conjici
327 731 472 786 jubet.
494 734 679 776 clamare
703 733 785 784 illc,
807 749 906 774 cum
928 741 1162 788 raperetur,
1185 731 1294 772 nihil
1316 745 1358 771 se
1387 731 1593 773 miserum

149 784 316 839 fecisse,
339 790 446 832 nihil
465 792 751 833 commisisse:
784 791 1012 847 pecuniam
1035 789 1117 829 sibi
1141 803 1231 829 esse
1253 789 1296 829 in
1327 788 1591 839 nominibus,

148 856 417 889 numeratam
451 849 493 889 in
522 848 753 905 praesentia
781 863 868 888 non
902 847 1074 888 habere.
1136 846 1249 887 Haec
1271 861 1370 887 cum
1400 846 1592 889 maxime

147 915 316 946 summa
346 904 570 947 hominum
601 905 844 960 frequentia
873 903 1191 954 testificaretur,
1214 912 1262 944 ut
1291 903 1433 958 quivis
1465 904 1590 945 intel-

147 956 281 1015 ligere
317 973 476 1018 posset,
517 978 630 1014 eum,
667 963 781 1018 quod
814 962 1042 1019 pecuniam
1073 976 1160 1002 non
1191 960 1394 1011 dedisset,
1425 960 1587 1002 idcirco

147 1015 219 1057 illa
241 1026 328 1060 tam
351 1022 506 1062 acerba
525 1020 685 1076 injuria
705 1021 845 1072 affici3
877 1035 976 1061 cum
998 1020 1202 1070 maxime,
1227 1027 1273 1059 ut
1294 1018 1406 1069 dico,
1428 1017 1511 1059 hoc
1532 1018 1586 1059 de

146 1076 331 1131 pecunia
351 1077 569 1129 clamaret,
593 1078 634 1119 in
663 1078 801 1119 vincla
821 1077 1045 1133 conjectus
1067 1086 1145 1118 est.
1209 1075 1362 1116 Videte
1383 1067 1632 1117 constan-8

147 1131 252 1173 tiam
276 1136 488 1189 praetoris,
510 1145 554 1176 et
583 1135 676 1191 ejus
696 1136 906 1192 praetoris,
929 1135 1001 1190 qui
1033 1149 1148 1176 nunc
1178 1148 1273 1174 reus
1304 1149 1391 1175 non
1422 1134 1484 1175 ita
1513 1134 1586 1175 de·
1600 1140 1647 1173 18

145 1186 360 1244 fendatur,
383 1202 430 1234 ut
453 1193 679 1234 mediocris
702 1203 875 1249 praetor,
898 1194 970 1234 sed
1004 1192 1064 1233 ita
1086 1192 1294 1243 laudetur,
1316 1201 1364 1233 ut
1397 1192 1588 1248 optimus

148 1245 397 1304 imperator.
466 1251 579 1292 Cum
609 1265 829 1292 servorum
861 1250 1018 1291 bellum
1058 1258 1334 1300 metueretur,
1371 1265 1457 1306 qno
1489 1265 1590 1305 sup-

149 1303 281 1360 plicio
320 1308 519 1350 dominos
552 1309 824 1350 indemnatos
857 1308 1089 1358 alliciebat,
1126 1307 1209 1348 hoc
1239 1321 1382 1348 servos
1412 1307 1589 1348 damna-

151 1372 217 1402 tos
237 1362 472 1407 liberabat:
503 1365 800 1422 Apollonium,
823 1365 1207 1422 locupletissimum
1231 1364 1467 1415 hominem,
1499 1366 1588 1420 qui,

147 1419 181 1460 si
203 1419 377 1477 fugitivi
402 1423 559 1464 bellum
593 1424 635 1464 in
669 1423 816 1465 Sicilia
845 1423 1052 1474 facerent,
1083 1422 1368 1478 amplissimas
1391 1422 1587 1463 fortunas

143 1478 375 1532 amitteret,
406 1480 505 1522 belli
537 1481 821 1537 fugitivorum
844 1481 1033 1531 nomine,
1058 1480 1220 1521 indicta
1251 1494 1394 1531 causa,
1416 1479 1460 1520 in
1491 1480 1585 1521 vin-

145 1533 213 1575 cla
233 1536 448 1592 conjecit:
481 1553 644 1590 servos,
667 1554 774 1594 quos
809 1539 900 1594 ipse
921 1554 1021 1579 eum
1054 1537 1250 1588 consilio,
1274 1537 1372 1578 belli
1396 1538 1584 1579 faciendi

144 1606 274 1634 causa
294 1595 807 1652 consensissejudicavit,
839 1612 912 1638 eos
941 1597 1031 1637 sine
1060 1595 1229 1637 consilii
1257 1595 1484 1644 sententia,
1508 1611 1584 1636 sua

142 1661 313 1705 sponte,
345 1653 463 1694 omni
492 1654 705 1710 supplicio
731 1654 943 1695 liberavit.
976 1654 1174 1700 24Quid?
1206 1653 1241 1694 si
1272 1653 1327 1694 ab
1349 1652 1583 1709 Apollonio
1598 1664 1646 1698 19

142 1706 305 1763 aliquid
324 1711 603 1752 commissum
621 1721 700 1763 est,
718 1712 1000 1767 quamobrem
1015 1711 1114 1767 jure
1138 1711 1181 1751 in
1200 1725 1298 1752 eum
1315 1709 1586 1752 animadver—

143 1772 324 1818 teretur;
358 1777 557 1810 tamenne
576 1769 686 1811 hanc
708 1784 797 1810 rem
818 1771 878 1811 sic
897 1784 1089 1825 agemus,
1112 1779 1159 1809 ut
1189 1769 1359 1810 crimini
1381 1779 1455 1809 aut
1477 1769 1588 1809 invi-

141 1821 227 1863 diae
250 1838 322 1864 reo
347 1835 547 1880 putemus
579 1842 670 1868 esse
693 1837 906 1883 oportere,
937 1828 970 1868 si
1005 1842 1091 1882 quo
1124 1827 1177 1867 de
1201 1826 1377 1867 homine
1400 1827 1586 1867 severius

135 1877 384 1934 judicavit?
444 1884 547 1925 Non
578 1900 704 1942 agam
737 1899 823 1926 tam
846 1886 1025 1927 acerbe:
1059 1900 1146 1925 non
1180 1895 1273 1925 utar
1309 1884 1391 1925 ista
1411 1899 1588 1925 accusa-

142 1937 254 1979 toria
275 1942 602 1994 consuetudine,
625 1942 659 1983 si
683 1943 786 1999 quid
816 1952 880 1984 est
903 1942 1065 1984 factum
1097 1942 1344 1992 clementer,
1368 1951 1415 1982 ut
1447 1942 1586 1982 disso-

139 1992 228 2035 lute
252 1995 415 2038 factum
438 1999 663 2042 criminer:
697 2001 730 2041 si
753 2001 857 2056 quid
889 2001 1157 2042 vindicatum
1190 2014 1334 2040 severe
1356 2009 1434 2050 est,
1457 2008 1505 2039 ut
1527 2014 1581 2040 ex
1597 2010 1626 2040 b.

139 2065 191 2093 eo
218 2054 484 2097 crudelitatis
520 2057 727 2098 invidiam
760 2058 977 2114 colligam.
1011 2073 1098 2098 non
1133 2072 1259 2114 agam
1282 2058 1364 2098 ista
1396 2058 1582 2098 ratione:

139 2118 216 2151 tua
237 2113 590 2169 sequarjudieia:
624 2126 742 2157 tuam
764 2115 991 2157 defendam
1024 2115 1343 2166 auctoritatem,
1365 2116 1507 2169 quoad
1540 2124 1587 2155 tu

142 2168 273 2220 voles,
297 2170 423 2212 simul
446 2187 495 2213 ac
517 2182 607 2214 tute
641 2173 828 2230 coeperis
852 2173 1110 2228 tuajudicia
1130 2175 1169 2204 95
1182 2173 1445 2214 rescindere:
1477 2172 1586 2213 mihi

142 2240 391 2270 succensere
424 2230 625 2272 desinito.
657 2246 754 2272 meo
782 2232 896 2272 enim
924 2232 1024 2287 jure
1058 2231 1333 2281 contendam,
1361 2245 1474 2280 eum,
1511 2231 1586 2285 qui

140 2284 403 2340 suojudicio
435 2288 747 2330 condemnatus
779 2290 848 2340 sit,
864 2289 1109 2345 juratorum
1127 2288 1327 2344 judicum
1360 2288 1583 2328 sententiis

139 2340 334 2384 damnari
357 2354 571 2401 oportere.
624 2347 726 2388 Non
749 2347 976 2388 defendam
999 2346 1219 2402 Apollonii
1243 2360 1431 2396 causam,
1454 2346 1645 2388 amiciw

137 2409 268 2455 atque
303 2400 487 2458 hospitis
519 2404 617 2455 mei,
650 2419 702 2445 ne
737 2413 858 2445 tuum
882 2404 1099 2460 judicium
1142 2404 1285 2444 videar
1318 2403 1582 2446 rescindere:

138 2456 246 2498 nihil
269 2457 321 2499 de
344 2460 532 2501 hominis
555 2460 818 2519 frugalitate,
839 2462 1012 2513 virtute,
1032 2460 1258 2517 diligentia
1276 2461 1442 2502 dicam:
1476 2476 1586 2517 prae-

141 2515 378 2558 termittam
410 2518 516 2560 illud
548 2520 694 2572 etiam,
727 2520 779 2561 de
810 2535 896 2575 quo
919 2530 1046 2561 antea
1067 2519 1175 2570 dixi,
1198 2519 1392 2560 fortunas
1415 2519 1508 2575 ejus
1527 2519 1589 2561 ita

176 2682 218 2710 24
240 2680 356 2722 Quid?
377 2683 460 2714 siah
483 2684 524 2715 A.
547 2685 676 2725 alique'd
689 2685 838 2715 commis·
881 2687 931 2713 est
961 2684 994 2713 in
1029 2682 1092 2713 Gn.
1141 2682 1279 2723 Aliquid
1312 2681 1463 2723 intellige
1498 2683 1589 2715 aliud

132 2732 207 2753 eum
229 2723 290 2763 est]
327 2724 472 2756 Primum
500 2727 689 2767 interpunxi
719 2728 839 2768 Quid?
883 2726 973 2766 quid.

131 2766 173 2801 si,
202 2775 262 2805 pro
291 2765 420 2806 chc'dsz'.
479 2769 540 2799 Est
567 2770 655 2800 enim
693 2771 837 2809 objectio
925 2771 964 2800 25
981 2768 1177 2798 rescindere:
1201 2768 1282 2798 mihi
1297 2767 1445 2807 saecul]
1472 2769 1523 2799 Sic
1539 2769 1589 2800 in-

134 2805 317 2838 Hortensii.
341 2809 456 2841 deinde
472 2811 543 2842 edd.
559 2822 610 2853 pr.
635 2813 840 2843 commissum
882 2811 1062 2851 tcrpunxi;
1106 2820 1182 2841 nam
1213 2820 1282 2840 non
1311 2810 1479 2842 cohaerent
1507 2812 1589 2843 haec.

131 2853 223 2881 esset.
268 2851 464 2885 correctum
487 2860 538 2885 est
560 2854 606 2888 ab>
621 2854 722 2894 Aldu,
745 2859 780 2886 et
796 2856 842 2885 sie
886 2854 931 2884 Et
943 2854 988 2885 sic
1004 2853 1076 2885 edd.
1093 2856 1175 2885 vett.
1190 2859 1224 2885 et
1236 2853 1289 2885 Ms
1313 2853 1376 2884 Gu,

189 2922 298 2952 voL.
325 2925 381 2955 11.
827 2927 849 2954 C
871 2927 896 2954 C
