1907 3231
586 106 706 145 PRO
733 105 896 145 LEGE
927 107 1204 148 MANILIA.
1547 119 1622 155 503

168 212 285 269 quod
309 210 495 268 vectigal
516 212 647 253 vobis
673 221 817 254 tutum
847 211 958 254 fuit?
989 228 1119 269 quem
1152 215 1317 256 socium
1339 215 1622 265 defendistis?

167 272 239 312 cui
269 271 473 327 praesidio
494 269 703 311 classibus
735 271 888 312 vestris
918 271 1089 312 fuistis?
1121 287 1251 328 quam
1282 275 1438 317 multas
1469 280 1622 321 existi-

166 329 295 370 matis
318 328 476 370 insulas
496 341 592 368 esse
612 328 828 371 desertas?
860 343 989 384 quam
1011 329 1168 372 multas
1196 339 1271 371 aut
1291 344 1411 375 metu
1434 336 1617 389 relictas,

166 397 243 428 aut
273 402 298 428 a
337 385 615 442 praedonibus
645 399 794 442 captas
831 388 957 428 urbes
990 401 1082 429 esse
1114 388 1359 431 sociorum?
1391 391 1476 433 Sed
1513 396 1616 449 quid
1636 395 1699 446 12

163 444 517 501 egolonginqua
538 448 863 487 commemoro?
896 445 998 486 Fuit
1029 444 1114 488 1106
1145 447 1381 502 quondam,
1403 448 1487 490 fuit
1519 466 1618 507 pro-

164 503 307 558 prium
330 502 479 558 populi
505 501 694 543 Romani
716 502 846 559 longe
864 517 891 543 a
908 503 1039 544 domo
1063 503 1233 555 bellare,
1252 514 1297 546 et
1312 508 1356 536 44
1367 521 1618 564 propugna-

161 559 270 601 culis
301 559 470 616 imperii
505 560 722 601 sociorum
754 560 965 612 fortunas,
1000 575 1088 602 non
1121 577 1197 604 sua
1229 572 1345 605 tecta
1370 563 1616 608 defendere.

160 619 202 648 45
215 617 356 659 Sociis
386 632 469 673 ego
491 617 644 658 vestris
677 632 796 659 mare
825 618 1018 660 clausum
1048 634 1124 675 per
1154 620 1286 662 hosce
1316 636 1451 664 annos
1472 624 1616 667 dicam

160 673 308 727 fuisse,
347 690 446 717 cum
489 676 706 717 exercitus
739 672 876 717 nostri
913 691 939 717 a
979 676 1211 719 Brundisio
1244 694 1498 735 numquam,
1535 684 1617 725 nisi

161 747 331 775 summa
352 733 508 785 hieme,
533 734 875 774 transmiserint?
909 734 997 780 Qui
1021 735 1074 775 ad
1099 751 1174 776 vos
1206 738 1261 778 ab
1284 740 1445 779 exteris
1476 741 1618 782 natio·

159 791 288 833 nibus
315 792 527 842 venirent,
550 800 702 847 captos
733 804 914 845 querar,
948 805 1047 832 cum
1079 792 1211 849 legati
1243 796 1393 850 populi
1428 797 1617 841 Romani

157 850 340 891 redemti
374 850 488 891 sint?
517 848 832 890 mercatoribus
856 857 1001 889 tutum
1031 863 1149 891 mare
1180 865 1267 892 non
1299 853 1430 895 fuisse
1458 856 1616 909 dica-m,

157 922 258 949 cum
288 908 519 949 duodecim
550 920 719 946 secures
751 906 795 946 in
827 906 1083 962 praedonum
1117 918 1377 964 potestatem
1408 927 1616 968 pervene-

155 966 272 1008 rint?
305 966 496 1008 Cnidum
528 973 604 1004 aut
636 962 956 1019 Colophonem,
987 974 1062 1006 aut
1097 966 1290 1019 Samum,
1323 970 1676 1015 nobilissimas33

156 1025 299 1075 urbes,
334 1020 757 1077 innumerabilesque
795 1021 914 1074 alias,
948 1033 1097 1079 captas
1131 1039 1223 1066 esse
1260 1041 1614 1083 commemorem,

154 1096 254 1123 cum
278 1090 442 1124 vestros
473 1089 640 1137 portus,
662 1089 794 1135 atque
818 1094 891 1121 eos
924 1091 1090 1136 portus,
1113 1082 1270 1137 quibus
1293 1084 1429 1126 vitam
1451 1097 1495 1128 et
1526 1090 1615 1145 spi-

154 1140 286 1181 ritum
327 1139 502 1190 ducitis,
538 1138 582 1179 in
620 1138 879 1194 praedonum
917 1139 1050 1180 fuisse
1086 1150 1303 1196 potestate
1336 1144 1511 1187 sciatis?
1541 1146 1613 1189 An

153 1212 254 1239 vero
278 1197 504 1254 ignoratis,
529 1205 705 1252 portum
730 1195 898 1252 Cajetae
921 1196 1264 1250 celeberrimum,
1292 1209 1422 1257 atque
1453 1203 1613 1259 plenis-

151 1255 310 1296 simum
332 1256 524 1305 navium,
547 1254 819 1310 inspectante
842 1263 1044 1310 praetore,
1074 1270 1099 1296 a
1128 1257 1409 1312 praedonibus
1431 1275 1523 1302 esse
1545 1264 1613 1305 di-

150 1317 350 1370 reptum?
384 1312 452 1354 Ex
486 1311 858 1363 Miseno'autem,
891 1311 984 1367 ejus
1021 1313 1156 1369 ipsius
1190 1314 1362 1368 liberos,
1396 1319 1470 1373 qui
1510 1335 1608 1362 cum
1622 1333 1655 1366 b.

151 1371 432 1427 praedonibus
465 1380 593 1411 antea
622 1369 680 1410 ibi
718 1369 877 1410 bellum
910 1381 1116 1426 gesserat,
1149 1387 1174 1412 a
1207 1374 1487 1429 praedonibus
1518 1393 1611 1421 esse

150 1429 372 1472 sublatos?
405 1428 519 1470 Nam
552 1427 657 1484 quid
679 1441 762 1483 ego
787 1427 990 1468 Ostiense
1022 1428 1365 1485 incommodum,
1397 1444 1528 1490 atque
1560 1437 1610 1478 il-

147 1487 233 1528 lam
255 1487 396 1528 labem
419 1496 550 1541 atque
574 1485 859 1541 ignominiam
881 1486 1134 1542 reipublicae
1154 1503 1322 1543 querar,
1337 1506 1452 1543 cum,
1474 1508 1609 1550 prope

147 1544 494 1601 inspectantibus
520 1543 661 1594 vobis,
683 1542 830 1584 classis
862 1556 926 1594 ea,
949 1544 1019 1584 cui
1049 1546 1200 1586 consul
1232 1548 1382 1604 populi
1418 1549 1608 1594 Romani

144 1603 407 1660 praepositus
429 1611 555 1652 esset,
587 1616 613 1641 a
646 1601 927 1657 praedonibus
958 1612 1088 1658 capta
1120 1612 1251 1660 atque
1281 1622 1488 1663 oppressa
1512 1613 1605 1652 est?

146 1660 233 1702 Pro
255 1661 315 1702 dii
339 1659 628 1701 immortales!
655 1668 879 1700 tantamne
900 1660 1028 1700 unius
1050 1660 1240 1703 hominis
1264 1663 1530 1707 incredibilis
1552 1683 1603 1710 ac

143 1719 293 1760 divina
319 1719 455 1760 virtus
491 1727 579 1758 tam
611 1717 732 1758 brevi
766 1726 962 1773 tempore
995 1717 1135 1760 lucem
1166 1719 1319 1762 afferre
1349 1723 1601 1780 reipublicae,

143 1777 304 1833 potuit,
339 1785 387 1817 ut
419 1791 511 1826 vos,
545 1776 619 1830 qui
649 1775 780 1816 modo
814 1785 915 1816 ante
945 1776 1106 1817 ostium
1136 1776 1391 1822 Tiberinum
1420 1782 1602 1825 classem

143 1835 336 1876 hostium
360 1833 589 1884 videbatis,
612 1833 642 1873 ii
666 1847 782 1874 nunc
802 1833 964 1874 nullam
987 1834 1101 1875 intra
1115 1835 1280 1877 Oceani
1304 1840 1465 1880 ostium
1489 1855 1599 1896 prae-

142 1893 306 1934 donum
348 1906 503 1933 navem
540 1905 632 1932 esse
673 1891 887 1933 audiatis?
929 1890 1076 1947 Atque
1118 1892 1228 1947 haec,
1260 1910 1347 1951 qua
1378 1897 1660 1941 celeritate34

142 1961 266 2007 gesta
283 1951 384 2001 sint,
404 1963 653 2006 quanquam
676 1949 846 2001 videtis,
871 1958 1016 1991 tamen
1047 1965 1072 1991 a
1102 1965 1171 1992 me
1202 1952 1245 1993 in
1278 1954 1464 1996 dicendo
1487 1971 1599 2012 prae-

141 2009 350 2049 tereunda
380 2023 468 2049 non
500 2016 615 2049 sunt.
677 2006 788 2053 Quis
811 2007 928 2048 enim
959 2023 1182 2064 umquam,
1205 2021 1281 2052 aut
1302 2013 1491 2055 obeundi
1524 2029 1599 2056 ne-

141 2067 268 2123 gotii,
291 2059 366 2107 ant
391 2064 683 2121 consequendi
714 2073 908 2121 quaestus
940 2066 1099 2118 studio,
1124 2077 1212 2108 tam
1247 2070 1364 2110 brevi
1388 2083 1597 2128 tempore,

139 2134 209 2167 tot
231 2125 328 2166 loca
357 2124 489 2176 adire,
513 2132 658 2165 tantos
680 2137 830 2164 cursus
851 2124 1066 2166 conficere
1098 2126 1257 2181 potuit,
1278 2127 1320 2157 ‘¹6
1333 2143 1463 2184 quam
1487 2132 1597 2172 cele-

180 2287 222 2317 44
246 2283 511 2325 propugmculis
532 2281 625 2322 imp]
674 2281 728 2312 Ita
752 2281 844 2312 Cice·
888 2282 977 2313 urbis
1007 2293 1075 2314 non
1103 2286 1279 2317 convenire
1305 2287 1487 2320 videbatur.
1543 2291 1596 2321 Sic

138 2329 212 2359 roni
239 2332 401 2358 vocantur
427 2325 580 2362 colonia»,
615 2325 781 2355 institutae
809 2325 844 2355 in

137 2371 330 2401 nationibus
362 2369 449 2401 bello
477 2368 634 2404 subactis,
663 2368 780 2406 quibus
809 2372 845 2398 et

135 2414 240 2444 victas
275 2417 390 2452 gentes
418 2413 452 2442 in
481 2411 589 2441 officio
617 2411 840 2458 continerent,

136 2461 172 2487 et
187 2457 330 2497 impetus
345 2455 525 2486 vicinarum
551 2458 701 2493 gentium
718 2464 751 2502 111
767 2464 841 2502 suns

136 2499 321 2540 provincias
343 2498 548 2528 cohiberent·
568 2507 597 2526 v.
620 2506 678 2536 pro
703 2496 841 2544 Fonteio

135 2552 164 2572 6.
181 2541 202 2572 l.
244 2541 337 2572 Alias
356 2541 458 2572 etiam
481 2540 598 2571 classes
621 2544 656 2568 et
677 2544 840 2569 exercitus

136 2583 386 2625 propugnacula
420 2583 588 2618 dicuntur,
626 2581 682 2612 sed
707 2581 840 2629 *simpli—

135 2627 219 2657 citer
246 2631 306 2657 aut
341 2636 417 2657 cum
446 2626 588 2665 regionis
625 2634 772 2661 1101111116,
803 2630 841 2655 ut

134 2668 228 2700 Verr.
256 2669 320 2706 111,
341 2672 392 2700 80.
419 2669 531 2699 classis
546 2669 841 2708 propugnaculum

134 2711 270 2748 Siciliae,
281 2712 534 2752 proesl'diumque
544 2710 731 2750 provinvice.

175 2757 218 2785 45
255 2754 357 2785 Sociis
391 2764 450 2792 ego
478 2753 607 2792 vestris]
648 2753 700 2783 Sic
729 2752 837 2782 Graev.

132 2797 253 2828 melius
274 2801 310 2828 et
333 2796 532 2836 elegantius,
551 2805 649 2835 quam
672 2795 764 2825 sociis
786 2805 838 2826 ve-

131 2841 211 2870 stris
232 2849 302 2878 ego.
346 2839 428 2869 Mox
452 2839 524 2870 dedi
549 2849 572 2869 a
593 2838 777 2869 Brundisio
791 2849 838 2887 ι611

132 2882 206 2914 edd.
222 2893 271 2924 pr.
316 2881 475 2914 Deletum
490 2885 540 2913 est
558 2891 592 2920 α,
607 2881 696 2922 quod
709 2890 838 2911 nonum

888 2331 922 2356 et
939 2326 1051 2366 paullo
1066 2336 1141 2368 post
1156 2334 1205 2358 est
1221 2329 1255 2359 in
1272 2329 1336 2360 fine
1352 2341 1423 2372 cap.

929 2369 972 2399 46
1007 2380 1036 2409 q.
1067 2382 1094 2400 c.
1125 2372 1197 2401 belli
1225 2373 1367 2412 impetus
1401 2376 1591 2417 navigavit]

885 2411 1034 2442 Graevius
1071 2413 1197 2443 addidit
1232 2425 1250 2444 e
1286 2415 1367 2446 Mss.
1395 2417 1465 2447 Erf.
1495 2418 1591 2449 Verd.

885 2459 919 2484 et
942 2454 1014 2485 aliis
1030 2458 1127 2486 tami.
1172 2456 1250 2487 Non
1274 2457 1366 2490 bene.
1411 2460 1498 2490 Nam
1523 2471 1592 2493 non

885 2496 1086 2537 intelligitur
1109 2500 1229 2529 bellum
1253 2499 1285 2530 h.
1310 2501 1331 2531 l.
1358 2502 1418 2539 ita,
1443 2507 1482 2533 ut
1505 2514 1591 2545 saepe

885 2545 976 2577 ante,
999 2542 1054 2571 ubi
1078 2542 1117 2571 de
1141 2542 1372 2582 magnitudine
1393 2545 1473 2576 belli
1492 2547 1590 2585 dixit,

883 2592 901 2612 e
929 2593 994 2622 quo
1020 2584 1089 2614 haec
1117 2586 1226 2624 glossa
1247 2593 1328 2617 nata
1350 2593 1401 2617 est
1423 2591 1459 2619 in
1483 2588 1588 2628 libris,

883 2625 940 2655 sed
953 2626 993 2656 de
1012 2636 1175 2666 apparatu
1190 2627 1308 2659 11611160
1322 2635 1355 2660 et
1378 2631 1589 2664 administra-

882 2667 976 2698 tione
1003 2669 1092 2699 belli.
1139 2671 1286 2710 Impetus
1311 2673 1385 2703 belli
1409 2680 1460 2704 est
1481 2675 1589 2708 forma

882 2713 1027 2750 poemen,
1063 2724 1079 2742 6
1109 2712 1234 2745 Graecis
1266 2714 1367 2746 ducta
1393 2727 1413 2746 a
1450 2717 1589 2750 Latinis.

883 2753 976 2794 Saepe
1005 2755 1155 2795 inprimis
1189 2755 1364 2788 Lucretius
1392 2759 1454 2790 hac
1481 2760 1590 2793 forma

882 2805 959 2826 usus
982 2805 1045 2833 est,
1074 2804 1113 2828 ut
1140 2799 1282 2838 impetus
1303 2802 1391 2835 coel2‘,·
1419 2813 1478 2843 pro
1505 2804 1588 2834 coelo

881 2837 924 2876 V,
940 2842 998 2870 ⁶201
1023 2841 1079 2870 &cu
1126 2841 1199 2882 lpse
1221 2843 1338 2873 Cicero
1358 2845 1458 2875 etiam
1482 2846 1526 2876 N.
1542 2846 1587 2877 D.

882 2879 930 2918 11,
953 2884 1005 2914 38.
1026 2884 1188 2924 impetum
1206 2887 1277 2916 eoeli
1298 2889 1425 2919 1110εένό-
1445 2888 1535 2920 dicit.
1555 2899 1586 2920 v.

792 2923 925 2968 ssk4
