1907 3231
439 133 561 172 ACT.
585 132 636 171 11.
673 129 860 169 LIBER
886 129 1212 169 SECUNDUS.
1465 134 1541 175 187

105 241 299 299 ejusdem
319 237 521 289 civitatis,
544 245 592 278 ut
613 236 666 277 de
687 249 738 277 eo
759 243 919 292 praetor
934 234 1104 290 judices
1126 249 1180 275 ex
1206 233 1256 274 P.
1275 233 1441 290 Rupilii
1463 235 1538 277 de-

106 309 239 349 creto,
260 296 373 353 quod
397 296 431 335 is
453 295 506 335 de
527 295 675 335 decem
706 293 946 349 legatorum
977 292 1188 332 sententia
1218 291 1383 341 statuit,
1407 307 1537 347 quam

107 356 246 410 legem
268 354 326 395 illi
347 352 565 407 Rupiliam
588 360 757 400 vocant,
781 350 994 390 sortiatur.
1044 349 1174 394 Quod
1198 348 1390 403 privatus
1412 365 1436 389 a
1460 364 1535 404 po-

110 409 211 469 pulo
230 411 351 468 petit,
371 419 444 449 aut
461 408 642 464 populus
664 423 686 448 a
711 407 877 462 privato
894 424 902 447 :
926 414 1096 446 senatus
1114 420 1168 446 ex
1188 405 1330 460 aliqua
1347 405 1539 456 civitate,

110 469 375 526 quijudicet,
394 466 532 516 datur,
552 480 651 506 cum
669 465 842 504 alternae
862 464 1058 504 civitates
1077 463 1248 517 rejectae
1267 470 1380 502 sunt.
1410 462 1541 508 Quod

110 528 217 568 civis
251 524 470 565 Romanus
502 538 525 563 a
557 522 701 564 Siculo
734 522 856 576 petit,
881 521 1049 561 Siculus
1074 519 1212 574 judex
1243 519 1393 560 datur:
1426 519 1543 574 quod

113 583 279 625 Siculus
310 597 334 621 a
363 581 457 620 cive
489 580 704 630 Romano,
733 579 840 619 civis
873 577 1094 618 Romanus
1125 577 1273 618 datur:
1305 584 1543 617 ceterarum

112 654 254 682 rerum
274 638 416 679 selecti
430 638 600 692 judices
623 636 782 677 civium
807 635 1102 676 Romanorum
1128 649 1182 674 ex
1205 643 1419 674 conventu
1444 648 1543 690 pro-

113 697 216 754 poni
240 696 392 736 solent.
427 695 543 735 luter
565 703 750 734 aratores
772 702 815 732 et
839 693 1111 740 decumanos,
1134 691 1228 747 lege
1250 690 1543 741 frumentaria,

114 769 242 810 quam
264 752 543 793 Hieronicam
566 749 977 807 appellant,judicia
998 748 1122 788 fiunt.
1163 748 1273 789 Haee
1297 748 1443 788 omnia
1461 749 1543 788 isto
1555 765 1605 799 33

115 821 300 868 praetore
322 824 405 849 non
420 809 547 849 modo
564 809 823 864 perturbata,
842 805 915 846 sed
933 805 1056 860 plane
1078 814 1121 845 et
1140 805 1293 845 Siculis
1315 815 1358 846 et
1378 805 1546 846 civibus

118 868 326 909 Romanis
348 876 494 922 erepta
517 876 639 906 sunt:
673 864 857 920 primum
879 878 966 903 suae
998 863 1136 918 leges3
1169 863 1284 918 quod
1307 862 1413 903 civis
1445 877 1545 904 cum

116 926 211 967 cive
240 936 399 980 ageret,
422 933 495 964 aut
517 937 613 963 eum
629 921 838 976 judicem,
861 934 989 976 quem
1010 920 1286 961 commodum
1309 929 1413 970 erat,
1437 935 1547 976 prae-

118 997 286 1032 eonem,
311 980 594 1035 haruspicem,
616 979 831 1019 medicum
857 992 980 1018 suum
1020 977 1175 1018 dabat:
1208 986 1295 1027 aut,
1318 977 1350 1017 si
1383 976 1551 1033 legibus

119 1051 212 1081 erat
229 1039 444 1094 judicium
475 1036 774 1086 constitutum,
796 1044 839 1076 et
860 1035 913 1076 ad
943 1034 1081 1075 civem
1114 1049 1236 1074 suum
1261 1034 1455 1089 judicem
1478 1048 1550 1074 ve-

120 1107 284 1146 nerant,
307 1095 439 1136 libere
462 1095 544 1135 civi
562 1094 759 1149 judicare
779 1107 864 1133 non
883 1092 1055 1132 licebat.
1116 1090 1318 1132 Edictum
1337 1091 1450 1132 enim
1471 1091 1551 1132 ho-

119 1155 246 1194 minis
284 1152 549 1208 cognoscite,
583 1165 668 1206 quo
701 1150 843 1191 edicto
877 1149 1021 1190 omnia
1051 1149 1218 1204 judicia
1254 1149 1475 1205 redegerat
1506 1149 1553 1189 in

121 1226 241 1252 suain
262 1220 539 1266 potestatem:
566 1223 607 1249 sr
641 1221 725 1259 QUI
757 1219 1025 1248 PERPERAM
1054 1219 1441 1256 JUDICASSET,SE
1471 1219 1553 1246 co-

126 1280 419 1309 GN1TURUM:
455 1280 555 1307 CUM
583 1278 888 1314 COGNOSSET,
913 1276 1404 1304 ANlMADVERSURUM.
1428 1263 1556 1318 idque

123 1340 219 1366 cum
245 1328 278 1358 3³
304 1324 503 1372 faciebat,
526 1337 650 1363 nemo
675 1322 917 1370 dubitabat,
936 1320 1055 1374 quin,
1075 1335 1173 1361 cum
1190 1320 1328 1375 judex
1352 1320 1481 1360 alium
1503 1320 1556 1361 de

124 1397 201 1423 suo
219 1382 387 1437 judicio
412 1379 904 1436 putaietjudicaturum,
926 1391 1054 1432 seque
1072 1378 1116 1418 in
1135 1392 1185 1418 eo
1209 1378 1362 1433 capitis
1389 1377 1555 1432 perieu-

126 1440 214 1481 lum
230 1439 460 1487 aditurum,
475 1436 739 1477 voluntatem
764 1443 975 1490 spectaret
997 1434 1103 1490 ejus,
1117 1449 1244 1490 quem
1262 1435 1405 1475 statim
1421 1435 1472 1474 de
1485 1449 1555 1475 ca-

125 1497 215 1554 pite
248 1511 324 1536 suo
358 1504 526 1551 putaret
555 1493 866 1548 judicaturum.
918 1491 1125 1532 3856166ῖί
1158 1507 1181 1532 6
1219 1500 1450 1542 conventu,
1481 1500 1615 1536 aut34

123 1553 335 1610 propositi
357 1567 409 1592 ex
439 1551 779 1607 negotiatoribus
804 1549 975 1605 judices
998 1548 1117 1590 nulli.
1149 1549 1244 1590 haec
1266 1550 1405 1605 copia,
1427 1564 1555 1604 quam

126 1611 240 1660 dico,
256 1610 469 1666 judicum,
492 1610 660 1658 cohors,
685 1622 771 1648 non
796 1608 853 1654 Q.
887 1607 1109 1658 Scaevolae,
1131 1607 1203 1662 qui
1238 1616 1381 1647 tamen
1412 1607 1464 1647 de
1485 1621 1558 1647 co-

127 1669 251 1710 horte
274 1682 348 1708 sua
366 1668 466 1707 dare
487 1680 574 1706 non
596 1665 782 1717 solebat3
817 1664 888 1704 sed
912 1663 963 1705 C.
987 1664 1146 1704 Verris.
1208 1664 1464 1718 Cujusmodi
1487 1679 1559 1705 co-

128 1725 297 1768 hortem
317 1724 476 1780 putatis
494 1723 576 1764 hoc
597 1722 790 1778 principe
805 1721 962 1764 fuisse?
985 1725 1024 1756 39
1035 1721 1162 1762 sicuti
1175 1722 1330 1762 videtis
1348 1722 1558 1762 edictum:

133 1797 176 1825 51
204 1796 325 1834 oum
352 1794 619 1823 PERPERAM
651 1793 920 1821 JUDICARIT
952 1792 1189 1820 SENATUS.
1252 1778 1363 1819 Eum
1379 1782 1604 1834 'quoqueb-

129 1840 368 1890 ostendam,
391 1839 425 1879 si
451 1837 622 1893 quando
645 1838 700 1878 sit
721 1837 861 1888 datus,
885 1845 1039 1877 coactu
1062 1837 1200 1887 istim,
1222 1837 1338 1892 quod
1359 1851 1447 1878 non
1469 1851 1564 1877 sen-

172 1988 212 2020 37
224 1985 389 2027 faciebat,
419 1994 511 2015 nemo
546 1983 729 2023 dubitabat]
775 1983 828 2013 Sic

131 2028 204 2060 edd.
230 2039 277 2069 pr.
293 2029 328 2058 P.
353 2027 526 2057 Manutius
550 2027 673 2066 primus
690 2036 720 2056 a.
736 2028 828 2056 1450.

131 2071 222 2102 dedit
233 2072 376 2103 dubitat;
391 2069 478 2109 quod
489 2069 660 2099 dubitabat
672 2078 738 2098 non
751 2077 830 2098 con-

871 1982 968 2014 Rom.
989 1984 999 2024 ζ
1002 1994 1030 2014 ν.
1048 1983 1157 2015 Clavis
1172 1984 1206 2014 in
1220 1982 1416 2023 negotiator)
1435 1983 1475 2014 ab
1490 1984 1568 2015 civi.

871 2026 930 2056 bus
955 2026 994 2057 R.
1019 2027 1138 2067 plebeii
1161 2026 1284 2057 ordinis
1307 2026 1568 2065 distinguuntur.

872 2069 924 2098 Sic
942 2069 1027 2109 apud
1050 2069 1214 2099 Velleium
1236 2069 1281 2104 11,
1310 2072 1378 2099 110.
1398 2069 1429 2099 6.
1444 2070 1568 2108 pariter

133 2113 271 2144 sentiret
305 2112 529 2152 sequeiitibu5‚
560 2115 669 2151 putet,
698 2114 828 2150 spectet,

134 2156 192 2186 ἃς.
208 2156 302 2194 idque
318 2154 463 2185 defendit
477 2164 516 2183 ex
531 2164 570 2183 ea
591 2162 703 2183 caussa
723 2153 830 2183 Hoto-

134 2207 289 2235 mannus,
299 2197 524 2235 revocavitque
533 2196 691 2225 Graevius.
713 2195 756 2226 At
769 2196 828 2225 du-

136 2241 219 2270 bitat
230 2241 369 2270 vicissim
379 2249 446 2269 non
458 2238 623 2268 consentit
636 2238 734 2267 verbo
735 2236 829 2277 faei-

133 2283 220 2319 ebat,
233 2282 319 2322 quod
333 2281 513 2312 necessario
526 2281 614 2320 sequi
629 2279 725 2310 debet
738 2280 830 2309 dubi-

134 2325 238 2355 tabat.
282 2325 316 2354 Si
330 2325 459 2354 dubitat
480 2333 592 2354 verum
615 2327 712 2359 esset,
727 2327 765 2351 ut
782 2330 831 2351 res

135 2366 177 2397 ad
193 2376 333 2407 praesens
349 2370 479 2406 tempus
495 2366 682 2400 referretur,
700 2363 832 2394 deberet

134 2419 202 2439 esse
208 2408 342 2448 fecerit.
386 2408 448 2438 Sed
460 2417 566 2438 sermo
580 2412 630 2437 est
645 2407 682 2437 de
700 2412 832 2446 praeter-

137 2451 198 2488 ito,
213 2457 247 2481 et
260 2451 318 2481 illa
329 2457 479 2490 tempora
494 2450 667 2490 praesentia
689 2449 835 2489 post-du-

137 2495 262 2524 hitnbat
273 2498 353 2523 sunt
367 2493 496 2529 vitiosa,
506 2491 775 2530 scribendumque
788 2491 835 2521 bis

132 2540 282 2576 putaret,
305 2539 474 2575 spectaret.
519 2534 620 2573 Origo
647 2534 716 2563 vitii
740 2533 836 2563 intel-

139 2578 255 2618 ligitur
268 2588 307 2608 ex
322 2577 394 2607 edd.
408 2587 456 2617 pr.
471 2577 505 2606 in
523 2577 638 2615 quibus
653 2583 701 2606 est
710 2580 812 2616 putat
828 2588 837 2605 .-

141 2620 227 2659 quod
242 2620 413 2650 manifeste
435 2625 484 2649 est
498 2630 516 2648 e
529 2619 722 2658 compendio
731 2620 839 2658 pzcttl‘t

141 2671 201 2702 pro
219 2666 365 2702 putaret.
381 2662 457 2692 huic
480 2666 589 2691 cetera
610 2666 688 2691 sunt
711 2670 837 2690 aeconi—

145 2704 288 2734 modata.

184 2748 225 2777 38
249 2745 365 2776 Selecti
383 2757 400 2776 e
421 2750 590 2782 conventu,
605 2750 665 2776 aut
681 2755 776 2785 prop.
799 2755 839 2774 ex

143 2789 410 2828 negociatoribus]
441 2789 616 2824 Conventa,
625 2793 675 2818 est
687 2799 704 2817 e
717 2788 840 2817 civibus

144 2830 240 2860 Rom.
283 2830 330 2860 At
350 2832 450 2861 etiam
465 2831 686 2869 negotiatores
703 2835 782 2859 sunt
796 2830 841 2858 ‹zi-

146 2881 210 2903 νος.
254 2872 394 2913 Nempe,
427 2873 504 2912 quia
535 2872 569 2903 hi
603 2877 682 2903 sunt
716 2872 842 2911 equites

872 2111 957 2141 cives
972 2112 1011 2142 R.
1026 2116 1060 2141 et
1073 2112 1293 2150 negotiatores
1307 2111 1568 2150 distinguuntur.

873 2153 1013 2184 Mirifice
1025 2153 1078 2183 hic
1091 2154 1285 2194 interpretes
1295 2153 1466 2191 laborant3
1483 2153 1569 2194 quod

872 2200 1044 2226 conventus
1072 2200 1105 2226 et
1131 2197 1373 2235 negotiatorum
1398 2194 1570 2226 notionem

872 2247 982 2268 veram
1005 2248 1072 2268 non
1087 2238 1210 2269 habent
1225 2251 1231 2268 ε
1256 2248 1353 2278 quam
1369 2248 1428 2268 nos
1442 2243 1568 2268 utram·

872 2290 933 2318 que
944 2280 1139 2311 tradidimus
1153 2292 1172 2311 e
1187 2281 1343 2311 Cicerone
1356 2281 1391 2310 in
1406 2280 1515 2311 Clare.

917 2324 957 2356 39
979 2324 1074 2353 sicuti
1091 2323 1203 2353 uidetis
1217 2323 1372 2362 edictum]
1413 2323 1485 2353 Hoc
1501 2331 1569 2353 non

875 2364 1035 2404 intelligo.
1082 2365 1192 2395 Etiam
1213 2370 1381 2405 suspectus
1400 2365 1491 2396 loeus
1505 2365 1570 2397 fuit

877 2406 1104 2438 Hotomanno.
1143 2407 1290 2438 Graevius
1304 2407 1442 2437 lectores
1456 2418 1571 2438 arnan-

877 2449 934 2479 dat
949 2449 988 2479 ad
1002 2450 1037 2479 P.
1060 2450 1263 2486 Manutium,
1280 2450 1334 2489 qui
1358 2449 1441 2479 nihil
1455 2450 1508 2480 hie
1522 2450 1571 2480 di-

878 2491 934 2521 cit.
978 2492 1153 2522 Enimvero
1179 2492 1250 2522 haec
1278 2501 1344 2522 non
1368 2493 1571 2523 conveniunt

879 2534 1085 2564 antecedenti
1094 2535 1346 2574 interrogationi
1357 2545 1364 2563 ι
1385 2533 1572 2575 eujusmodi

879 2575 1180 2616 cohortem—ficte&
1194 2578 1210 2606 ‚1⁷
1243 2586 1319 2606 nam
1349 2576 1381 2606 id
1405 2588 1444 2607 ex
1472 2577 1571 2608 edicti

880 2628 891 2646 x
900 2618 984 2648 erbis
997 2628 1063 2648 non
1076 2619 1284 2658 intelligitur.
1300 2618 1488 2658 Suspicatus
1497 2629 1571 2650 sum

881 2660 1074 2690 Ciceronem
1085 2662 1265 2701 scripsisse:
1288 2662 1384 2691 sic-uei
1398 2662 1511 2692 videtis
1524 2663 1572 2701 ip-

880 2713 952 2732 sum
967 2715 976 2731 .·
1003 2707 1061 2733 aut
1086 2703 1290 2744 simpliciter,
1316 2704 1412 2733 sicuti
1435 2704 1549 2734 videtis
1565 2717 1573 2733 .·

881 2744 967 2784 qnod
985 2747 1088 2784 magis
1103 2745 1221 2785 placet.
1265 2746 1411 2776 Verbum
1433 2746 1574 2776 edietum

883 2787 1030 2818 additum
1044 2798 1063 2817 a
1072 2787 1262 2826 glossatore,
1275 2792 1315 2818 ut
1325 2787 1496 2825 indicaret,
1506 2799 1576 2820 ver-

883 2830 924 2861 ba
935 2830 1103 2869 sequentia
1114 2840 1182 2862 esse
1196 2840 1235 2862 ex
1250 2830 1367 2861 edicto.
