1907 3231
16 1920 27 1950 ===
15 1876 21 1906 Α,
15 1854 18 1858 .

490 84 615 124 ACT.
642 85 694 123 11.
740 84 926 123 LIBER
951 83 1251 126 QUARTUS.
1518 87 1593 121 351

151 190 404 231 memoriam
429 189 614 242 virtutis,
636 200 920 233 monumenta
940 190 1152 241 victoriae,
1176 188 1228 230 C.
1251 188 1430 230 Verrem
1453 198 1595 230 sustu-

149 246 263 288 lisse.
317 244 448 295 Quod
463 263 563 289 cum
583 249 654 289 isti
673 249 990 290 renuntiaretur
1007 248 1060 289 de
1076 247 1168 288 basi
1185 261 1235 288 ac
1252 245 1423 297 litteris,
1445 247 1596 287 existi-
1607 261 1660 300 79

150 304 288 346 mavit
308 305 505 347 homines
529 306 574 347 in
595 306 860 348 oblivionem
878 307 1011 347 totius
1028 304 1196 361 negotii
1217 318 1308 345 esse
1327 313 1544 354 ventur08‚
1561 303 1595 344 si

149 361 282 404 etiam
305 363 457 415 basim,
481 373 703 420 tamquam
724 365 912 406 indicem
935 364 999 405 sui
1030 361 1215 413 sceleris,
1239 360 1493 402 sustulisset.
1516 361 1597 401 ita-

150 434 235 475 que
258 420 490 462 tollendam
512 422 635 463 istius
658 422 840 479 imperio
858 422 1133 464 locaverunt:
1166 435 1264 475 quae
1287 418 1412 460 vobis
1436 418 1597 459 locatio

152 491 208 517 ex
228 477 413 534 publicis
434 479 770 535 Segestanorum
790 480 943 521 litteris
962 480 1104 537 priore
1123 478 1294 519 actione
1316 476 1497 517 recitata
1518 485 1597 516 est.

152 530 215 575 Te
236 550 366 587 nunc,
392 536 442 577 P.
467 536 631 594 Scipio,
657 547 713 590 te,
735 539 928 594 inquam,
949 536 1232 580 lectissimum
1255 533 1598 576 ornatissimum·
1610 537 1685 592 36

151 606 236 647 que
264 594 583 637 adolescentem
605 596 802 653 appello:
835 597 910 637 abs
942 605 984 637 te
1019 595 1211 636 officium
1241 601 1379 643 tuum,
1401 591 1598 632 debitum
1610 611 1642 643 b.

153 651 303 706 generi
325 661 370 693 et
390 653 556 694 nomini
590 655 760 710 requiro
782 663 826 695 et
847 654 1015 710 flagito.
1077 652 1167 693 Cur
1190 666 1267 708 pro
1291 651 1390 701 isto,
1413 649 1486 705 qui
1507 647 1601 689 lau-

154 708 252 749 dem
280 709 577 767 honoremque
600 711 776 753 familiae
800 721 953 752 vestrae
985 709 1263 767 depeculatus
1296 718 1374 759 est,
1405 708 1600 763 pugnas?

154 780 231 807 cur
253 781 353 809 eum
381 768 605 823 defensum
630 784 720 811 esse
743 769 833 811 vis?
864 784 940 810 cur
971 783 1054 825 ego
1089 778 1184 808 tuas
1212 777 1354 823 partes
1383 764 1601 821 suscipio?

154 838 233 865 cur
255 834 378 867 tuum
395 842 503 874 onus
526 828 741 869 sustineo?
766 826 833 867 M.
848 825 1012 867 Tullius
1035 824 1085 866 P.
1105 824 1301 865 Africani
1322 831 1604 864 monumenta

155 883 357 938 requirit:
393 884 444 926 P.
466 885 613 942 Scipio
635 888 670 919 9Ι
686 899 799 935 eum,
823 885 896 940 qui
920 884 991 925 illa
1013 883 1200 933 sustulit,
1230 880 1439 922 defendit.
1489 879 1604 921 Cum

157 954 252 981 mos
279 957 303 982 a
326 942 564 997 majoribus
596 941 778 983 traditus
813 944 882 993 sit,
906 952 953 982 ut
983 949 1267 983 monumenta
1294 939 1509 994 majorum
1544 938 1606 978 ita

157 1012 332 1040 suorum
358 1000 540 1056 quisque
569 1000 789 1052 defendat,
812 1010 861 1041 ut
889 1015 940 1040 ea
970 1014 1025 1040 ne
1052 999 1192 1040 ornari
1223 997 1399 1053 quidem
1430 995 1606 1036 nomine

156 1055 298 1098 alieno
313 1057 447 1111 sinat3
472 1068 516 1099 tu
533 1059 603 1099 isti
623 1058 775 1110 aderis,
798 1061 839 1093 92
852 1058 926 1113 qui
944 1073 1030 1098 non
1049 1056 1236 1098 obtrusit
1255 1055 1397 1110 aliqua
1413 1068 1467 1094 cx
1486 1064 1607 1109 parte

157 1127 441 1156 monumenta
471 1115 522 1157 P.
547 1117 779 1173 Scipionis,
805 1117 879 1156 scd
913 1114 1108 1157 funditus
1140 1113 1312 1154 sustulit
1340 1127 1388 1153 ac
1422 1110 1605 1153 delevit?

161 1171 376 1218 Quisnam
399 1173 547 1230 igitur,
579 1189 654 1231 per
688 1175 791 1219 deos
825 1172 1109 1215 immortales!
1144 1171 1335 1212 tuebitur
1370 1169 1419 1210 P.
1438 1168 1606 1225 Scipio-
1619 1186 1671 1220 30

156 1230 224 1270 nis
247 1232 501 1272 memoriam
523 1234 706 1274 mortui?
738 1232 833 1288 quis
866 1240 1150 1272 monumenta
1184 1240 1312 1284 atque
1341 1227 1503 1269 indicia
1525 1227 1609 1268 vir-

160 1289 280 1339 tutis,
311 1292 351 1322 93
363 1290 398 1330 si
423 1299 465 1330 tu
491 1305 541 1331 ea
562 1290 775 1346 relinques
809 1305 859 1331 ac
881 1290 1072 1330 deseres?
1104 1302 1243 1343 neque
1266 1286 1404 1327 solum
1427 1284 1612 1341 spoliata

160 1345 232 1387 illa
255 1346 432 1402 patiere,
455 1348 529 1389 sed
551 1348 683 1389 etiam
705 1362 855 1388 eorum
878 1346 1155 1403 spoliatorem
1178 1354 1516 1399 vexatoremque
1539 1343 1613 1383 de-

161 1402 339 1446 fendes?
385 1405 559 1446 Adsunt
593 1405 835 1462 Segestani,
868 1404 1046 1446 clientes
1082 1403 1160 1454 tui,
1191 1403 1298 1443 socii
1335 1401 1483 1458 populi
1522 1399 1614 1440 Ro-

160 1463 277 1503 mani
297 1472 426 1518 atque
440 1463 569 1505 amici
586 1481 594 1505 :
628 1464 855 1504 certiorem
874 1473 914 1503 te
934 1462 1116 1513 faciunt,
1139 1461 1188 1502 P.
1203 1459 1476 1510 Africanum,
1501 1457 1613 1499 Kar·

162 1519 340 1576 thagine
355 1520 508 1572 deleta,
523 1521 799 1563 simulacrum
818 1520 973 1562 Dianae
994 1520 1078 1575 maj
1087 1518 1233 1561 oribus
1249 1518 1335 1559 suis
1349 1516 1611 1558 restituisse:

161 1576 292 1633 idque
324 1579 438 1635 apud
472 1580 749 1636 Segestanos,
780 1579 873 1635 ejus
908 1577 1180 1635 imperatoris
1218 1575 1394 1617 nomine
1422 1574 1614 1631 positum

161 1649 212 1676 ac
233 1636 480 1678 dedicatum
499 1637 654 1679 fuisse:
688 1638 771 1679 hoc
790 1637 970 1678 Verrem
987 1635 1309 1677 demoliendum
1327 1643 1371 1674 et
1390 1641 1616 1689 asportan!

161 1692 280 1745 dum,
312 1709 557 1751 nomenque
578 1697 757 1737 omnino
782 1695 833 1736 P.
857 1694 1075 1751 Scipionis
1101 1692 1331 1734 delendum
1355 1690 1618 1732 tollendum·

160 1765 244 1806 que
266 1767 461 1796 curasse:
494 1764 620 1795 orant
644 1764 698 1805 te,
731 1763 861 1810 atque
882 1754 1127 1802 obsecrant,
1151 1762 1199 1792 ut
1225 1750 1308 1791 sibi
1342 1748 1615 1805 religionem,

163 1810 311 1865 generi
336 1820 410 1852 tuo
441 1811 612 1853 laudem
643 1812 911 1868 gloriamque
944 1810 1160 1861 restituas,
1194 1819 1254 1860 ut,
1284 1807 1401 1863 quod
1423 1822 1478 1847 ex
1510 1806 1616 1846 urbe

163 1866 357 1909 hostium
380 1884 454 1925 per
485 1868 537 1911 P.
555 1869 813 1912 Africanum
835 1869 1144 1925 recuperarint,
1172 1866 1214 1908 id
1248 1880 1328 1922 per·
1353 1874 1395 1906 te
1425 1880 1479 1906 ex
1504 1878 1615 1920 prae-

164 1925 289 1966 donis
313 1926 444 1968 domo
467 1942 721 1970 conservare
744 1929 926 1985 possint.
987 1928 1029 1961 9⁴
1043 1925 1162 1973 Quid
1186 1935 1260 1965 aut
1279 1933 1326 1965 tu
1346 1923 1414 1964 his
1438 1928 1699 1988 respon-37

163 1982 263 2025 dere
285 1983 466 2026 honeste
495 1995 631 2042 potes,
663 1996 738 2028 aut
760 1986 820 2027 illi
847 1985 1004 2035 facere,
1026 1984 1108 2025 nisi
1133 1993 1181 2023 ut
1205 1992 1246 2023 te
1269 1997 1318 2022 ac
1341 1981 1471 2021 fidem
1494 1989 1615 2020 tuam

162 2041 424 2098 implorent?
459 2044 630 2096 adsunt,
662 2054 706 2085 et
746 2043 994 2101 implorant.
1025 2052 1150 2098 potes
1184 2040 1436 2082 domesticae
1475 2036 1614 2079 laudis

165 2100 512 2157 amplitudinem,
533 2102 698 2158 Scipio,
722 2103 847 2154 tueri,
869 2110 1019 2158 potes:
1051 2098 1199 2141 omnia
1231 2098 1276 2139 in
1306 2107 1348 2138 te
1378 2105 1492 2148 sunt,
1515 2110 1613 2151 quae

162 2168 238 2199 aut
268 2158 443 2201 fortuna
476 2159 726 2202 hominibus
760 2170 836 2202 aut
863 2167 1019 2200 natura
1039 2157 1235 2213 largitur.
1268 2170 1358 2197 non
1390 2167 1614 2211 praecerpo

163 2215 354 2258 fructum
373 2217 506 2259 officii
532 2219 616 2261 tui:
649 2233 737 2260 non
760 2218 944 2259 alienam
972 2216 1081 2258 mihi
1114 2214 1286 2256 laudem
1308 2222 1494 2270 appeto:
1526 2225 1746 2267 nonp.219.

160 2284 226 2317 est
247 2275 425 2333 pudoris
444 2277 544 2329 mei,
565 2276 616 2317 P.
637 2276 858 2332 Scipione,
876 2274 1184 2316 florentissimo
1203 2271 1492 2323 adolescente,
1513 2269 1613 2312 vivo
1627 2280 1657 2302 a.
1726 2267 1740 2276 χ

204 2437 243 2470 91
260 2445 348 2474 eam,
361 2431 418 2477 qui
428 2437 491 2467 illa
501 2426 651 2478 sustulit]
669 2436 737 2469 Illa
750 2435 868 2467 melius
911 2435 1075 2474 relinques
1101 2443 1141 2463 ac
1168 2433 1293 2463 deseres
1320 2429 1531 2460 scribendum
1559 2434 1621 2466 aut,

164 2477 302 2509 abesset.
354 2490 369 2497 ·-
912 2484 988 2518 post
1009 2474 1325 2516 patere—defend&
1370 2472 1457 2512 Quia
1472 2472 1535 2502 ΜΞ.
1552 2482 1620 2511 reg.

206 2523 248 2555 9⁶2
270 2520 325 2562 qui
340 2531 404 2552 non
421 2523 573 2563 obtrusit]
605 2522 678 2554 Hoc
695 2532 793 2553 nemo
819 2521 868 2551 in·
912 2519 1000 2560 apud
1013 2519 1180 2549 Graevium
1194 2517 1277 2548 illud
1288 2516 1401 2552 habet,
1418 2515 1536 2556 recepi.
1552 2515 1618 2544 Gu.

163 2562 306 2604 telligat.
349 2561 493 2604 Quidam
517 2565 592 2596 libri
618 2565 671 2596 vel
697 2565 805 2595 obruit
818 2564 870 2594 vel
913 2563 1074 2593 fluctuat:
1098 2561 1256 2603 relinquis
1272 2563 1332 2589 aut
1347 2557 1482 2598 deferes.
1527 2557 1619 2588 Grae-

165 2605 336 2638 obstruxit.
361 2608 447 2645 Hoc,
463 2609 552 2649 quod
565 2615 615 2639 est
631 2609 664 2639 in
681 2608 744 2638 Gu.
761 2607 869 2647 place·
912 2605 997 2641 xiuS,
1014 2604 1137 2641 nese-m,
1161 2614 1260 2642 qua-re
1275 2612 1315 2633 ex
1326 2611 1394 2632 uno
1409 2600 1474 2631 ΜΞ.
1491 2599 1620 2631 dederit

167 2649 224 2679 bat
245 2649 437 2683 Guilielmio
460 2657 495 2682 et
519 2652 673 2683 Grutero.
708 2650 796 2681 Puto
817 2660 870 2679 ve·
914 2647 1111 2688 defenderis,
1136 2646 1225 2686 quod
1252 2654 1319 2676 non
1347 2644 1515 2674 consentit
1541 2653 1619 2674 eum

166 2701 240 2722 rum
257 2702 336 2723 esse.
379 2693 462 2730 Mox
483 2694 631 2726 Graevius
655 2704 673 2724 e
692 2693 756 2724 ΜΞ.
780 2692 871 2723 dedit
908 2691 1051 2731 patiere.

164 2735 284 2765 delevit
299 2734 378 2773 aes.
392 2738 537 2768 sustulit.
564 2736 704 2767 Videtur
717 2745 785 2766 esse
799 2745 868 2765 me-
953 2735 996 2767 94
1017 2730 1113 2773 ,Quid
1135 2734 1196 2762 aut
1219 2735 1255 2761 ta
1275 2730 1325 2760 his
1346 2728 1420 2769 ἃς-]
1466 2728 1585 2767 Addidi
1600 2739 1619 2759 e

165 2774 240 2808 lius.
284 2777 349 2809 Ms.
364 2778 428 2810 Gu.
453 2778 555 2811 h'abet
565 2778 729 2821 funditus
751 2778 869 2810 delevit
912 2775 976 2806 Ms.
1002 2775 1115 2805 Ursini
1139 2779 1188 2810 tu,
1210 2773 1297 2813 quod
1315 2772 1449 2815 ἀκςίξειιι
1471 2771 1620 2802 antithe-

167 2830 209 2852 αθ
222 2819 368 2852 abstulit.
911 2828 983 2849 scos
996 2817 1154 2858 postulat.
1170 2815 1233 2852 MS.
1249 2817 1313 2850 Gu.
1326 2825 1402 2853 eum,
1415 2816 1477 2852 his,
1492 2815 1620 2847 factum

207 2865 247 2898 93
260 2864 288 2896 sa·
302 2867 338 2895 tu
352 2873 391 2896 ea
404 2865 563 2907 relinquis
575 2874 615 2898 αι·
629 2863 774 2906 deseris]
800 2860 874 2897 Aut
913 2867 965 2909 est
976 2872 993 2893 e
1008 2865 1044 2894 tu
1057 2860 1122 2893 hts.
1551 2876 1555 2882 -
