1907 3231
560 90 678 128 PRO
715 90 761 128 L.
797 88 1067 127 MURENA.
1450 98 1524 135 695

88 184 282 227 omnium
304 185 464 228 civium
494 185 629 226 salute
649 193 832 226 tueatur.
883 182 939 224 Et
966 183 1168 237 quoniam
1189 184 1229 225 in
1262 182 1346 228 hoc
1377 188 1524 232 officio

92 242 280 284 studium
302 256 409 284 meae
429 242 687 283 defensionis
706 243 760 282 ab
779 240 1097 282 accusatoribus
1119 250 1247 296 atque
1268 244 1396 284 etiam
1429 247 1524 302 ipsa

89 301 304 356 susceptio
320 315 458 341 causa».
474 299 727 355 reprehensa
745 307 826 340 est:
854 306 1081 352 antequam
1100 312 1176 352 pro
1194 299 1240 339 L.
1257 299 1442 343 Murena
1455 305 1520 345 di-

88 370 183 396 cere
199 357 393 407 instituo,
411 370 487 412 pro
504 371 571 396 me
585 357 678 412 ipso
698 371 830 411 pauca
843 355 1005 405 dicam3
1028 368 1113 394 11011
1127 369 1213 409 quo
1228 356 1332 396 mihi
1357 361 1513 413 potior,

88 411 172 453 1100
194 415 365 469 quidem
385 414 427 454 in
449 423 654 469 tempore,
673 414 728 454 sit
749 412 882 453 officii
905 412 1001 461 mei,
1018 426 1146 466 quam
1167 411 1346 466 hujusce
1365 416 1510 467 salutis
1522 425 1553 456 b.

85 469 293 521 defensio,
317 471 387 511 sed
413 481 472 520 ut,
495 486 590 511 meo
613 471 729 511 facto
761 469 882 510 vobis
915 469 1111 524 probato,
1142 470 1305 524 majore
1326 477 1512 515 auctori-

88 535 175 567 tate
205 529 258 568 ab
283 527 410 583 hujus
433 527 609 578 honore,
641 527 769 577 fama,
794 525 1062 581 fortunisque
1083 527 1513 578 omnibus,ini1nico—

83 598 177 625 rum
201 585 384 640 impetus
403 585 652 640 propulsare
673 584 847 640 possim.

143 640 199 682 Et
221 642 405 698 prinlum
427 642 491 682 M.
513 641 685 691 Catoni,
709 641 839 681 vitain
863 639 914 680 ad
937 649 1096 680 certam
1118 640 1295 682 rationis
1318 657 1509 686 normam
1523 655 1555 702 2

82 697 301 754 dirigenti,
324 709 367 740 et
387 699 714 755 diligentissime
728 696 1007 753 perpendenti
1028 707 1247 739 momenta
1267 700 1544 761 officiorumg

78 755 288 806 omnium,
309 757 362 797 de
394 757 539 797 officio
563 770 656 796 meo
676 754 958 810 respondebo.
1019 754 1165 811 Negat
1194 755 1324 797 fuisse
1346 768 1512 801 rectum

82 812 209 864 Cato,
231 828 299 854 me
320 824 364 854 et
385 813 620 863 consulem,
641 823 685 853 et
706 811 812 867 legis
834 812 1022 852 ambitus
1054 811 1247 863 latorem,
1271 823 1314 854 et
1338 825 1425 856 tam
1449 831 1513 858 se-

82 884 178 911 vere
209 879 332 926 gesto
363 870 603 920 consulatu,
632 883 804 910 causam
831 867 880 908 L.
903 868 1102 909 Murenae
1135 870 1364 925 attingere.
1388 873 1513 928 cujus

78 927 354 982 reprehensio
377 942 445 968 me
468 927 741 968 vehementer
764 934 923 975 movet,
947 940 1032 965 non
1057 925 1194 966 solum
1218 937 1264 967 ut
1287 930 1512 986 vobi3,ju-

77 983 208 1035 dices,
227 985 384 1039 quibus
407 985 595 1025 maxime
615 983 767 1033 debeo,
801 996 946 1023 verum
976 982 1106 1023 etiam
1142 993 1188 1023 ut
1222 985 1303 1040 ipsi
1337 986 1512 1038 Catoni,

76 1042 331 1096 gravissimo
353 1052 481 1097 atque
505 1040 782 1097 integerrimo
806 1039 912 1090 viro,
936 1041 1146 1080 rationem
1170 1041 1271 1082 facti
1296 1044 1377 1084 mei
1412 1059 1512 1100 pro-

79 1098 190 1139 bem.
251 1098 290 1139 A
312 1114 398 1155 quo
421 1099 608 1149 tandem,
640 1097 707 1137 M.
731 1097 857 1146 Cato,
889 1106 954 1136 est
987 1097 1152 1152 aequius
1184 1100 1403 1141 consulem
1437 1102 1510 1142 de-

75 1154 207 1207 fendi,
226 1170 354 1211 quam
377 1171 402 1196 a
422 1155 625 1197 consule?
658 1154 767 1202 Quis
796 1153 906 1194 mihi
944 1154 987 1193 in
1023 1154 1245 1210 republica
1269 1167 1411 1212 potest
1433 1170 1509 1200 aut

72 1212 202 1257 debet
222 1227 313 1254 esse
348 1213 637 1268 conjunctior,
658 1225 787 1266 quam
821 1211 870 1261 is,
891 1210 960 1251 cui
993 1212 1234 1267 respublica
1257 1217 1275 1244 5
1289 1229 1314 1254 a
1335 1230 1403 1256 me
1423 1231 1509 1258 una

74 1269 256 1311 traditur
278 1270 539 1319 sustinenda,
562 1269 730 1324 maguis
753 1269 858 1308 meis
888 1268 1106 1309 laboribus
1138 1277 1181 1309 et
1212 1272 1411 1325 periculis
1436 1289 1504 1314 su-
1523 1269 1528 1322 J

72 1330 283 1369 stentat-a?
315 1327 483 1374 Quodsi
498 1327 541 1367 in
559 1326 608 1366 iis
631 1326 756 1367 rebus
779 1325 1035 1381 repetendiS,
1058 1341 1154 1381 quae
1178 1328 1366 1385 mancipi
1389 1340 1524 1381 sunt‚⁴

70 1384 105 1424 is
128 1384 364 1440 periculum
379 1383 536 1439 judicii
568 1391 770 1438 praestare
792 1382 933 1437 debet,
956 1383 1028 1438 qui
1063 1397 1105 1423 se
1129 1397 1241 1424 nexu
1264 1386 1500 1442 obligavit:

71 1441 266 1497 profecto
287 1442 416 1482 etiam
441 1440 596 1481 rectius
623 1440 667 1481 in
684 1439 853 1494 judicio
885 1439 1072 1479 consulis
1109 1440 1337 1497 designati,
1365 1445 1400 1485 is
1423 1460 1502 1501 po-

71 1499 283 1539 tissimum
306 1498 470 1548 consul,
492 1497 565 1552 qui
597 1496 816 1540 consulem
850 1495 1097 1547 declaravit,
1129 1509 1279 1540 auctor
1302 1501 1499 1544 beneficii
1522 1509 1526 1544 1

68 1555 218 1612 populi
242 1554 429 1596 Romani
452 1553 736 1608 defensorque
768 1552 945 1608 periculi
974 1567 1065 1594 esse
1087 1554 1277 1597 debebit.
1336 1557 1417 1610 Ac,
1450 1560 1536 1623 si,4

70 1621 117 1653 ut
149 1612 364 1654 nonnullis
397 1613 440 1653 in
475 1611 726 1652 civitatibus
749 1610 839 1651 fieri
864 1610 985 1661 solet,
1008 1622 1213 1666 patronus
1235 1613 1337 1656 huic
1358 1630 1500 1658 causae

67 1669 240 1724 publice
269 1669 625 1710 constitueretur:
659 1668 692 1708 is
728 1667 949 1723 potissime
982 1667 1145 1709 honore
1166 1669 1323 1712 affecto
1354 1673 1504 1714 defen-

68 1741 137 1767 sor
158 1727 344 1777 daretur,
367 1726 439 1781 qui
460 1726 609 1767 eodem
633 1724 797 1765 honore
821 1724 1027 1780 praeditus
1051 1740 1138 1766 non
1167 1727 1309 1769 minus
1331 1729 1504 1773 afferret

60 1784 117 1824 ad
140 1784 370 1825 dicendum
394 1782 679 1832 auctoritatis,
701 1796 830 1837 quam
862 1781 1096 1823 facultatis.
1149 1785 1349 1832 6Quodsi
1373 1798 1502 1843 portu
1530 1802 1531 1805 ’

65 1841 344 1891 solventibus,
364 1841 409 1890 ii,
429 1840 501 1895 qui
517 1839 610 1894 jam
634 1840 675 1879 in
712 1848 881 1895 portum
901 1853 955 1879 ex
974 1840 1061 1880 alto
1093 1840 1370 1894 invehuntur,
1390 1859 1501 1900 prae·

62 1899 207 1954 cipere
240 1913 406 1939 summo
437 1897 579 1938 studio
613 1897 750 1937 solent
782 1906 825 1937 et
860 1906 1165 1952 tempestatum
1198 1900 1424 1953 rationem,
1456 1911 1501 1943 et

64 1956 334 2011 praedonum,
355 1964 398 1996 et
431 1955 648 2005 locorum3
677 1953 793 2008 quod
817 1962 968 1994 natura
990 1954 1086 2005 fert,
1112 1965 1158 1995 ut
1179 1956 1239 1997 eis
1262 1957 1498 2010 faveamus,

61 2013 135 2068 qui
169 2013 315 2053 eadem
349 2011 736 2068 pericula,⁴quibus
768 2025 845 2051 nos
876 2009 1093 2066 perfuncti
1127 2027 1286 2064 sumus,
1321 2015 1501 2071 7111310-

61 2070 258 2112 diantur:
291 2084 376 2125 quo
410 2069 583 2110 tandem
619 2082 686 2108 me
717 2068 861 2108 animo
891 2081 982 2109 esse
1015 2080 1201 2124 oportet,
1242 2086 1376 2128 prope
1401 2073 1499 2128 jam

61 2142 116 2168 ex
139 2141 298 2183 magna
319 2127 563 2182 jactatione
601 2135 755 2166 terram
784 2125 1017 2176 videntem,
1040 2127 1082 2166 in
1109 2127 1236 2179 hunc,
1268 2130 1337 2169 cui
1373 2131 1496 2172 video

59 2184 270 2227 maximas
286 2183 531 2240 reipublicae
552 2190 828 2238 tempestates
850 2196 940 2223 esse
963 2184 1203 2225 subeundas
1221 2188 1234 2227 ?
1295 2186 1440 2233 Quare
1459 2188 1538 2251 Sip.
1558 2214 1616 2246 125

56 2251 124 2283 est
161 2242 261 2296 boui
295 2240 497 2292 consulis,
529 2255 613 2281 11011
649 2239 785 2280 solum
822 2239 978 2291 videre,
1009 2241 1113 2296 quid
1142 2253 1312 2298 agatur,
1345 2259 1537 2286 veruma.
1618 2234 1628 2246 ⁹

99 2359 116 2388 5
131 2366 153 2386 a
179 2366 230 2387 me
250 2365 318 2385 una
341 2354 489 2385 traditur
509 2353 604 2392 suen]
630 2353 754 2383 Omnes
801 2354 847 2382 11.
863 2353 999 2393 recepit:
1024 2364 1076 2394 ap.
1094 2364 1191 2393 quem
1207 2360 1257 2385 est
1279 2366 1356 2388 mox
1378 2357 1412 2388 in
1427 2358 1498 2389 vul-

54 2410 116 2431 scr.
132 2406 166 2429 et
179 2398 251 2429 edd.
270 2407 348 2428 mea.
392 2396 508 2426 Lamb.
523 2396 662 2434 conjecit
676 2405 753 2431 urm,
796 2395 881 2434 gatis
892 2396 976 2435 quod
989 2397 1202 2436 naturajert,
1218 2408 1276 2437 pro
1291 2397 1405 2440 qffert,
1435 2402 1496 2432 etsi

52 2443 140 2483 quod
155 2441 301 2471 Graevius
325 2439 458 2478 recepit,
475 2438 529 2477 qui
553 2439 587 2467 111
614 2437 677 2467 Ms.
704 2437 753 2468 Fr.
796 2442 831 2466 et
858 2437 908 2468 ed.
930 2438 1020 2467 Jens.
1047 2443 1082 2469 et
1105 2439 1167 2470 MS.
1197 2440 1297 2470 Goth.
1322 2442 1365 2471 ibi
1392 2453 1412 2482 q
1445 2442 1497 2474 'ert

53 2485 108 2517 sed
134 2495 152 2515 0
177 2483 378 2513 correctione
405 2485 578 2520 repererat.
603 2489 673 2509 una
693 2479 754 2510 int.
796 2478 922 2519 habet,)
939 2480 1024 2518 quod
1048 2482 1188 2521 probant
1211 2482 1374 2520 Muretus,
1398 2484 1497 2516 Lam-

51 2537 128 2558 cum
144 2525 332 2556 consulatus
347 2524 482 2554 honore.
524 2522 594 2553 Uno
609 2521 751 2562 explicat
795 2521 902 2558 binus,
918 2522 1077 2554 Graevius.
1121 2522 1233 2564 Affert
1254 2525 1383 2563 quidem
1402 2528 1497 2557 vitio-

52 2570 213 2604 Graevius,
230 2577 295 2597 non
310 2567 350 2597 ab
365 2565 511 2596 Antonio
524 2563 640 2600 simul3
663 2564 752 2603 quod
794 2573 866 2594 sum
889 2571 960 2594 est:
984 2565 1052 2602 sed,
1077 2572 1190 2597 utrum
1218 2567 1345 2604 Cicero,
1371 2574 1498 2601 natura

52 2612 132 2642 mihi
150 2620 263 2651 parum
279 2607 488 2639 commodum
505 2606 643 2636 videtur.
678 2607 751 2636 Ma·
781 2605 872 2645 sert,
883 2606 1061 2647 scripserit,
1073 2618 1127 2645 an,
1139 2612 1264 2638 natura
1272 2609 1414 2650 itajert,
1426 2623 1496 2643 am·

51 2655 110 2685 11111
126 2654 238 2692 utique
254 2651 349 2692 plane
363 2650 491 2680 abesse:
516 2649 571 2679 sed
594 2648 667 2679 libri
684 2658 750 2679 non
795 2648 879 2687 bigo.
899 2647 1108 2689 {ntereasert
1121 2651 1238 2690 recepi.

48 2698 175 2728 sinunt,
834 2693 853 2724 7
882 2690 1132 2732 ingrediamur]
1172 2693 1260 2724 Male
1295 2694 1443 2725 Graevius
1476 2706 1495 2727 e

92 2739 112 2768 6
137 2737 262 2779 Quodsi
279 2740 379 2776 portu
400 2732 606 2771 solventibus]
633 2731 747 2763 Delevi
793 2732 856 2762 Ms.
875 2732 928 2762 Fr.
944 2734 1065 2774 recepit
1078 2735 1252 2767 lectionem
1266 2738 1496 2777 germanizan-

49 2790 125 2812 cum
150 2780 278 2810 Graevio
295 2788 324 2814 e,
354 2776 440 2817 quod
467 2777 507 2806 ab
535 2775 606 2805 edd.
635 2784 684 2814 pr.
713 2779 748 2805 et
791 2779 862 2805 tem
876 2775 1121 2814 ingrediuntur.

47 2823 113 2859 MS.
126 2823 189 2861 ,G-u.
201 2822 303 2853 abest,
344 2819 510 2851 Victorius
520 2828 538 2849 e
550 2815 691 2858 Quintil.
704 2816 745 2853 V,

684 2865 812 2916 Yy4
