1907 3231
277 118 327 153 62
869 114 1113 155 ORATIO

277 231 360 271 que
391 217 651 273 integerrimi
668 226 821 260 nostrae
837 219 1040 272 civitatis,
1066 236 1172 276 quos
1187 219 1282 275 jam
1303 229 1427 262 antea
1453 220 1698 275 nominavi3

275 274 348 327 qni
373 274 432 315 ita
466 276 679 326 vixerunt,
712 275 898 330 talesque
930 293 955 317 a
978 278 1135 333 populo
1168 277 1366 319 Romano
1396 287 1613 334 putantur,
1637 289 1700 330 ut,

274 331 480 387 quidquid
513 332 717 382 dicerent,
748 347 872 372 nenio
914 344 1038 384 essct,
1067 334 1139 389 qui
1182 349 1266 375 non
1302 349 1472 390 a·quuin
1516 344 1698 390 putaret.

278 387 558 429 l'ostulabant
579 400 719 430 autem
752 404 827 444 pro
852 390 1023 431 homine
1052 392 1289 432 miserrimo
1310 402 1437 446 atquc
1460 391 1699 432 infelicissi-

278 458 363 494 mo,
390 446 462 499 qui
488 446 551 486 vel
572 446 661 501 ipsc
680 461 769 486 sese
791 447 832 486 in
857 447 1092 487 cruciatum
1111 447 1200 488 dari
1219 458 1407 504 cuperet,
1427 449 1527 489 dum
1550 449 1603 490 de
1624 463 1699 504 pa-

229 508 262 537 b.
278 501 351 541 tris
370 513 505 543 morte
523 513 797 557 quaereretur.
860 502 944 544 Res
968 518 1092 558 porro
1115 505 1189 545 abs
1214 515 1253 545 te
1275 505 1482 559 ejusmodi
1509 505 1698 560 postula-

190 554 263 587 1‘30
276 557 412 608 batur,
443 569 490 599 ut
519 559 623 599 nihi!
647 560 880 607 interesset,
911 569 1052 600 utrum
1079 575 1169 601 eam
1202 575 1288 601 reni
1322 576 1547 612 recusares,
1568 575 1620 602 an
1644 562 1697 602 de

272 615 482 656 maleficio
516 615 779 656 confiterere.
851 617 961 662 Quae
996 631 1094 657 cum
1133 617 1192 657 ita
1223 618 1321 666 sint,
1345 633 1495 673 quaero
1533 619 1608 659 abs
1639 628 1696 669 te,

270 685 398 724 quam
430 673 487 712 ob
509 687 679 712 cansam
711 673 929 713 recusatis.
991 673 1102 714 Cum
1137 674 1348 714 occiditur
1370 676 1471 715 Sex.
1497 674 1696 726 Roscius,

270 727 428 768 ibidem
452 728 638 770 fuerunt.
699 729 852 770 Servos
876 729 1004 786 ipso5,
1027 731 1141 786 quod
1176 731 1228 771 ad
1263 745 1330 771 me
1357 732 1524 781 attinet,
1557 745 1700 787 neque

267 799 417 839 arguo,
439 800 575 840 neque
598 800 759 842 purgo:
792 787 905 841 quod
928 788 1087 827 avobis
1110 787 1192 828 hoc
1216 788 1394 843 pugnari
1416 788 1556 839 video,
1577 802 1631 830 ne
1649 789 1694 829 in

266 842 548 895 qua‘stioncin
581 843 748 893 dentur,
782 844 1063 898 suspiciosum
1096 853 1174 885 est.
1201 845 1316 899 quod
1346 859 1445 885 vero
1475 845 1588 901 apud
1619 859 1694 886 vos

267 897 380 953 ipsos
404 899 444 939 in
469 898 629 940 honore
653 909 772 940 tanto
803 911 914 950 sunt,
946 901 1139 956 profecto
1170 915 1339 942 neccsse
1360 910 1439 952 cst,
1461 903 1598 943 sciant
1618 901 1694 942 ali-

264 955 383 1009 quid,
405 957 519 1011 quod
544 957 575 996 si
600 957 802 1006 dixerint,
835 958 1120 1012 perniciosum
1150 959 1272 998 vobis
1296 958 1488 999 futurum
1511 959 1580 999 sit.
1642 957 1694 999 In

264 1012 461 1053 dominos
484 1013 616 1068 quaeri
639 1013 691 1053 de
714 1013 844 1054 servis
863 1014 1054 1068 iniquum
1079 1024 1156 1055 cst.
1189 1014 1313 1056 Anne
1331 1016 1569 1071 quaeritur?
1592 1016 1695 1057 Sex.

263 1069 377 1109 enim
405 1069 584 1110 Roscius
607 1084 699 1110 reus
721 1079 799 1110 est.
857 1074 897 1105 79
912 1071 1064 1126 Neque
1084 1072 1213 1121 enim,
1233 1086 1328 1112 curn
1360 1073 1412 1114 de
1434 1072 1516 1113 hoc
1538 1073 1693 1127 quaeri-

266 1137 347 1175 tur,
371 1141 444 1165 vos
463 1127 659 1167 dominos
680 1142 770 1168 csse
789 1127 946 1168 dicitis.
1007 1127 1119 1168 Cum
1143 1128 1428 1184 Chrysogono
1447 1138 1560 1170 sunt.
1622 1129 1692 1170 Ita

265 1182 415 1223 credo:
448 1183 598 1223 litteris
629 1197 789 1233 eorum,
821 1194 864 1224 et
898 1185 1138 1226 urbanitate
1169 1184 1477 1242 Chrysogonus
1507 1185 1692 1236 ducitur,

265 1248 311 1278 ut
345 1239 453 1280 inter
486 1255 582 1280 suos
625 1241 815 1281 omnium
859 1241 1106 1282 deliciarum
1139 1251 1267 1297 atquc
1303 1244 1495 1284 omnium
1537 1243 1693 1284 artium

268 1296 479 1350 puerulos,
502 1311 556 1338 ex
581 1306 645 1337 tot
666 1298 992 1354 elegantissimis
1015 1298 1187 1339 familiis
1206 1299 1353 1352 lectos,
1376 1300 1478 1341 velit
1499 1299 1577 1340 hos
1599 1314 1692 1341 ver-

265 1353 361 1403 sari,
395 1353 589 1394 homines
620 1368 742 1409 paene
774 1355 1005 1410 operarios,
1038 1371 1091 1396 ex
1126 1356 1329 1398 Amerina
1359 1356 1586 1413 disciplina
1617 1371 1692 1413 pa-

180 1408 247 1441 1'21
266 1410 514 1452 trisfamiliae
539 1412 755 1452 rusticani.
818 1412 918 1453 Non
937 1422 1000 1453 est
1021 1413 1081 1453 ita
1102 1413 1311 1468 profecto,
1326 1413 1521 1468 judices:
1554 1416 1593 1444 80
1604 1428 1688 1454 non

262 1477 321 1507 est
365 1467 604 1518 verisimile,
647 1479 693 1508 ut
736 1468 1044 1526 Chrysogonus
1078 1470 1230 1511 horum
1269 1470 1428 1511 litteras
1465 1471 1690 1521 adamarit,

260 1534 331 1564 aut
351 1523 660 1566 humanitatem
679 1542 687 1566 :
720 1541 821 1577 non,
841 1536 887 1566 ut
909 1527 967 1567 rei
990 1526 1207 1568 familiaris
1226 1528 1402 1584 negotio
1420 1527 1688 1584 diligentiam

261 1581 460 1635 cognorit
486 1596 632 1623 corum
663 1593 707 1623 et
736 1583 878 1624 fidem.
947 1582 1024 1624 Est
1045 1584 1270 1638 quiddam,
1297 1584 1412 1640 quod
1434 1583 1688 1626 occultatur.

262 1638 375 1692 quod
397 1653 482 1694 quo
505 1637 734 1680 studiosius
765 1641 818 1681 ab
850 1641 952 1697 ipsis
985 1641 1241 1696 opprimitur
1263 1651 1306 1683 et
1327 1641 1616 1692 absconditur,
1635 1655 1687 1682 eo

178 1683 245 1730 4⁶2
264 1695 398 1750 magis
433 1695 593 1736 eminet
615 1707 657 1736 et
680 1707 871 1753 apparet.
939 1698 1057 1744 Quid
1089 1699 1244 1754 igitur?
1277 1698 1586 1754 Chrysogonus
1619 1698 1685 1739 sui

178 1754 247 1787 122
263 1752 459 1794 maleficii
499 1753 742 1795 occultandi
771 1769 899 1796 causa
928 1756 1208 1810 quaestionem
1241 1755 1293 1796 de
1323 1756 1388 1796 his
1419 1755 1566 1796 haberi
1598 1769 1686 1796 non

262 1809 377 1850 vult?
408 1810 597 1861 minime,
619 1811 804 1865 judiees.
837 1826 922 1852 non
946 1813 988 1852 in
1022 1826 1169 1854 omnes
1198 1813 1382 1853 arbitror
1410 1811 1555 1853 omnia
1583 1826 1687 1852 con-

260 1866 417 1907 venire.
479 1866 571 1922 Ego
613 1869 656 1908 in
699 1867 999 1925 Chrysogono,
1033 1868 1147 1925 quod
1180 1869 1233 1910 ad
1262 1884 1330 1910 me
1369 1869 1536 1920 attinet,
1578 1868 1686 1910 nihil

257 1922 466 1976 ejusmodi
492 1925 707 1980 suspicor:
739 1940 876 1980 neque
898 1925 980 1967 hoc
1001 1926 1107 1967 mihi
1140 1941 1253 1967 nunc
1284 1927 1467 1982 primum
1502 1926 1545 1967 in
1568 1939 1687 1966 men-

258 1991 343 2020 tem
377 1981 491 2022 venit
522 1981 678 2023 dicere.
746 1982 1023 2034 Meministis,
1066 1997 1133 2024 me
1163 1984 1223 2024 ita
1254 1983 1520 2024 distribuisse
1558 1982 1683 2023 initio

257 2051 444 2089 causam,
467 2038 508 2078 in
531 2039 707 2090 crimen,
730 2039 852 2094 cujus
884 2049 975 2081 tota
1007 2041 1322 2096 argumentatio
1349 2039 1554 2096 permissa
1576 2038 1685 2080 Eru-

257 2093 324 2133 cio
345 2106 424 2144 est,
447 2105 489 2136 et
513 2096 555 2136 in
582 2096 819 2147 audaciam,
849 2097 971 2152 cujus
995 2108 1134 2153 partes
1149 2097 1318 2139 Rosciis
1342 2097 1554 2153 impositae
1570 2105 1683 2137 sunt.

147 2173 177 2204 p.
192 2165 242 2197 39.
257 2150 479 2206 Quidquid
511 2153 725 2204 maleficii,
758 2153 940 2205 sceleris,
972 2155 1102 2196 caedis
1140 2155 1235 2206 erit,
1268 2155 1487 2211 proprium
1516 2153 1557 2195 id
1594 2152 1684 2194 Ro-

139 2208 147 2218 ”
213 2216 242 2234 ἃ·
257 2207 440 2250 sciorum
461 2223 551 2250 esse
569 2209 758 2252 debebit.
798 2210 987 2252 Nimiam
1011 2213 1192 2268 gratiam
1206 2211 1529 2268 potentiamque
1542 2209 1683 2266 Chry-

256 2266 423 2320 sogoni,
456 2266 653 2319 dicimus,
683 2277 726 2308 et
757 2268 882 2308 nobis
910 2269 1094 2320 obstare,
1128 2278 1171 2309 et
1203 2268 1377 2324 perferri
1405 2267 1521 2309 nullo
1551 2268 1682 2308 modo

258 2335 400 2376 posse:
433 2333 476 2365 et
507 2339 532 2365 a
564 2325 700 2376 vobis,
737 2325 940 2380 quoniam
974 2335 1161 2381 potestas
1194 2327 1294 2367 data
1325 2335 1404 2375 est,
1434 2339 1520 2365 non
1551 2324 1682 2364 modo

173 2387 242 2421 123
258 2378 475 2432 infirmari,
508 2395 651 2423 verum
684 2381 813 2422 etiam
848 2382 1055 2424 vindicari
1087 2393 1298 2439 oportere.
1371 2381 1464 2437 Ego
1498 2381 1559 2423 sic
1588 2381 1681 2422 exi-

293 2500 334 2531 79
358 2497 472 2537 :reque
485 2501 570 2529 enim
585 2510 659 2531 cum
675 2501 747 2540 δία]
776 2501 838 2531 Hic
853 2501 942 2531 locus
984 2501 1111 2532 domino
1135 2502 1312 2541 qum-itur.-
1346 2511 1401 2531 τος
1424 2501 1510 2532 enim
1537 2501 1681 2534 dominos

253 2539 407 2569 obscurus
421 2548 453 2570 tt
470 2541 602 2572 vitiosus
616 2549 677 2573 est.
700 2543 780 2573 Eud.
798 2553 844 2583 pr.
861 2543 943 2573 vari·
985 2554 1049 2574 esse
1066 2545 1180 2575 dicitis.
1226 2543 1303 2574 Mox
1329 2544 1513 2574 urbanitati
1527 2543 1612 2574 infra
1630 2555 1678 2575 re-

252 2587 311 2611 ant
351 2582 434 2612 Nam
451 2583 585 2623 vulgata
596 2590 646 2614 est
659 2584 699 2615 ab
714 2585 807 2616 Aldo.
824 2584 875 2615 Ed
888 2585 941 2615 W.
985 2588 1123 2626 spondet
1145 2587 1345 2622 humanitas,
1368 2592 1481 2625 estque
1514 2584 1689 2624 elegantia

252 2622 350 2653 habet
365 2630 402 2653 ut
422 2624 483 2655 Ms.
501 2626 539 2654 G.
556 2635 608 2655 ros
622 2627 706 2656 enim
722 2627 864 2658 dominos
878 2637 942 2658 esse
984 2638 1113 2658 morum
1129 2629 1186 2658 &a
1209 2628 1294 2658 male
1311 2628 1542 2658 Hotomannus
1565 2628 1605 2658 ad
1619 2628 1677 2659 do-

250 2665 366 2696 dicieis.
394 2666 474 2696 Edd.
488 2668 526 2698 R.
540 2668 578 2698 B.
592 2668 678 2698 Med.
694 2669 713 2699 J
717 2675 788 2699 unt.
801 2680 853 2700 vos
867 2678 942 2699 cum
983 2670 1123 2700 utrinam
1139 2671 1237 2700 refert
1249 2669 1487 2700 humanitatem
1503 2669 1535 2699 h.
1549 2668 1570 2699 1.

249 2707 375 2738 domino
384 2719 447 2738 esse
458 2709 572 2740 dicitis.
589 2710 679 2740 Prior
689 2711 785 2741 lectio
795 2722 847 2742 me
856 2711 941 2741 vide·
1027 2715 1066 2742 80
1089 2722 1149 2742 nmz
1165 2716 1210 2742 est
1223 2712 1407 2748 verisimile,
1420 2711 1470 2751 ut]
1490 2711 1614 2742 Durior
1625 2717 1676 2744 est

249 2754 304 2779 tur
316 2750 349 2780 in
363 2750 445 2780 viam
459 2751 624 2782 deduxisse
638 2752 755 2783 indicio
770 2753 939 2793 particulae
982 2754 1051 2784 haec
1064 2754 1276 2784 constructio.
1290 2754 1405 2784 Lamb.
1417 2754 1589 2784 verisimile
1600 2764 1677 2794 spu-

248 2792 344 2822 enim.
389 2792 525 2824 Videtur
545 2795 591 2824 sic
609 2804 628 2824 a
645 2795 800 2825 Cicerone
822 2795 936 2826 fuisse:
983 2797 1066 2826 rium
1082 2796 1228 2836 putabat.
1243 2796 1419 2835 eleganter.
1435 2795 1547 2826 eadem
1562 2801 1675 2829 tamen

251 2833 364 2873 Neque
383 2836 480 2873 enim,
498 2846 571 2867 cum
589 2837 626 2867 cle
646 2838 701 2868 hoc
716 2838 884 2877 quoerzlur,
902 2838 940 2868 de
982 2838 1182 2871 constructio
1196 2842 1246 2870 est
1256 2838 1348 2870 Verr.
1362 2838 1420 2876 1V,
1433 2838 1462 2870 6.
1478 2838 1566 2870 Sext.
1579 2838 1635 2870 36.

1709 1200 1727 1225 X
