1907 3231
300 120 379 156 406
829 121 901 160 IN
935 119 1214 159 VERREM

300 223 397 288 teri,
427 223 594 267 civibus
627 225 836 268 Romanis
869 225 1003 267 securi
1041 223 1267 280 percussis,
1297 223 1551 281 praedonum
1585 223 1739 266 ducem

299 282 459 333 viveie,
481 284 595 340 apud
620 294 660 325 te
685 284 902 325 babitare:
936 282 985 332 si,
1018 281 1207 335 inquam,
1231 281 1368 338 pridie
1391 282 1521 322 domo
1544 291 1619 323 tua
1638 296 1739 338 pro-

257 348 287 378 b.
301 338 498 395 fugisset,
529 342 563 382 si
586 341 772 397 aliquam
796 353 969 380 manum
991 348 1142 379 contra
1164 338 1371 395 populum
1397 339 1643 380 Romanum
1675 338 1740 381 fa-

299 411 396 438 cere
427 399 652 455 potuisset,
684 397 787 453 quid
816 397 1006 437 diceres?
1038 396 1166 451 Apud
1202 411 1270 438 me
1301 396 1538 448 habitavit3
1567 410 1739 438 mecum

300 453 408 496 fuit:
440 470 523 512 ego
547 456 665 496 illum
689 456 741 495 ad
757 453 975 509 judicium
994 467 1153 504 meum,
1176 469 1262 509 quo
1284 453 1452 496 facilius
1473 454 1636 496 crimen
1657 453 1741 494 ini-

299 512 510 554 micorum
550 513 710 553 diluere
743 525 928 567 possem,
966 510 1113 551 vivum
1153 520 1281 566 atque
1319 511 1564 553 incolumen
1606 525 1741 552 reser-

299 571 414 610 vavi.
477 570 598 610 Itane
635 571 760 610 vero?
794 577 838 608 tu
871 577 945 608 tua
976 567 1166 623 pericula
1195 569 1413 610 communi
1445 568 1636 625 periculo
1666 568 1740 610 de-

301 626 472 668 fendes?
505 637 548 667 tu
566 626 791 683 supplicia,
813 641 910 680 quae
928 625 1140 667 debentur
1159 625 1356 666 hostibus
1373 627 1513 677 victis,
1531 627 1584 668 ad
1602 636 1739 676 tuum,

301 699 386 725 non
426 685 475 725 ad
511 684 661 740 populi
698 683 885 724 Romani
919 692 1088 738 tempus
1125 682 1347 725 conferes?
1376 684 1525 748 populi
1550 684 1739 726 Romani

299 741 437 782 hostis
460 742 637 797 privatis
661 741 868 783 custodiis
901 755 1040 782 asserv
1047 741 1137 782 abit
1142 743 1213 781 ur?
1243 740 1303 781 At
1332 742 1463 781 etiam
1491 742 1565 797 qui
1588 741 1740 783 trium-

300 798 452 854 phant,
483 800 671 855 96eoque
709 799 870 840 diutius
908 800 1028 840 vivos
1067 798 1259 839 hostium
1294 798 1424 839 duces
1462 809 1646 851 servant,
1677 808 1741 851 ut,

300 856 367 896 his
389 870 465 912 per
487 857 753 922 triumphum
777 857 933 907 ductis,
954 856 1292 920 pulcherrimum·
1313 855 1622 912 spectaculum,
1653 856 1742 898 fru-

300 925 505 990 ctumq'ue
523 930 563 955 vi
567 916 716 956 ctoriae
740 914 923 972 populus
941 914 1163 955 Romanus
1181 928 1400 970 percipere
1414 914 1574 970 possit3
1597 923 1740 956 tamen

302 987 352 1013 ct·
361 987 400 1012 m
423 973 476 1013 de
506 971 631 1013 foro
622 987 664 1013 m
691 972 956 1028 Capitolium
986 986 1157 1012 currum
1189 972 1361 1012 flectere
1394 971 1623 1036 incipiunt,
1646 971 1741 1012 illos

304 1030 435 1072 duci
426 1045 468 1071 in
493 1045 708 1071 carcerem
724 1030 907 1086 jubent:
941 1029 1073 1070 idem(
1059 1044 1140 1084 que
1163 1029 1252 1070 dies
1280 1039 1324 1070 et
1347 1029 1614 1070 victoribus
1606 1043 1742 1086 impe-

241 1088 371 1139 78111,
403 1098 445 1128 et
466 1087 592 1129 victis
615 1088 717 1129 vitae
749 1088 879 1128 finem
910 1086 1029 1128 facit.
1087 1090 1127 1120 97
1148 1086 1200 1127 Et
1230 1102 1343 1128 nunc
1375 1087 1578 1142 cuiquam
1612 1087 1742 1128 credo

303 1159 394 1186 esse
415 1145 611 1196 dubium,
634 1145 738 1201 quin
765 1158 807 1186 tu
833 1145 875 1186 id
898 1159 991 1185 com
1000 1144 1203 1185 2·11issu1us
1226 1159 1310 1185 non
1335 1144 1478 1195 fueris,
1502 1144 1741 1201 praesertim

301 1217 400 1243 cum
424 1203 658 1254 stiruisses,
681 1213 726 1244 ut
751 1204 826 1253 ais,
850 1202 929 1243 tibi
949 1217 1047 1243 caus
1043 1218 1121 1243 ain
1145 1217 1235 1243 esse
1253 1202 1494 1253 dicendam,
1518 1211 1565 1242 ut
1586 1201 1655 1243 ille
1675 1217 1742 1243 ar-

299 1259 451 1316 chipir·
444 1270 515 1301 ata
536 1276 582 1302 n
584 1276 621 1301 11
646 1271 789 1317 potius
813 1260 949 1301 securi
984 1260 1195 1311 redietur,
1218 1275 1362 1315 quam,
1385 1260 1501 1323 quod
1522 1269 1613 1300 erat
1641 1268 1743 1300 ante

300 1317 448 1359 oculos
481 1319 685 1375 positum,
711 1328 784 1359 tuo
813 1317 1002 1374 periculo
1027 1318 1202 1358 viveret.
1265 1318 1308 1358 δί
1343 1318 1456 1358 enim
1487 1326 1598 1358 esset
1628 1331 1743 1357 mor-

301 1385 416 1427 tuus,
439 1388 500 1427 tu,
524 1391 597 1431 qui
621 1376 782 1417 climen
806 1376 867 1417 ais
902 1385 943 1416 te
970 1375 1187 1425 metuisse,
1219 1390 1383 1431 quem-‚o
1415 1374 1485 1415 cui
1510 1375 1742 1439 probares?

301 1447 398 1475 cum
423 1408 654 1484 coristaret,
671 1435 800 1475 istum
822 1433 880 1489 Sy
886 1433 1044 1474 rac-usis
1067 1433 1120 1474 ab
1144 1433 1259 1474 nullo
1281 1447 1421 1473 visum
1443 1446 1535 1473 esse
1555 1431 1743 1488 archipi-

301 1499 453 1542 ratam,
477 1491 530 1531 ab
549 1492 750 1532 omnibus
769 1491 1080 1532 desideratum:
1112 1505 1211 1532 cum
1234 1490 1453 1531 dubitaret
1472 1504 1615 1541 nemo,
1636 1489 1742 1546 quin

301 1549 377 1589 abs
401 1558 443 1589 te
462 1550 646 1605 pecunia
666 1549 870 1590 liberatus
893 1558 1023 1590 esset:
1057 1563 1156 1588 cum
1177 1547 1306 1604 vulgo
1329 1547 1619 1603 loquerentur,
1641 1562 1741 1603 sup-

301 1606 491 1662 positum
516 1621 558 1647 m
582 1621 674 1661 ejus
698 1606 855 1656 locum,
878 1620 1005 1661 quem
1041 1620 1118 1662 pro
1151 1605 1222 1646 illo
1256 1606 1438 1662 probare
1462 1604 1610 1646 vzelles
1642 1619 1743 1646 cum

302 1673 394 1704 tute
416 1663 553 1704 fassus
575 1678 702 1715 esses,
739 1674 781 1705 te
802 1664 845 1705 id
867 1664 1030 1704 eiimen
1061 1672 1182 1704 tanto
1203 1672 1304 1704 ante
1326 1662 1553 1703 metuisse:
1587 1663 1620 1703 si
1642 1677 1739 1704 eum

301 1721 464 1762 diceres
497 1736 588 1762 esse
615 1731 849 1773 mortuum,
881 1720 976 1776 quis
1013 1731 1054 1761 te
1087 1721 1281 1763 audiiet?
1311 1734 1442 1771 nunc,
1473 1735 1571 1761 cum
1596 1720 1742 1762 vivum

304 1779 434 1819 istum
477 1779 622 1820 nescio
657 1794 782 1835 quem
820 1779 1046 1835 produces,
1081 1783 1120 1814 98
1136 1790 1335 1820 tamenne
1368 1777 1409 1819 id
1447 1777 1563 1819 credi
1601 1777 1742 1821 voles?

243 1839 294 1878 79
309 1836 441 1887 Quid
463 1837 498 1876 si
529 1836 792 1893 aufugisset?
823 1851 856 1877 51
882 1835 1021 1877 vincla
1042 1837 1225 1892 rupisset
1254 1836 1328 1886 ita,
1351 1844 1399 1876 ut
1423 1834 1537 1876 Nico
1560 1834 1644 1886 ille,
1665 1851 1744 1877 no-

307 1894 537 1935 bilissimus
563 1895 704 1951 pirata
734 1894 854 1945 fecit,
876 1908 1003 1950 quem
1027 1893 1076 1934 P
1097 1893 1316 1944 Semilius,
1338 1908 1424 1948 qua
1445 1891 1652 1934 felicitate
1673 1909 1743 1936 ee·

301 1961 438 2008 perat,
473 1952 622 1993 eadem
657 1953 952 2008 recuperavit?
985 1951 1088 2006 quid
1118 1952 1306 1994 diceres?
1339 1951 1499 1991 Verum
1533 1951 1616 1993 hoc
1637 1962 1742 1993 erat.

300 2024 334 2050 Sl
360 2009 428 2050 ille
451 2010 580 2051 semel
604 2024 726 2051 verus
748 2009 1009 2073 archipirata
1037 2010 1173 2050 securi
1198 2023 1421 2066 percussus
1444 2018 1580 2059 esset;
1611 2023 1743 2066 pecu-

281 2066 416 2108 niam
439 2066 552 2109 illam
576 2082 663 2108 non
682 2068 874 2109 h-1beres.
897 2082 930 2107 51
953 2067 1022 2107 hic
1041 2066 1171 2107 falsus
1190 2076 1301 2108 esset
1318 2075 1525 2117 mortuus,
1548 2076 1622 2108 aut
1644 2081 1744 2123 pro-

303 2124 506 2182 fugissem
539 2140 626 2166 non
649 2135 760 2166 esset
781 2124 956 2166 difficile
978 2124 1135 2165 aliurn
1127 2140 1169 2166 in
1188 2124 1398 2188 suppositi
1423 2123 1564 2165 locum
1583 2139 1743 2182 suppo·

173 2190 293 2230 p.252
305 2197 418 2224 nere.
473 2182 602 2224 Plum
617 2183 724 2233 dii-11,
747 2196 875 2238 quam
900 2182 1031 2233 volui,
1054 2183 1106 2223 de
1130 2182 1201 2223 illo
1223 2181 1504 2238 archipi1·:ata
1537 2191 1580 2223 et
1598 2192 1743 2224 tamen

261 2241 368 2293 ‘’ea,
389 2255 487 2297 quae
509 2241 749 2282 celtissima
769 2250 869 2282 sunt
897 2239 1026 2296 hujus
1055 2240 1247 2281 criminis
1277 2248 1545 2296 argumenta,
1568 2251 1744 2297 praeter-

342 2355 384 2389 96
396 2356 679 2396 eoque—servant]
699 2355 845 2386 Graevius
860 2355 1001 2385 correxit
1046 2357 1136 2385 1540.
1151 2359 1197 2385 est
1212 2364 1299 2384 nunc
1313 2353 1406 2384 credo
1424 2355 1578 2394 cuiquam
1593 2355 1742 2391 dubium,

301 2408 336 2428 eo
349 2402 384 2428 et
398 2403 580 2435 reservant,
607 2399 745 2429 nimium
764 2398 912 2428 tribuens
936 2397 1000 2428 Ms.
1043 2408 1138 2436 quem
1155 2397 1253 2427 inulti
1268 2397 1371 2427 secuti
1387 2401 1475 2426 sunt.
1490 2397 1619 2428 melius.
1661 2398 1743 2428 Vul-

301 2440 418 2480 Regio,
441 2451 584 2480 quocum
607 2441 640 2471 in
655 2445 824 2471 reservant
839 2440 1006 2470 consentit
1049 2444 1163 2480 gatum
1179 2439 1309 2479 quidem
1325 2439 1480 2470 vitiosum
1493 2440 1572 2470 mihi
1586 2440 1727 2471 videtur.

301 2482 366 2513 Gu.
405 2484 580 2513 Sti-notura
606 2484 730 2523 periodi
766 2493 832 2513 non
861 2483 1000 2522 patitur.
1085 2485 1125 2516 98
1148 2487 1301 2512 tamenne
1324 2482 1361 2511 id
1383 2481 1470 2512 credi
1489 2482 1586 2521 voles]
1605 2483 1664 2513 Est
1680 2483 1744 2514 hoc

301 2535 378 2556 nam
394 2530 502 2556 tamen
520 2526 660 2556 refertur
682 2526 723 2556 ad
745 2526 931 2563 subjectum
946 2526 1001 2564 qui
1043 2534 1121 2555 sane
1149 2535 1166 2554 e
1191 2534 1283 2555 mera
1307 2525 1499 2563 conjectura
1523 2524 1742 2556 Hotomanni.

301 2568 508 2608 triumphant
526 2569 584 2598 διο.
627 2568 714 2598 Tum
731 2569 816 2597 viz-os
835 2577 901 2597 non
917 2567 1001 2607 pati·
1044 2577 1104 2597 nec
1131 2567 1236 2597 ausim
1263 2567 1438 2602 affirmare,
1466 2566 1634 2598 Ciceronis
1661 2577 1741 2599 esse.

300 2617 357 2640 tur
372 2610 434 2649 legi
447 2621 626 2646 reservare,
641 2611 696 2641 sed
710 2620 842 2640 servare
851 2610 998 2649 requirit.
1043 2610 1105 2639 Sed
1129 2615 1243 2639 tamen
1268 2608 1409 2648 intelligi
1434 2614 1554 2649 potest,
1567 2615 1602 2640 et
1627 2615 1744 2650 aptum

301 2652 333 2682 Si
351 2653 436 2682 viros
449 2653 546 2688 absit,
560 2653 747 2683 concedam.
1042 2660 1091 2682 est
1106 2651 1397 2691 argumentationi.
1427 2651 1524 2691 Quod
1537 2657 1588 2683 est
1603 2652 1638 2682 in
1652 2652 1744 2684 libris

344 2698 382 2728 97
413 2694 457 2724 Et
472 2705 559 2724 mene
573 2696 726 2735 cuiquam
747 2696 840 2725 credo
855 2704 920 2725 esse
941 2694 1000 2724 da·
1043 2703 1104 2724 scr.
1131 2701 1166 2725 et
1188 2693 1260 2724 edd.
1278 2703 1326 2734 pr.
1349 2693 1559 2733 restituitque
1574 2694 1741 2725 Graevius:

302 2736 406 2775 bium]
436 2737 495 2767 Est
522 2738 694 2768 manifeste
720 2738 826 2767 oratio
854 2738 1001 2766 ironica:
1044 2741 1156 2767 tamen
1180 2741 1212 2766 le
1234 2736 1375 2766 derideri
1398 2736 1499 2772 vides,
1523 2736 1623 2777 plane
1647 2737 1744 2769 nihili

300 2779 370 2818 ejus
384 2779 492 2810 forma
512 2779 661 2818 legitima
676 2780 825 2819 requirit,
848 2779 898 2810 Et
912 2789 1000 2809 nnnc
1041 2784 1105 2815 est,
1131 2784 1166 2809 et
1192 2778 1338 2809 alienum
1366 2778 1406 2808 ab
1435 2779 1741 2818 argumentatione:

300 2831 329 2851 c.
342 2832 369 2852 c.
384 2826 429 2851 est
444 2822 587 2852 dubium.
611 2822 700 2852 Libri
715 2822 808 2852 valde
822 2822 998 2852 fluctuant.
1049 2821 1108 2852 Cui
1128 2822 1284 2861 probares
1294 2821 1424 2861 ?—qu.e's
1445 2821 1577 2851 audiret
1587 2822 1743 2861 f—Sequi

301 2863 384 2894 Edd.
405 2874 454 2903 pr.
480 2864 529 2894 Ec
555 2874 616 2893 non
643 2866 737 2895 credo
765 2874 829 2894 esse
854 2865 1000 2894 dubium.
1043 2864 1140 2895 debet
1165 2863 1353 2903 hujusmodi
1382 2863 1477 2903 quid:
1504 2872 1582 2904 ergo
1597 2873 1657 2895 nee
1679 2863 1742 2895 hoe

302 2906 417 2937 Aldus:
442 2911 472 2938 et
488 2917 575 2937 nunc
593 2917 620 2937 c.
637 2917 701 2938 esse
716 2909 748 2938 d.
774 2907 811 2937 P.
827 2906 1000 2939 Manutius
1043 2906 1131 2939 credi
1146 2911 1268 2948 potest,
1291 2905 1342 2937 vel
1357 2905 1518 2937 credetur.
