1907 3231
552 122 677 160 ACT.
705 121 756 159 11.
786 118 976 157 LIBER
1009 118 1286 157 TERTIUS.
1565 125 1640 161 261

184 223 393 281 -Apronio
413 240 512 267 cum
535 226 688 268 ceteris
710 226 824 282 agris
841 234 952 266 esset
974 224 1181 265 traditus·
1171 224 1391 279 sequestri
1411 234 1552 267 vetere
1569 227 1643 269 illa

183 292 240 324 *et
261 283 518 325 auctoritate
538 293 583 324 et
604 284 746 340 gratia
766 283 915 334 fretus,
937 281 1184 334 affirmavit,
1207 295 1251 321 se
1272 282 1522 323 decumanis
1546 284 1641 339 plus

183 355 325 395 -quam
355 341 544 392 deberet,
574 356 661 382 non
684 341 900 382 daturum.
923 339 1105 381 refertur
1134 339 1228 394 ejus
1262 353 1401 379 sermo
1424 340 1477 380 ad
1498 339 1641 396 Apro-

194 398 331 438 nium.
395 397 628 440 Enimvero
662 399 744 440 iste
776 399 914 440 ridere
946 413 996 438 ac
1030 397 1191 448 mirari,
1226 395 1412 437 Lollium
1445 397 1553 437 nihil
1586 398 1640 440 de

194 453 424 507 Matrinio,
445 455 554 496 nihil
576 456 629 497 de
650 456 804 497 ceteris
826 457 953 497 rebus
974 455 1158 496 audisse..
1181 454 1319 495 mittit
1340 454 1393 494 ad
1417 454 1639 496 hominem

184 511 426 554 Venerios:
459 513 543 555 hoc
571 529 745 569 quoque
766 514 992 563 attendite,
1024 512 1291 568 apparitores
1317 526 1342 552 a
1364 523 1550 567 praetore
1572 527 1639 552 as·

186 568 386 625 signatos
409 571 612 612 habuisse
643 572 953 613 decumanum:
987 570 1019 610 si
1055 572 1138 612 hoc
1163 569 1380 610 mediocre
1409 583 1639 625 argumen-

189 635 286 667 tum
303 627 437 670 videri
454 638 612 684 potest,
634 630 766 670 istum
782 629 1121 670 decumanorum
1137 627 1313 668 nomine
1329 627 1381 668 ad
1399 641 1498 668 suos
1519 642 1639 682 quae-

189 692 281 725 stus
302 699 395 726 esse
426 688 634 729 abusum:
667 687 896 728 adducitur
918 701 943 727 a
967 685 1176 736 Veneriis,
1207 695 1337 740 atque
1366 684 1474 725 adeo
1505 694 1638 726 attra-

187 740 309 783 hitur
331 743 493 785 Lollius
512 745 755 796 commode,
785 758 885 785 cum
909 742 1129 798 Apionius
1157 756 1180 782 e
1214 743 1413 798 palaestra
1443 742 1637 794 redisset,

184 808 234 840 et
264 800 308 841 in
340 801 543 853 triclinio,
574 802 722 867 quod
713 817 757 842 ln
779 801 875 842 foro
904 800 1052 841 AEtnae
1083 809 1305 850 Μῶν-,0131
1341 799 1633 841 decubuisset.

188 856 407 900 Statuitur
430 859 592 901 Lollius
625 860 669 901 in
701 859 774 900 illo
805 857 1065 914 tempestivo
1094 855 1379 913 gladiatorum
1413 858 1631 899 convivio.
1643 863 1694 898 62

186 913 293 957 Non
335 916 593 968 mehercule,
634 931 733 981 quae
770 916 939 971 loquor,
981 915 1213 965 cr·ede1em,
1237 914 1425 970 judices,
1463 916 1635 956 tametsi

186 973 321 1030 vulgo
348 975 583 1026 audieram,
614 974 697 1015 nisi
728 988 901 1015 mecum
935 973 1028 1029 ipse
1060 987 1207 1023 senex,
1239 987 1338 1012 cum
1369 972 1475 1013 mihi
1506 983 1637 1029 atque

187 1007 291 1072 huic
315 1032 526 1073 voluntati
549 1032 838 1073 accusationis
867 1045 976 1072 meae
1009 1030 1251 1086 lacrymans
1279 1030 1438 1086 gratias
1472 1041 1635 1087 ager,et

187 1103 358 1130 summa
379 1104 478 1131 cum
509 1089 769 1131 auctoritate
799 1099 911 1130 esset
940 1089 1125 1130 locutus.
1178 1088 1408 1138 Statuitur,
1441 1097 1489 1129 ut
1519 1088 1634 1139 dico,

185 1159 317 1201 eques
352 1146 594 1198 Romanus,
627 1162 761 1204 prope
790 1161 925 1188 annos
963 1161 1025 1187 xc
1061 1156 1202 1197 natus,
1234 1146 1279 1186 in
1312 1145 1498 1201 Apronii
1529 1161 1634 1187 con-

185 1218 258 1244 vu
261 1219 319 1256 10,
341 1219 441 1246 cum
463 1206 629 1247 interea
649 1205 869 1262 Apronius
888 1214 1020 1260 caput
1038 1213 1168 1259 atque
1190 1218 1236 1244 os
1259 1218 1384 1244 suum
1407 1214 1633 1259 unguento

184 1261 451 1317 perfricaret.
514 1263 633 1310 Quid
656 1273 734 1314 est,
769 1263 903 1305 Lolli?
935 1261 1091 1317 inquit.
1115 1272 1176 1312 tu,
1199 1261 1280 1301 nisi
1303 1260 1416 1302 malo
1439 1276 1490 1302 co
1495 1271 1674 1314 actus,P·
1694 1263 1765 1295 161.

183 1329 301 1361 recte
323 1319 465 1362 facere
486 1321 650 1362 nescis?
698 1320 847 1361 Homo
870 1320 974 1376 quid
997 1329 1170 1375 ageret3
1202 1327 1379 1370 taceret,
1401 1316 1673 1375 responde-²·

184 1385 275 1430 ret3
306 1379 410 1433 quid
433 1378 594 1420 faceret
616 1378 816 1433 denique,
849 1378 920 1418 illa
950 1377 1209 1418 auctoritate
1236 1386 1280 1417 et
1313 1386 1442 1417 aetate
1476 1377 1633 1433 praedi-

183 1443 268 1487 tus,
296 1436 531 1478 nesciebat.
595 1435 827 1500 Apronius
837 1436 1001 1476 interea
1023 1448 1196 1476 coenam
1221 1449 1270 1475 ac
1298 1433 1453 1489 pocula
1483 1450 1634 1500 posce-

185 1492 274 1534 bat.
298 1494 408 1534 servi
440 1503 585 1535 autem
615 1508 724 1550 eJus,
756 1493 830 1549 qui
864 1503 908 1534 et
937 1492 1130 1533 moribus
1160 1491 1314 1532 iisdem
1347 1501 1504 1542 essent,
1537 1493 1633 1548 qui-

181 1550 263 1591 bus
283 1551 500 1603 dominus,
531 1561 575 1592 et
604 1552 758 1593 eodem
781 1565 937 1608 genere
959 1566 1010 1592 ac
1038 1549 1135 1592 loco
1161 1550 1268 1600 nati,
1301 1557 1457 1605 praeter
1484 1550 1632 1591 oculos

183 1607 310 1650 Lollii
347 1609 443 1651 haec
476 1609 624 1651 omnia
659 1610 870 1651 ferebant.
934 1608 1094 1649 Ridere
1123 1607 1347 1649 conviv:ae
1381 1607 1632 1648 cachinnari

180 1666 274 1723 ipse
293 1665 536 1732 Apronius:
570 1667 652 1708 nisi
676 1667 789 1708 f·01te
819 1666 1095 1717 existimatis,
1126 1680 1221 1707 eum
1259 1666 1304 1706 in
1326 1665 1429 1706 vino
1451 1680 1502 1706 ac
1524 1665 1631 1706 luxu

178 1739 268 1766 non
290 1725 447 1776 risisse,
478 1725 552 1781 qui
583 1740 698 1767 nunc
722 1725 765 1766 in
788 1724 980 1782 periculo
1003 1733 1132 1780 atque
1151 1723 1288 1764 exitio
1312 1737 1388 1764 suo
1411 1723 1543 1764 risum
1568 1733 1631 1765 te-

178 1796 281 1824 nere
303 1797 389 1824 non
414 1783 564 1839 possit.
609 1783 678 1824 Ne
699 1783 850 1834 multa,
866 1783 1060 1839 judices:
1095 1781 1161 1822 his
1177 1780 1452 1822 contumeliis
1474 1781 1631 1823 scitote

181 1839 239 1904 Q.
267 1840 451 1882 Lollium
479 1850 697 1892 coactum,
730 1842 783 1883 ad
804 1841 991 1898 Apronii
1023 1840 1140 1897 leges
1168 1839 1528 1894 conditionesque
1557 1854 1628 1880 ve-

177 1897 308 1939 nisse.
371 1898 548 1950 Lollius,
580 1908 709 1941 aetate
731 1909 774 1940 et
794 1900 948 1940 morbo
971 1898 1220 1954 impedium,
1251 1896 1304 1938 ad
1327 1897 1626 1939 testimonium
1638 1908 1687 1943 63

177 1955 412 1998 dicendum
434 1957 580 1998 venire
603 1972 690 1998 non
712 1957 869 2014 potuit.
933 1956 1051 2003 Quid
1076 1970 1185 2012 opus
1215 1963 1280 1995 est
1302 1954 1466 1996 Lollio?
1499 1969 1626 1996 nemo

177 2013 263 2056 hoc
284 2014 447 2056 nescit:
481 2029 608 2056 nemo
631 2024 804 2056 tuorum
835 2015 1090 2078 amicorum,
1121 2028 1249 2054 nemo
1281 2013 1357 2053 abs
1391 2022 1434 2053 te
1467 2013 1628 2068 produ-

177 2080 288 2123 ctus,
320 2086 448 2113 nemo
471 2072 778 2130 interrogatus,
801 2088 916 2114 nunc
939 2087 984 2113 se
1005 2072 1193 2135 p1i1num
1216 2070 1301 2111 1100
1325 2070 1441 2111 dicet
1463 2070 1625 2112 audire.

178 2128 248 2171 Μ.
274 2130 451 2181 Lollius,
481 2130 576 2187 ejus
598 2131 726 2182 filius,
760 2130 1007 2172 adolescens
1036 2128 1310 2178 lectissimus,
1342 2137 1503 2184 praesto
1536 2138 1624 2170 est:

175 2186 307 2243 hujus
331 2188 462 2230 verba
493 2188 693 2230 audietis.
721 2203 821 2229 nam
850 2189 906 2236 Q.
932 2186 1094 2229 Lollius
1121 2186 1215 2242 ejus
1248 2185 1376 2236 filius,
1408 2200 1482 2240 qui
1508 2185 1625 2227 Cali-

176 2245 297 2287 dium
319 2246 554 2298 accusavit,
587 2245 834 2288 adolescens
857 2257 900 2287 et
922 2247 1076 2296 bonus,
1107 2254 1151 2285 et
1172 2244 1312 2295 fortis,
1340 2251 1384 2284 et
1405 2244 1449 2283 in
1473 2244 1623 2308 primis

175 2302 376 2355 disertus,
407 2319 507 2345 cum
539 2304 637 2345 his
629 2304 798 2360 injuriis
819 2303 1180 2369 contumeliisque
1209 2309 1454 2342 commotus
1487 2301 1532 2342 in
1555 2301 1623 2342 Si-

175 2360 317 2402 ciliam
342 2374 454 2403 esset
488 2362 726 2419 profectus,
762 2363 807 2403 in
827 2362 982 2403 itinere
1002 2360 1171 2402 occisus
1201 2369 1280 2400 est.
1315 2359 1439 2422 cujus
1468 2359 1622 2400 montis

175 2433 351 2461 causam
373 2418 549 2476 fugitivi
574 2420 810 2462 sustinent:
846 2434 889 2461 re
917 2419 1094 2475 quidem
1116 2432 1218 2458 v·e1a
1246 2431 1373 2457 nemo
1406 2416 1451 2456 in
1473 2416 1623 2458 Sicilia

173 2475 363 2528 dubitat,
394 2478 501 2533 quin
521 2493 573 2519 eo
593 2478 648 2519 sit
664 2493 716 2519 os·
719 2479 848 2530 cisus,
878 2477 993 2533 quod
1017 2476 1176 2517 habere
1194 2475 1339 2515 clausa
1359 2488 1447 2515 non
1469 2484 1624 2539 potue-

175 2534 232 2575 rit
253 2549 330 2576 sua
356 2535 539 2577 consilia
564 2537 617 2577 de
642 2536 726 2577 Vei
729 2551 786 2577 re
849 2535 937 2576 Iste
960 2549 1089 2591 porro
1119 2548 1207 2573 non
1240 2532 1485 2582 dubitabat,
1517 2547 1624 2588 qum

174 2590 226 2642 is,
255 2593 332 2647 qui
354 2604 482 2634 antea
500 2594 631 2636 alium
652 2594 794 2635 studio
816 2593 1028 2634 adductus
1050 2598 1309 2640 accusasset,
1342 2590 1424 2632 sibi
1448 2589 1625 2631 adveni-

173 2649 264 2690 enti
280 2660 440 2706 praesto
455 2662 567 2693 esset
583 2652 769 2704 f·utu1us,
785 2666 884 2693 cum
901 2660 1013 2691 esset
1028 2649 1217 2706 parentis
1232 2647 1402 2703 inju1iis
1418 2658 1462 2688 et
1475 2647 1625 2689 dome-

174 2706 285 2750 stico
305 2707 453 2750 dolore
472 2717 734 2751 commotus

213 2763 835 2832 Jamneintelligitis,judices,
846 2782 943 2822 quae
959 2765 1107 2831 pestis,
1118 2779 1216 2820 quae
1232 2762 1480 2804 immanitas
1494 2763 1621 2805 inve·
1633 2767 1705 2821 26

174 2829 263 2862 stra
277 2823 593 2880 antiquissima,
620 2825 884 2875 fidelissima,
906 2824 1193 2880 proximaque
1208 2820 1434 2877 piovincia
1454 2831 1621 2862 versata
1634 2846 1686 2879 64

173 2879 255 2923 sit?
285 2879 387 2924 Jam
410 2882 579 2936 videtis,
593 2898 722 2939 quam
738 2884 794 2925 ob
808 2897 980 2925 causam
998 2880 1161 2933 Sicilia,
1176 2889 1242 2920 tot
1253 2878 1482 2929 hominum
1497 2888 1622 2923 antea

864 2945 934 2988 ,53
