1907 3231
274 154 350 188 552
865 147 1112 189 ORATIO

278 252 456 304 omnia,)
486 268 573 296 non
603 252 685 294 sibi
715 268 765 295 ac
796 253 1033 294 defensioni
1065 267 1154 295 suae
1185 252 1476 294 condonatum
1497 266 1588 293 esse
1611 250 1704 308 Op-

279 309 523 366 pianicum:
554 310 732 367 proinde
762 311 883 364 quasi
908 325 994 350 non
1027 310 1129 353 satis
1158 310 1269 366 signi
1291 324 1381 350 esse
1409 309 1618 357 debuerit,
1648 309 1708 349 ab

278 367 479 408 omnibus
507 382 605 409 eum
644 367 774 408 fuisse
808 367 1036 416 desertum,
1063 366 1136 420 qui
1171 381 1215 407 se
1245 367 1298 407 ad
1330 370 1557 423 patronum
1587 365 1706 405 illum

278 424 549 466 contulisset.
609 423 712 464 Erat
743 423 859 462 enim
895 423 1047 463 Rornae
1080 437 1248 463 summa·
1265 424 1391 480 copia
1412 432 1709 480 patronorum,

279 481 504 523 hominum
521 479 968 535 eloquentissimorum
989 489 1118 534 atque
1131 479 1504 536 amplissimorum,
1525 492 1709 535 quorum

281 547 397 579 certe
417 538 570 594 aliquis
591 535 852 578 defendisset
881 535 1070 591 equitem
1108 536 1375 588 Romanum,
1398 538 1441 578 in
1473 535 1721 591 municipio

284 610 361 636 suo
393 596 598 643 nobilem,
635 593 665 632 si
705 592 886 633 honeste
922 602 1113 648 putasset
1142 593 1354 648 ejusmodi
1386 609 1557 635 causam
1587 605 1725 649 posse.

200 642 272 690 40
286 651 472 693 defendi.
545 650 659 691 Nam
694 649 901 695 Quintius
929 650 1118 704 quidem,
1149 665 1278 706 quam
1309 665 1478 691 causam
1501 663 1715 705 umquam

203 714 413 750 lloantea
434 709 616 756 dixerat,
637 721 735 747 cum
759 720 891 747 annos
914 708 966 748 ad
988 707 1303 764 quinquaginta
1321 717 1443 748 natus
1455 706 1588 748 esset?
1619 706 1714 762 quis

247 761 384 807 b·eum
418 778 621 819 umquam
654 778 739 804 non
763 764 892 805 modo
925 765 969 804 in
989 765 1173 820 patroni,
1194 764 1268 805 sed
1300 764 1344 805 in
1374 763 1620 814 laudatoris,
1641 771 1716 804 aut

288 822 486 863 advocati
521 821 616 862 loco
645 820 837 861 viderat?
868 821 942 875 qui
962 822 1078 878 quod
1113 821 1271 862 Rostra
1285 821 1454 877 jamdiu
1486 835 1634 870 vacua,
1653 819 1717 860 lo-·

287 893 472 933 cumque
505 878 639 927 illum,
673 888 771 933 post
809 877 1041 933 adventum
1084 879 1132 919 L.
1156 878 1284 919 Sullae
1317 893 1341 919 a
1361 877 1594 919 tribunicia
1614 890 1720 918 voce

288 936 518 984 desertum,
540 944 824 991 oppresserat,
844 935 1248 991 multitudinemque
1264 935 1357 990 jam
1380 934 1670 976 desuefactam
1695 947 1721 973 a

289 993 572 1034 concionibus
593 992 645 1032 ad
670 992 822 1032 veteris
843 993 1164 1034 consuetudinis
1196 992 1524 1033 similitudinem·
1539 997 1722 1032 revoca-

292 1060 427 1101 verat,
450 1049 611 1090 idcirco
643 1048 811 1089 cuidam
835 1049 1056 1089 hominum
1081 1050 1225 1105 generi
1251 1047 1728 1105 paullisperjucundior

296 1106 393 1147 fuit.
441 1106 585 1161 Atque
607 1106 719 1146 idem
743 1115 904 1160 quanto
931 1107 975 1147 in
999 1107 1099 1147 odio
1121 1117 1271 1162 postea
1298 1107 1383 1147 suis
1402 1107 1482 1147 illis
1501 1105 1604 1161 ipsis
1627 1103 1724 1154 fuit,

297 1178 373 1219 per
410 1179 517 1218 quos
550 1164 594 1204 in
627 1162 821 1203 altiorem
860 1163 1002 1204 locum
1034 1163 1339 1204 adscenderat?
1379 1177 1518 1218 neque
1553 1160 1725 1216 injuria.

214 1225 282 1258 111
301 1221 447 1261 Facite
469 1221 598 1270 enim,
620 1230 667 1260 ut
701 1234 787 1260 non
824 1220 960 1261 solum
994 1234 1132 1261 mores
1154 1221 1245 1276 ejus
1264 1230 1308 1261 et
1328 1220 1632 1276 arrogantiam,
1653 1217 1727 1258 sed

297 1278 427 1319 etiam
448 1278 612 1318 vultum
635 1286 763 1332 atque
799 1277 1019 1328 amictum,
1051 1286 1179 1333 atque
1200 1281 1240 1312 98
1254 1277 1367 1317 illam
1393 1291 1526 1332 usque
1546 1276 1598 1316 ad
1619 1274 1726 1315 talos

296 1335 526 1376 demissam
553 1348 784 1391 purpuram
808 1335 1104 1376 recordemini.
1165 1334 1222 1385 Is,
1254 1335 1374 1389 quasi
1405 1349 1490 1375 non
1511 1341 1621 1374 esset
1641 1331 1729 1372 ullo

296 1392 426 1434 modo
458 1392 696 1441 ferendum,
719 1406 764 1431 se
793 1404 847 1432 ex
871 1391 1040 1446 judicio
1073 1392 1316 1433 discessisse
1350 1391 1528 1441 victum,
1559 1403 1648 1430 rem
1675 1389 1730 1429 ab

300 1448 510 1490 subselliis
533 1449 576 1489 in
602 1448 760 1489 Rostra
781 1448 948 1489 detulit.
1011 1448 1067 1489 Et
1081 1449 1175 1504 jam
1197 1449 1415 1504 querimur
1437 1462 1566 1503 saepe,
1589 1445 1730 1487 homi-⁴

299 1506 427 1547 nibus
458 1506 581 1547 novis
604 1521 688 1546 non
723 1505 823 1546 satis
846 1520 1026 1561 magnos
1049 1507 1092 1546 in
1122 1506 1203 1547 hac
1232 1506 1408 1546 civitate
1429 1520 1520 1545 esse
1539 1504 1732 1545 fructus?

300 1577 414 1619 nego
444 1578 623 1618 usquam
649 1576 850 1616 umquam
874 1562 1004 1603 fuisse
1026 1563 1231 1618 majores:
1265 1563 1353 1613 ubi,
1376 1563 1409 1603 si
1432 1561 1526 1617 quis
1549 1558 1733 1616 ignobili

301 1620 400 1661 loco
428 1630 567 1670 natus,
590 1620 651 1660 ita
673 1619 804 1668 vivat,
837 1630 884 1659 ut
906 1621 1143 1661 nobilitatis
1165 1620 1421 1675 dignitatem
1445 1619 1601 1659 virtute
1623 1615 1733 1657 tueri

306 1692 432 1734 posse
466 1677 674 1726 videatur,
699 1691 833 1730 usque
869 1691 920 1716 eo
956 1678 1164 1733 pervenit,
1203 1676 1342 1731 quoad
1379 1691 1475 1717 eum
1526 1673 1738 1716 industria

220 1733 294 1767 112
308 1749 406 1776 cum
437 1734 685 1775 innocentia
710 1742 935 1787 prosecuta
956 1744 1034 1775 est.
1095 1735 1138 1774 Si
1172 1734 1266 1788 quis
1285 1742 1428 1774 autem
1460 1733 1542 1773 hoc
1564 1745 1649 1772 uno
1670 1729 1738 1770 ni-

307 1792 426 1841 titur,
457 1791 572 1845 quod
608 1791 662 1830 sit
692 1789 919 1845 ignobilis:
954 1792 1149 1846 procedit
1181 1805 1294 1846 saepe
1324 1790 1510 1845 longius,
1542 1802 1671 1844 quam
1702 1786 1738 1827 si

306 1849 420 1889 idem
444 1848 512 1888 ille
533 1858 643 1888 esset
664 1861 759 1887 cum
782 1847 932 1887 iisdem
952 1849 1038 1889 suis
1057 1848 1172 1888 vitiis
1195 1847 1500 1888 nobilissimus
1531 1855 1579 1886 ut
1599 1844 1739 1891 Quin-

308 1905 393 1945 tius
416 1904 543 1955 (nihil
574 1904 688 1944 enim
718 1904 858 1944 dicam
889 1905 943 1945 de
973 1907 1143 1955 ceteris)
1166 1906 1199 1945 si
1223 1905 1374 1945 fuisset
1405 1904 1535 1944 homo
1557 1901 1737 1952 nobilis3

309 1962 404 2016 quis
422 1976 518 2002 eum
533 1976 629 2002 cum
648 1960 719 2001 illa
737 1962 937 2016 superbia
949 1972 1077 2018 atque
1090 1962 1364 2003 intolerantia
1379 1960 1487 2001 ferre
1506 1960 1740 2016 potuisset?

312 2019 442 2066 Quod
466 2033 517 2059 eo
539 2019 633 2059 loco
656 2017 764 2068 fuit3
789 2020 848 2059 ita
870 2018 1072 2070 tulerunt,
1088 2030 1149 2070 ut,
1170 2020 1203 2059 si
1222 2019 1324 2074 quid
1349 2018 1525 2059 haberet
1545 2032 1570 2058 a
1589 2025 1742 2057 natura

310 2077 433 2126 boni,
448 2076 647 2131 prodesse
665 2074 705 2114 ei
728 2086 927 2130 putarent
951 2087 1172 2132 oportere:
1197 2076 1441 2132 superbiam
1455 2084 1598 2115 autem
1612 2083 1742 2127 atque

315 2133 602 2188 arrogantiam
638 2131 730 2186 ejus
759 2131 1034 2175 deridendam
1063 2134 1201 2189 magis
1231 2133 1537 2173 arbitrarentur
1570 2137 1745 2186 propter

231 2181 297 2230 41
317 2190 604 2232 humilitatem
623 2188 825 2239 hominis,
847 2204 972 2244 quam
995 2190 1392 2246 pertimescendam.
1454 2188 1552 2238 Sed,
1574 2196 1622 2228 ut
1643 2186 1743 2227 illuc

207 2260 239 2291 Ρ·
253 2252 305 2280 41-
319 2256 525 2288 revertar:
549 2261 635 2301 quo
650 2256 842 2302 tempore
861 2247 1151 2289 Fidiculanius
1173 2258 1238 2288 est
1268 2246 1503 2296 absolutus,
1526 2254 1587 2295 tu,
1601 2243 1674 2299 qui
1695 2256 1746 2283 ea

277 2301 480 2360 a'judicia
508 2303 623 2345 facta
651 2317 976 2356 commemoras,
995 2319 1157 2360 quaero,
1186 2308 1227 2340 99
1240 2304 1342 2359 quid
1365 2312 1456 2344 tum
1477 2316 1567 2343 esse
1597 2299 1748 2341 existi-2

316 2376 407 2402 mas
433 2361 704 2416 judicatum?
734 2370 848 2401 certe
879 2362 1010 2417 gratis
1034 2362 1267 2417 judicasse.
1326 2360 1387 2401 At
1416 2359 1744 2401 condemnarat:

231 2426 304 2462 118
317 2429 361 2459 at
381 2433 551 2459 causam
576 2426 711 2458 totam
743 2432 829 2458 non
851 2419 1067 2460 audierat:
1099 2428 1143 2459 at
1165 2419 1208 2459 in
1242 2418 1523 2459 concionibus
1544 2415 1747 2456 omnibus

316 2490 342 2516 a
365 2476 412 2515 L.
437 2474 620 2521 Quintio
642 2475 915 2516 vehementer
933 2486 1022 2516 erat
1051 2485 1093 2516 et
1125 2490 1238 2531 saepe
1260 2484 1454 2516 vexatus
1515 2472 1594 2513 Illa
1614 2471 1747 2528 igitur

315 2532 461 2576 omnia
484 2531 737 2583 Quinti-ana,
768 2532 929 2586 iniqua,
953 2532 1071 2585 falsa,
1096 2532 1355 2583 turbulenta,
1378 2530 1614 2588 popularia,
1637 2527 1747 2570 sedi-

360 2675 400 2707 98
422 2671 758 2711 illam-pmpuranq
796 2671 868 2703 Hoc
891 2673 1014 2704 intelli·
1057 2674 1097 2705 ad
1125 2674 1264 2705 honores
1288 2674 1439 2704 venisset.
1492 2671 1587 2706 Vide,
1613 2670 1637 2700 si
1661 2668 1750 2700 tanti

322 2714 464 2754 gendum
482 2714 520 2744 de
535 2713 693 2744 aedilitate
715 2724 752 2744 ac
774 2722 931 2754 praetura,
949 2726 1014 2746 non
1057 2716 1197 2753 videtur,
1215 2716 1401 2747 Rubeniurn
1416 2715 1455 2745 de
1469 2714 1554 2744 Lato
1571 2712 1663 2743 Clav.
1675 2721 1704 2741 c.
1719 2713 1750 2741 8.

321 2757 508 2792 tribunatu,
537 2760 575 2785 ut
603 2760 694 2795 patet
720 2766 739 2786 e
763 2757 860 2786 verbo
883 2762 1015 2796 postea.-
1058 2764 1091 2788 et
1106 2758 1182 2789 inde
1193 2762 1345 2797 excerpm
1359 2756 1521 2787 a-Graevio
1534 2755 1575 2785 ad
1589 2754 1622 2784 h.
1636 2752 1658 2783 l.

324 2808 402 2829 nam
416 2798 558 2838 primum
574 2798 607 2827 in
618 2798 789 2828 tribunatu
805 2808 870 2828 non
880 2804 929 2829 est
940 2809 1016 2830 usus
1101 2805 1142 2835 99
1164 2800 1244 2839 quid
1267 2804 1339 2829 tum
1361 2809 1426 2829 esse
1446 2794 1752 2835 existimas-,mdica-

323 2850 494 2880 purpurae:
518 2839 633 2869 deinde
648 2850 704 2879 per
719 2839 809 2870 illam
838 2851 1017 2881 purpuram
1060 2842 1146 2883 tum]
1163 2842 1301 2874 videtur
1314 2840 1521 2873 scribendum
1534 2838 1705 2870 existimes.

322 2882 404 2912 dicit
417 2892 493 2913 eum
508 2881 650 2912 invisum
663 2881 789 2913 factum
799 2883 851 2920 iis,
865 2893 922 2924 per
936 2893 1016 2923 quos

1887 485 1901 611 *na-u
1876 427 1887 439 ἲ
