1907 3231
655 119 854 158 ACTIO
881 118 1100 159 PRIMA.
1516 125 1589 160 119

149 238 285 279 mum,
315 225 443 282 fugit,
472 224 546 280 qui
572 223 655 266 Cn.
680 223 906 280 Pompeio,
938 224 1030 265 viro
1063 223 1299 265 fortissimo
1331 234 1375 265 et
1406 224 1590 267 clarissi-

153 297 241 335 mo,
271 284 325 325 de
345 282 577 324 tribunicia
598 290 812 338 potestate
833 281 1057 332 referente,
1078 296 1177 322 cum
1199 290 1309 322 esset
1331 282 1588 324 sententiam

151 350 344 397 rogatus,
366 339 451 381 hoc
472 339 598 380 initio
620 347 685 380 est
707 352 873 380 summa
895 354 993 380 cum
1011 338 1268 380 auctoritate
1287 352 1412 380 usus:
1445 342 1484 370 53
1498 338 1590 380 Pa-

149 404 229 439 tres
246 395 660 453 conscrz'ptosjudicia
681 394 786 437 male
807 395 1066 452 etflagitiose
1087 395 1216 437 tueri:
1247 393 1387 450 quodsi
1407 395 1452 436 in
1472 395 1631 437 r.ebusb

134 453 379 510 judicandis
402 452 550 510 populi
572 452 756 495 Romam·
787 453 1078 494 existimationi
1104 449 1337 508 satisfacete
1357 452 1586 504 voluissent,

146 526 229 552 77077
257 518 466 566 tantopere
497 510 673 552 hommes
678 509 814 566 fuzsse
841 510 1104 552 tribuniciam
1126 515 1368 566 potestatem
1387 509 1588 551 desidem„-

148 574 275 610 turos.
315 567 417 625 Ipse
434 568 620 624 denique
634 568 718 609 Cn.
741 567 988 624 PompeiuS,
1011 583 1110 609 cum
1129 582 1178 623 pl
1182 581 1314 609 lmum
1333 567 1586 608 concionem
1600 572 1649 607 45

147 625 203 666 ad
225 626 375 667 urbem
397 625 547 667 consul
579 625 828 682 designatus
864 625 1040 676 habuit3
1072 625 1146 666 ubi
1177 624 1240 678 (id
1261 624 1377 680 quod
1399 625 1590 666 maxime

146 684 390 747 exspectari
423 660 700 734 videbat11r)⁰
707 683 910 733 ostendit,
941 697 986 724 se
1020 681 1297 724 tribuniciam
1330 691 1591 746 potestatem

144 740 461 792 restituturum,
502 740 644 782 factus
674 748 739 781 est
766 741 810 781 111
832 754 883 780 eo
914 740 1131 795 strepitus,
1166 747 1210 780 et
1228 748 1351 795 grata
1368 738 1590 781 concionis

153 797 511 839 admurmuratio.
559 797 713 839 Idem
704 812 748 838 111
764 796 914 838 eadem
938 797 1148 838 concione
1169 811 1268 838 cum
1286 797 1488 839 dixisset:
1512 811 1591 852 po-

142 853 316 909 pulatas
351 862 593 920 vexatasque
628 869 705 896 esse
735 853 993 910 provincias5
1018 853 1187 910 judicia
1218 860 1354 894 autem
1383 854 1521 909 turpia
1554 861 1592 896 et

132 911 483 968 flagitiosafleyi:
516 927 551 954 ez
573 926 631 953 rez
647 927 686 953 se
698 911 916 967 providere
931 926 980 953 ac
1001 910 1202 953 consulere
1220 909 1342 953 velle.-
1380 921 1470 952 tum
1489 925 1591 953 vero

147 984 234 1011 11011
258 970 456 1026 strepitu,
488 970 561 1011 sed
582 969 776 1011 maximo
799 968 984 1010 clamore
1014 983 1134 1010 suam
1161 968 1345 1032 populus
1366 967 1589 1010 Romanus

148 1027 415 1084 significavit
435 1026 717 1069 voluntatem.
778 1026 908 1068 Nunc
930 1035 1075 1068 autem
1104 1025 1300 1067 homines
1330 1041 1374 1067 111
1404 1026 1587 1082 speculis
1606 1019 1674 1074 16

146 1092 270 1127 sunt.
303 1085 549 1136 observant,
580 1083 945 1141 quemadmodum
976 1098 1067 1125 sese
1087 1083 1381 1139 unusquisque
1400 1092 1588 1125 vestrum
1601 1098 1652 1132 46

146 1150 270 1197 gerat
289 1141 334 1183 in
355 1116 581 1184 retinenda
604 1141 827 1198 religione,
858 1141 1248 1197 conservandisque
1269 1140 1453 1197 legibus.
1514 1141 1592 1182 Vi·-

143 1199 250 1240 dent
270 1199 411 1241 adhuc
432 1203 473 1232 54
486 1208 585 1256 post
615 1199 755 1256 1888111
786 1198 1064 1240 tribuniciam
1098 1214 1231 1240 unum
1255 1208 1495 1241 senatorem
1526 1199 1595 1244 vel

147 1256 450 1298 tenuissimum
479 1271 571 1298 esse
600 1232 867 1299 damnatum.
907 1257 1024 1311 quod
1057 1257 1229 1298 tametsi
1255 1271 1342 1297 non
1365 1256 1595 1312 reprehen-

145 1311 271 1366 dunt,
301 1322 448 1355 tamen
469 1328 748 1370 magnopere,
778 1313 895 1369 quod
913 1313 1102 1364 laudent
1133 1328 1221 1355 non
1242 1313 1419 1354 habent.
1463 1313 1595 1359 Nulla

149 1379 216 1412 est
255 1371 373 1413 enim
405 1371 512 1422 laus,
543 1371 604 1412 ibi
637 1384 729 1412 esse
767 1371 1000 1427 integrum,
1031 1346 1106 1412 ubi
1140 1385 1268 1412 nemo
1301 1379 1380 1423 est,
1411 1371 1485 1426 qui
1518 1380 1593 1413 aut

145 1429 299 1486 possit,
329 1436 405 1469 aut
426 1437 606 1470 conetur
627 1442 916 1485 c01··.rumpe1e
976 1428 1078 1470 Hoc
1096 1437 1162 1469 est
1175 1429 1409 1484 judiciuin,
1439 1428 1484 1469 in
1505 1443 1591 1484 quo
1603 1435 1655 1475 47

148 1500 226 1527 vos
255 1486 309 1527 de
341 1500 430 1537 reo,
460 1485 647 1542 populus
681 1485 904 1527 Romanus
933 1486 987 1528 de
1018 1486 1143 1527 vobis
1169 1486 1403 1542 judicabit.
1434 1486 1479 1526 in
1508 1486 1593 1528 hoc

151 1542 332 1586 homine
353 1552 579 1595 statuetur,
601 1543 809 1608 possitne,
840 1543 1108 1585 senatoribus
1124 1543 1440 1599 judicantibus,
1462 1543 1596 1585 homo

145 1601 479 1643 nocentissimus
498 1601 964 1665 pecuniosissimusque
984 1601 1194 1643 damnari.
1238 1600 1410 1643 Deinde
1431 1611 1496 1642 est
1514 1600 1594 1642 liu-

138 1658 334 1713 jusmodi
356 1673 467 1710 reus,
498 1673 543 1700 ln
572 1673 659 1715 quo
680 1658 858 1700 homine
884 1659 995 1700 nihil
1024 1660 1093 1710 sit,
1126 1666 1283 1714 praeter
1304 1673 1472 1700 summa
1493 1673 1593 1714 pec-

145 1724 258 1768 cata,
287 1717 610 1772 maximamque
645 1717 897 1773 pecuniam3
935 1725 998 1768 ut,
1038 1717 1072 1757 si
1113 1716 1318 1758 liberatus
1360 1716 1430 1768 sit,
1477 1716 1595 1757 nulla

146 1773 231 1815 alia
253 1774 458 1830 suspicio,
487 1773 571 1814 11151
604 1788 668 1825 ea,
700 1789 796 1829 quae
831 1774 1082 1830 turpissima
1113 1782 1192 1825 est,
1225 1774 1410 1815 residere
1439 1773 1592 1830 possit.

144 1845 234 1872 non
274 1831 430 1887 gratia,
471 1845 558 1872 non
597 1832 874 1896 cognatione,
912 1846 1001 1873 non
1040 1831 1133 1873 aliis
1172 1840 1287 1873 recte
1322 1831 1464 1896 factis,
1502 1846 1591 1873 non

145 1887 334 1944 denique
356 1889 500 1944 aliquo
520 1889 728 1930 mediocri
751 1889 874 1940 vitio,
906 1897 973 1930 tot
1004 1898 1209 1945 tantaque
1233 1888 1326 1944 ejus
1356 1889 1463 1930 vitia
1490 1889 1592 1930 sub-

145 1945 288 1987 levata
306 1960 398 1987 esse
421 1946 799 1987 existimabuntur.
833 1946 1060 1988 Postremo
1074 1961 1156 2003 ego
1176 1961 1349 1988 causam
1368 1947 1429 1987 sic
1447 1961 1589 2003 agam,
1603 1949 1653 1983 48

139 2002 337 2067 Judices:
369 2004 582 2059 ejusmodi
614 2018 692 2055 185,
725 2003 786 2044 ita
813 2013 952 2056 notas,
984 2005 1046 2046 ita
1079 2013 1270 2055 18518785,
1301 2005 1363 2045 ita
1394 2018 1589 2060 magnas,

146 2061 209 2102 ita
229 2060 477 2102 manifestas
505 2060 734 2117 proferam,
765 2069 813 2102 ut
842 2076 970 2103 nemo
991 2062 1173 2113 ambis,
1205 2071 1253 2102 ut
1283 2062 1415 2102 istum
1448 2061 1590 2103 absol-

144 2117 272 2169 vatis,
293 2133 378 2182 *per
399 2119 522 2175 grati·
515 2133 584 2159 tm
606 2126 786 2160 conetur
806 2119 1081 2161 contendere.
1144 2119 1301 2161 Habeo
1324 2128 1469 2160 autem
1499 2133 1591 2160 cer-

144 2184 234 2216 tam
262 2176 378 2217 viam
405 2187 535 2231 atque
562 2176 796 2240 rationem,
818 2192 903 2232 qua
935 2191 1084 2218 omnes
1114 2176 1283 2218 illorum
1313 2185 1494 2217 conatus
1524 2176 1590 2217 in-

145 2233 361 2289 vestigare
378 2241 423 2274 et
451 2233 655 2289 consequi
683 2233 860 2289 possim.
922 2233 992 2275 Ita
1020 2249 1085 2276 res
1115 2250 1141 2275 a
1168 2248 1237 2275 me
1267 2243 1433 2291 agetur,
1464 2243 1513 2275 ut
1545 2229 1662 2293 inp·
1651 2221 1703 2252 75„

145 2303 294 2331 eorum
335 2291 525 2336 consiliis
561 2291 762 2332 omnibus
795 2306 883 2332 non
920 2292 1051 2334 modo
1082 2306 1203 2333 aures
1246 2291 1486 2343 hominum,
1517 2272 1620 2333 seda

144 2347 276 2389 etiam
305 2347 418 2389 oculi
440 2348 590 2404 populi
610 2347 798 2389 Romani
821 2348 1025 2390 interesse
1046 2350 1297 2391 videantur:
1330 2363 1407 2389 vos
1429 2348 1596 2405 aliquot

139 2404 236 2460 jam
268 2419 345 2462 pei
372 2420 507 2447 annos
533 2415 790 2462 conceptam
820 2405 922 2448 huic
954 2406 1095 2448 ordini
1126 2405 1440 2470 turpitudinem
1466 2415 1595 2462 atque

148 2461 376 2504 infamiam
393 2466 432 2495 55
444 2463 583 2504 delere
600 2478 650 2506 80
670 2463 819 2505 tollere
841 2464 1036 2520 potestis.
1093 2463 1279 2505 Constat
1299 2463 1411 2509 inter
1431 2477 1597 2515 omnes,

11 2566 14 2592 ²
188 2577 228 2606 53
251 2575 377 2607 Patres
397 2577 602 2618 conscriptos]
633 2578 759 2608 Rarum
784 2584 847 2616 est,
934 2581 975 2610 55
997 2577 1102 2609 delere
1115 2588 1155 2608 ac
1168 2578 1280 2608 tollere
1293 2577 1442 2618 potestis]
1466 2578 1517 2609 Ae
1540 2580 1599 2610 tol-

142 2618 330 2657 Senatores,
352 2620 454 2650 etiam
476 2626 570 2651 extra
587 2627 742 2651 senatum
759 2626 794 2651 et
812 2621 847 2651 in
893 2622 970 2658 lere,
997 2630 1065 2650 non
1088 2625 1138 2652 est
1162 2621 1196 2650 in
1209 2620 1282 2651 edd.
1303 2630 1354 2660 pr.
1392 2620 1526 2653 Addidit
1547 2622 1599 2653 ed.

144 2660 241 2691 rebus
255 2665 350 2693 extra
371 2663 544 2700 Senatum,
564 2663 678 2694 Patres
698 2663 849 2694 Conscri—
894 2664 1038 2703 Hervag.
1059 2666 1148 2694 1534.
1164 2663 1239 2694 inde
1253 2663 1289 2694 P.
1306 2663 1487 2695 Manutius.
1532 2663 1601 2695 1177,ὦ

145 2716 220 2752 ptos
235 2712 404 2761 gppenari
446 2714 511 2745 MS
530 2715 593 2746 (ᾖ,
607 2714 709 2747 habet
720 2706 800 2756 Ρῖες
816 2725 855 2746 ac
896 2716 958 2745 que
979 2706 1128 2737 Graevius
1152 2705 1227 2736 tolli
1251 2705 1408 2743 malebat,
1430 2705 1517 2745 quod
1540 2715 1601 2737 nee

133 2755 209 2796 Jud
208 2755 284 2793 icia,
319 2756 407 2788 unde
439 2757 555 2797 aliquis
582 2758 669 2789 forte
699 2759 854 2799 conjiciat
897 2758 932 2779 ¹¹¹
960 2748 1103 2779 Ms.F1·.
1131 2752 1307 2789 repererat·
1349 2748 1401 2779 Ad
1425 2747 1602 2779 defendefl·

12 2755 13 2821 l
140 2801 298 2836 proetores
311 2807 351 2828 ae
353 2800 621 2841 judicesjudieia
635 2801 694 2831 &c
896 2791 972 2822 dam
998 2791 1188 2829 lectionem,
1209 2800 1288 2838 quae·
1299 2794 1350 2820 est
1364 2791 1399 2821 in
1411 2790 1476 2820 Ms.
1493 2790 1532 2820 G.
1546 2800 1601 2821 v-a

11 2865 13 2871 A
188 2841 229 2870 54
245 2844 318 2879 pose
347 2843 451 2880 legem
482 2842 708 2883 tribnmcmm]
754 2840 855 2873 3011ae
898 2832 958 2870 let,
982 2834 1143 2875 primum·
1172 2833 1258 2873 quod
1280 2833 1319 2863 iis
1333 2833 1439 2863 verbis
1464 2832 1602 2863 sublatis

145 2889 190 2912 ες,
206 2881 245 2913 dc
257 2882 410 2915 tribunis,
423 2893 454 2916 v„
470 2884 562 2916 ρων,
578 2885 612 2916 in
628 2884 709 2918 Les
723 2885 798 2916 mh
899 2877 1005 2908 oritur
1019 2874 1166 2909 clausula
1180 2875 1379 2908 hexametri·
1404 2873 1518 2907 deinde
1537 2874 1602 2909 tol

841 2932 908 2969 14
