1907 3231
338 152 413 187 658
863 134 1113 181 ORATIO
1149 141 1200 178 11.

339 250 558 294 malleolos
577 258 621 290 et
648 248 762 291 faces
784 248 837 290 ad
870 243 1220 288 inflammandam
1254 244 1400 283 urbem
1435 257 1696 298 comparare,
1719 243 1773 284 sit

340 309 524 363 denique
543 306 797 363 inscriptum
820 306 863 345 in
886 303 1026 344 fronte
1057 300 1405 355 uniuscujusque,
1428 300 1529 355 quid
1564 300 1617 340 de
1649 315 1774 356 repu-

343 367 455 407 blica
475 364 644 405 sentiat.
706 362 917 404 Polliceor
932 359 1013 399 hoc
1038 357 1174 406 vobis,
1190 369 1329 412 patres
1349 356 1596 413 conscripti,
1612 366 1776 398 tantam

347 423 393 464 in
413 422 538 464 nobis
567 420 814 462 consulibus
847 417 937 456 fore
967 414 1250 469 diligentiam,
1278 423 1439 454 tantam
1472 414 1513 453 in
1550 414 1670 454 vobis
1703 428 1778 454 au-

216 481 608 535 p.104.ctoritatem,
629 486 792 517 tantam
815 474 858 513 in
888 471 1106 526 equitibus
1142 470 1349 510 Romanis
1374 471 1589 520 virtutem,
1611 479 1774 510 tantam

305 546 335 566 ὃ·
350 538 394 579 in
428 537 630 578 omnibus
661 531 784 572 bonis
816 528 1158 577 consensionem,
1192 536 1240 566 ut
1274 526 1473 568 Catilinae
1511 526 1779 583 profectione

350 595 496 636 omnia
518 590 748 647 patefacta,
766 586 989 635 illustrata,
1003 598 1220 640 oppressa,
1236 583 1453 624 vindicata
1468 598 1559 624 esse
1580 583 1776 625 videatis.

286 665 336 700 33
410 651 545 692 Hisce
567 646 800 694 ominibus,
834 642 1038 691 Catilina,
1065 655 1163 681 cum
1188 654 1355 680 summa
1376 641 1622 696 reipublicae
1645 641 1780 682 salute

349 718 391 750 et
413 721 510 750 cum
530 714 604 745 tua
625 712 744 758 peste
766 716 815 742 ac
847 699 1050 756 pernicie,
1072 711 1257 753 cumque
1286 710 1432 737 eorum
1461 697 1612 748 exitio,
1635 698 1706 753 qui
1738 711 1783 738 se

348 776 489 807 tecum
526 761 645 801 omni
679 758 834 799 scelere
866 754 1182 813 parricidioque
1217 754 1474 808 junxerunt,
1513 754 1783 809 proficiscere

349 823 399 863 ad
423 819 606 876 impium
628 816 787 857 bellum
810 829 858 855 ac
882 812 1108 854 nefarium.
1170 810 1280 852 Tum
1303 821 1365 860 tu,
1397 810 1584 866 Jupiter,
1614 812 1686 866 qui
1708 812 1781 852 iis-

348 881 461 929 dem,
483 876 639 932 quibus
661 873 757 914 liaec
781 872 896 921 urbs,
919 868 1122 925 auspiciis
1153 883 1177 909 a
1200 868 1388 908 Romulo
1422 881 1465 907 es
1499 868 1781 921 constitutus3

348 950 476 991 quem
501 934 714 975 Statorem
738 929 867 984 hujus
888 928 1006 968 urbis
1028 935 1156 980 atque
1180 925 1347 980 imperii
1371 938 1467 964 vere
1489 925 1782 967 nominamus:

347 993 462 1035 hunc
480 1000 523 1032 et
544 989 671 1043 hujus
695 986 834 1027 socios
856 999 880 1025 a
916 984 1000 1024 tuis
1023 983 1106 1024 aris
1136 985 1374 1036 ceterisque
1396 981 1581 1037 templis,
1603 996 1627 1022 a
1659 983 1789 1023 tectis

346 1051 463 1091 urbis
483 1064 532 1089 ac
553 1045 789 1093 moenibus,
813 1058 837 1082 a
859 1041 948 1081 vita
980 1039 1249 1094 fortunisque
1270 1039 1431 1080 civium
1452 1038 1647 1079 omnium
1667 1054 1784 1080 arce-

346 1109 436 1149 bis:
469 1115 512 1146 et
541 1116 690 1145 onmes
724 1098 922 1140 inimicos
956 1098 1183 1146 bonorum,
1219 1096 1363 1136 hostes
1401 1096 1567 1151 patriae,
1600 1095 1785 1137 latrones

347 1164 503 1213 Italiae,
525 1160 730 1202 scelerum
763 1156 928 1197 foedere
963 1155 1073 1194 inter
1107 1168 1150 1193 se
1181 1168 1231 1193 ac
1261 1152 1424 1193 nefaria
1445 1153 1650 1193 societate
1681 1166 1786 1194 con-

341 1223 536 1279 junctos,
558 1215 728 1259 aeternis
751 1211 974 1269 suppliciis
996 1211 1117 1251 vivos
1138 1218 1416 1264 mortuosque
1436 1210 1661 1251 mactabis.

309 1420 341 1452 b.
637 1396 707 1443 M.
746 1390 1019 1441 TULLII
1082 1389 1526 1437 CICERONIS

519 1573 600 1637 L.
698 1561 1618 1634 CATILINAM

524 1692 526 1695 -
869 1669 1268 1728 SECUNDA,

1050 1775 1105 1799 AD

674 1843 1439 1909 QUIRITEs,

768 1962 1017 2000 ORATIO
1056 1961 1386 1998 VICESIMA.

923 2053 1203 2079 ...φ-

356 2098 373 2119 Γ

316 2132 340 2176 1
376 2097 647 2167 sANDEM
684 2126 928 2180 aliquando,
964 2126 1171 2176 Quirites,
1214 2124 1261 2165 L.
1300 2123 1555 2175 Catilinam,
1582 2123 1794 2167 furentem

326 2202 343 2234 1
360 2185 554 2233 audacia,
582 2184 719 2224 scelus
744 2183 1032 2233 anhelantem,
1069 2193 1230 2239 pestem
1264 2181 1414 2238 patriae
1437 2181 1598 2222 nefarie
1616 2182 1802 2223 molien-

360 2254 463 2291 tem,
488 2242 609 2281 vobis
631 2250 760 2295 atque
776 2240 877 2282 huic
900 2241 994 2281 urbi
1015 2240 1174 2280 ferrum
1189 2239 1493 2292 flammamque
1506 2239 1794 2290 minitantem,

359 2313 413 2339 ex
443 2299 547 2338 urbe
583 2297 647 2338 vel
675 2297 897 2351 ejecimus,
925 2298 987 2337 vel
1017 2298 1250 2345 emisimus,
1279 2295 1372 2334 lvcsl
1402 2295 1540 2350 ipsum
1571 2295 1794 2351 egredien-

360 2367 447 2395 tem
472 2356 610 2395 verbis
634 2356 848 2409 prosecuti
873 2370 1034 2395 sumus.
1093 2354 1231 2403 Abiit,
1254 2351 1453 2402 excessit,
1466 2352 1615 2402 evasit,
1637 2353 1796 2407 erupit.

358 2411 578 2465 nullajam
603 2411 812 2466 pernicies
837 2426 860 2451 a
884 2421 1075 2452 monstro
1097 2412 1167 2451 illo
1191 2421 1319 2464 atque
1352 2409 1550 2464 prodigio
1573 2410 1796 2451 moenibus

358 2470 461 2524 ipsis
486 2469 596 2508 intra
618 2468 783 2508 inoenia
799 2469 1134 2523 comparabitur.
1176 2466 1320 2521 Atque
1335 2466 1448 2506 hunc
1470 2465 1641 2520 quidem
1662 2480 1796 2507 unum

358 2525 488 2580 liujus
509 2525 607 2565 belli
630 2525 854 2565 domestici
879 2525 1031 2566 ducem
1056 2526 1146 2565 sine
1168 2523 1459 2565 controversia
1482 2522 1679 2563 vicimus.
1707 2537 1796 2565 non

404 2694 415 2721 Ι
440 2691 607 2729 velz'psum
622 2690 839 2728 egredientem
852 2692 955 2721 verbis
967 2700 1051 2730 pros.
1096 2688 1181 2729 quod
1203 2689 1308 2729 prima
1331 2688 1539 2727 Hervagi'ana
1561 2688 1720 2718 restituit:
1745 2698 1795 2719 re-

356 2733 397 2773 sa]
419 2733 530 2772 Ipsum
542 2739 591 2761 est
608 2742 665 2762 sua
681 2740 808 2771 sponte.
832 2742 863 2763 v.
879 2732 970 2763 (lav.
1017 2732 1056 2762 In
1099 2737 1162 2762 cte.
1215 2731 1373 2770 Prosequz'
1407 2731 1510 2760 verbis
1531 2730 1652 2760 dicitur
1682 2734 1722 2760 ut
1745 2732 1795 2761 in-

356 2777 460 2806 verbis
471 2774 591 2804 liaesere
607 2774 952 2813 plures-,feceruntque
967 2776 1055 2812 urbe,
1098 2775 1186 2813 sequi
1212 2774 1328 2809 verbis,
1355 2773 1387 2802 in
1416 2777 1543 2813 partem
1565 2771 1598 2802 h.
1621 2772 1642 2802 l.
1658 2771 1797 2803 deterio-

357 2817 444 2857 quod
456 2823 505 2847 est
519 2816 553 2845 in
568 2815 640 2845 edd.
653 2816 692 2846 R.
708 2816 762 2846 ΒΓ.
778 2816 866 2846 Med.
879 2816 952 2846 Ald.
968 2817 1056 2847 Vicrt.
1100 2825 1182 2845 rem:
1207 2815 1443 2854 intelliguntur
1466 2814 1556 2845 mala
1575 2814 1700 2852 omina,
1723 2823 1795 2854 quae

359 2864 417 2890 ὰς.
459 2860 503 2890 At
517 2857 588 2888 edd.
606 2858 657 2887 W.
684 2861 774 2889 1480.
796 2859 900 2890 verbis
922 2858 1056 2895 habent,
1100 2859 1135 2888 in
1149 2858 1214 2888 fine
1229 2858 1286 2888 Or.
1303 2857 1330 2888 l.
1346 2857 1440 2888 dixit.
1783 2877 1788 2882 -
1805 2869 1810 2873 ·
