1907 3231
631 141 833 180 ACTIO
859 141 1087 178 PRIMA.
1504 141 1574 177 121

146 247 272 289 nobis
292 246 602 301 consiliumque
612 251 826 287 mutetur.
887 244 988 285 Non
1013 243 1150 299 patiar
1174 258 1264 284 rem
1285 247 1325 277 59
1339 244 1382 284 in
1404 243 1448 285 id
1469 252 1575 284 tem·
1587 260 1635 294 53

147 319 227 359 pus
248 305 360 355 duci,
392 313 439 344 ut
465 303 614 354 Siculi,
644 317 751 357 quos
777 302 917 343 adhuc
947 302 1054 342 servi
1079 301 1400 356 designatorum
1424 315 1578 341 consu-

147 362 235 403 lum
256 376 346 403 non.
360 370 601 410 moverunt,
631 374 729 400 cum
750 373 823 400 eos
846 374 958 399 novo
980 357 1179 413 exemplo
1202 358 1421 397 universos
1443 372 1580 398 arces-

148 429 301 469 serent,
331 432 403 459 eos
426 428 517 458 tum
547 417 718 458 lictores
746 416 973 457 consulum
1002 425 1181 456 vocent:
1217 425 1264 455 ut
1286 414 1480 455 homines
1502 415 1581 454 mi-

149 476 244 526 seri,
274 484 401 516 antea
421 475 527 516 socii
557 484 685 528 atque
709 474 836 514 amici
859 473 1006 529 populi
1033 471 1233 522 Romani,
1264 486 1378 512 nunc
1401 471 1509 513 servi
1532 486 1582 511 ac

149 531 376 588 supplices,
406 546 494 572 non
514 531 644 572 modo
660 530 734 586 jus
762 545 885 572 suum
916 530 1194 584 fortunasque
1216 543 1363 569 omnes
1381 530 1422 560 60
1434 542 1584 569 eorum

149 588 329 645 imperio
351 589 566 640 amittant,
590 603 736 629 verum
755 588 885 629 etiam
907 587 1156 643 deplorandi
1172 586 1283 641 juris
1307 585 1371 626 sui
1394 595 1582 640 potesta-

148 654 237 687 tem
257 661 344 687 non
367 646 568 687 habeant.
631 645 671 686 N
676 660 731 686 on
763 645 900 686 sinam
934 644 1143 701 profecto,
1176 658 1303 684 causa
1327 658 1350 683 a
1372 657 1440 683 me
1460 656 1581 698 pero-
1594 660 1643 693 54

146 711 253 755 rata,
283 703 568 760 quadraginta
604 703 754 744 diebus
795 702 1070 757 interpositis,
1106 710 1196 741 tum
1235 700 1360 741 nobis
1397 700 1583 755 denique

148 760 187 790 ⁶¹
203 761 503 817 respondeant,
537 774 636 802 cum
660 760 876 800 accusatio
902 768 1048 799 nostra
1068 759 1165 798 62in
1199 757 1461 798 oblivionem
1491 757 1585 797 diu—

147 818 354 859 turnitate
372 818 557 859 adducta
575 818 653 858 sit:
685 831 770 857 non
791 817 1074 865 committam,
1098 825 1146 855 ut
1166 824 1254 855 tum
1275 829 1339 854 res
1352 814 1586 868 judicetur,

149 889 250 916 cum
283 875 378 917 haec
411 875 652 931 frequentia
685 874 816 914 totius
858 873 994 914 Italiae
1020 872 1162 912 Roma
1190 872 1457 922 discesserit3
1489 886 1588 927 quae

148 933 354 974 convenit
394 947 480 973 uno
523 941 715 987 tempore
756 930 960 985 undique,
994 930 1034 960 63
1049 929 1340 980 comitiorum,
1374 929 1588 979 ludorum,

149 990 436 1045 censendique
477 1004 618 1030 causa.
681 988 826 1044 Hujus
863 987 1020 1041 judicii
1063 997 1106 1027 et
1140 986 1275 1027 laudis
1309 985 1513 1037 fructum,
1544 995 1589 1026 et

149 1046 398 1088 offensionis
442 1046 691 1102 periculum,
734 1056 947 1096 vestrum3
990 1044 1195 1095 laborem,
1235 1043 1588 1084 sollicitudinem-

149 1118 247 1159 que,
277 1113 492 1156 nostram3
526 1104 763 1153 scientiam,
795 1103 898 1158 quid
921 1111 1086 1157 agatur,
1109 1101 1460 1156 memoriamque,
1483 1101 1586 1156 quid

149 1175 176 1201 a
197 1176 367 1217 quoque
386 1162 550 1202 dictum
573 1161 641 1211 sit,
673 1160 866 1201 omnium
891 1169 997 1215 puto
1022 1173 1112 1199 esse
1137 1167 1350 1214 oportere.
1412 1158 1584 1199 Faciam
1598 1161 1647 1200 53

148 1217 234 1259 hoc
255 1233 341 1260 non
361 1233 537 1270 novum,
568 1218 640 1258 sed
662 1218 716 1258 ab
739 1217 805 1268 iis,
828 1217 901 1272 qui
923 1231 1038 1257 nunc
1057 1216 1272 1271 principes
1295 1224 1452 1256 nostrae
1477 1216 1583 1256 civi-

151 1276 252 1316 tatis
275 1286 387 1327 sunt‚
419 1286 517 1316 ante
540 1275 718 1325 factum,
753 1284 800 1314 ut
823 1274 1003 1314 testibus
1026 1283 1121 1313 utar
1146 1273 1316 1314 statim:
1349 1272 1451 1313 illud
1475 1287 1500 1312 a
1520 1286 1590 1314 me

150 1347 326 1384 novum,
351 1333 535 1388 judices,
567 1332 853 1388 cognoscetis,
880 1330 995 1386 quod
1015 1330 1076 1371 ita
1095 1339 1223 1371 testes
1246 1330 1522 1380 constituam,
1542 1338 1592 1370 ut

151 1390 314 1432 crimen
349 1400 488 1431 totum
522 1389 759 1445 explicem3
791 1389 865 1430 ubi
896 1388 940 1429 id
969 1387 1290 1443 interrogando,
1325 1387 1590 1443 argumentis

151 1455 280 1502 atque
298 1447 493 1488 oratione
514 1447 754 1496 firmavero,
787 1456 879 1487 tum
913 1454 1041 1485 testes
1075 1445 1128 1485 ad
1158 1444 1321 1485 crimen
1346 1459 1592 1485 accommo-

151 1504 264 1546 dem.
288 1514 335 1545 ut
352 1504 461 1544 nihil
479 1504 590 1545 inter
611 1503 726 1544 illam
744 1504 946 1544 usitatam
971 1502 1304 1553 accusationem,
1327 1510 1455 1556 atque
1478 1501 1588 1543 hanc
1601 1516 1631 1546 p.
1646 1507 1696 1540 76.

149 1575 307 1603 novam
347 1561 528 1613 intersit,
565 1561 648 1602 nisi
687 1561 802 1616 quod
832 1561 876 1601 in
909 1559 980 1600 illa
1013 1569 1130 1611 tunc,
1170 1573 1269 1600 011111
1301 1559 1446 1599 onmia
1475 1559 1631 1599 dictaa·

152 1628 266 1671 sunt,
296 1627 425 1660 testes
454 1619 633 1660 dantur:
666 1618 738 1659 hic
771 1619 813 1659 in
849 1617 1036 1673 singulas
1070 1632 1134 1658 res
1159 1616 1397 1658 dabuntur:
1430 1624 1479 1657 ut
1509 1614 1593 1656 illis

151 1691 323 1732 quoque
340 1677 489 1718 eadem
511 1676 803 1732 interrogandi
827 1674 1022 1725 facultas,
1048 1674 1377 1730 argumentandi
1399 1673 1593 1715 dicendi-

151 1749 236 1790 que
257 1735 326 1775 sit.
388 1734 433 1775 Si
453 1734 548 1789 quis
577 1734 672 1784 erit,
702 1733 777 1788 qui
811 1742 1061 1789 perpetuam
1092 1731 1331 1772 orationem
1352 1731 1593 1772 accusatio-

151 1805 337 1847 nemque
377 1791 601 1842 desideret,
644 1790 775 1831 altera
813 1791 982 1831 actione
1020 1789 1189 1831 audiet:
1230 1803 1348 1829 nunc
1387 1789 1444 1839 id,
1475 1788 1593 1844 quod

153 1848 334 1890 facimus
349 1852 437 1902 ‘(ea
470 1848 635 1889 ratione
666 1847 861 1898 facimus,
901 1857 949 1887 ut
992 1846 1168 1887 malitiae
1202 1845 1372 1886 illorum
1410 1845 1591 1887 consilio

152 1915 300 1958 nostro
323 1908 615 1956 occurramus)
640 1906 877 1946 necessario
900 1904 993 1945 fieri
1017 1903 1244 1959 intelligat.
1306 1903 1418 1944 Haee
1441 1903 1591 1959 primae
1604 1922 1655 1956 56

152 1963 336 2005 actionis
379 1963 460 2004 erit
489 1963 722 2005 accusatio.
785 1961 998 2014 Dicimus,
1032 1960 1083 2002 C.
1107 1961 1299 2012 Verrem,
1329 1974 1427 2001 cum
1458 1960 1595 2002 multa

195 2124 235 2157 59
256 2123 291 2152 in
316 2121 352 2152 id
372 2125 498 2161 tempus
520 2121 609 2161 duc-i]
639 2121 659 2151 i.
684 2120 852 2162 protrahi3
895 2119 967 2151 edd.
985 2131 1033 2161 pr.

153 2164 258 2205 recepi
281 2175 298 2195 e
324 2164 505 2194 certissima
531 2164 732 2194 correctione
756 2164 788 2193 J.
818 2163 851 2194 F.
937 2164 977 2195 62
999 2165 1033 2193 in
1058 2163 1149 2193 oblim.
1168 2162 1388 2193 diuturnitate
1410 2162 1502 2202 add]
1545 2163 1598 2194 Sic

151 2207 308 2237 Gronovii
321 2206 398 2237 Obs.
414 2206 455 2244 V,
468 2208 515 2236 12.
532 2215 604 2245 quae
616 2216 714 2245 quare
724 2216 789 2236 non
803 2216 852 2236 re·
895 2207 1108 2241 recentiores3
1132 2210 1167 2235 at
1189 2205 1260 2236 edd.
1284 2206 1324 2236 R.
1347 2205 1402 2235 ΒΓ.
1421 2211 1455 2235 et
1479 2210 1598 2236 ceterae

153 2250 306 2290 cipiatur‚
329 2259 404 2279 cum
416 2249 502 2286 aliae,
529 2249 680 2285 Victorii,
706 2248 850 2279 Manutii
893 2257 996 2287 usque
1011 2248 1052 2278 ad
1064 2247 1186 2278 Aldum
1202 2247 1326 2278 habent
1345 2248 1576 2278 diuturnitatis
1587 2262 1597 2278 .-

153 2293 214 2322 &c.
241 2295 381 2331 receptae
404 2292 484 2328 sint,
507 2300 575 2321 non
600 2300 713 2321 omnes
739 2291 852 2321 eadem
894 2290 979 2329 quod
994 2291 1090 2320 nimis
1104 2295 1306 2320 contemsere
1320 2291 1379 2320 viri
1395 2290 1495 2327 docti,
1519 2301 1597 2322 cum

153 2333 336 2365 evidentia?
377 2333 540 2364 Probabat
564 2333 666 2363 etiam
694 2333 852 2364 Graevius.
895 2333 939 2363 sit
953 2333 1142 2372 exquisitius
1166 2332 1281 2362 altero.
1331 2333 1453 2363 Oblivio
1466 2334 1597 2364 diutur-

153 2376 246 2407 Infra
257 2375 384 2406 mentio
398 2375 627 2406 diuturnitatis
642 2375 676 2404 in
691 2375 751 2405 hac
766 2385 810 2408 re.
894 2375 1010 2405 nitatis
1034 2379 1096 2411 est,
1127 2384 1225 2413 quam
1248 2374 1446 2404 diuturnitas
1471 2374 1594 2406 adfert:

164 2432 166 2434 ·
194 2419 235 2450 60
257 2428 368 2449 eorum
395 2418 490 2458 imp.]
537 2417 650 2448 Intell.
689 2417 853 2448 lictorum.
896 2417 1006 2456 qualia
1019 2422 1097 2447 sunt
1123 2416 1208 2456 apud
1235 2416 1426 2447 Ciceronem
1451 2422 1485 2447 et
1501 2417 1595 2454 alios.

153 2461 215 2492 Sed
227 2460 260 2491 id
274 2461 356 2491 mihi
368 2461 487 2491 durum
501 2464 536 2490 et
547 2460 645 2490 nimis
659 2460 856 2490 invidiosum
897 2459 1048 2499 inprimis
1062 2463 1190 2500 poem,
1205 2458 1381 2499 permulta.
1415 2459 1467 2489 Sic
1482 2465 1516 2491 et
1530 2460 1595 2491 Ms.

153 2503 293 2534 videtur.
338 2502 454 2542 Itaque
487 2503 629 2542 glossam
661 2512 729 2532 esse
760 2508 854 2543 puto.
898 2501 961 2531 Gu.

153 2545 242 2576 Nam
257 2544 403 2585 profecto
417 2545 566 2576 fortunas
584 2554 652 2575 non
671 2545 854 2575 amiserunt
938 2545 978 2575 63
1000 2544 1217 2579 comitim-am,
1230 2541 1451 2584 judiciorum]
1470 2544 1532 2574 Pro
1537 2545 1598 2585 ju—

153 2587 306 2629 lictorum
321 2587 454 2617 illorum
467 2587 686 2618 consularium
699 2588 851 2627 imperio:
896 2586 1054 2616 diciorum
1093 2586 1252 2616 Asconius
1299 2585 1398 2616 habet
1431 2586 1597 2624 ludorum,

154 2631 335 2660 amiserunt
364 2631 453 2660 enim
486 2630 521 2660 in
554 2629 676 2666 Sicilia,
703 2631 853 2670 praetoris
897 2629 976 2659 item
1003 2627 1075 2658 edd.
1108 2628 1143 2658 P.
1172 2627 1329 2665 Manutii,
1353 2627 1428 2658 Aldi
1455 2631 1597 2669 nepotis,

154 2671 262 2703 Verris
275 2672 410 2711 injuria:
434 2672 552 2702 Romae
568 2672 654 2710 juris
673 2673 723 2702 sui
743 2672 854 2712 deplo-
898 2681 969 2710 quae
983 2671 1081 2701 lectio
1095 2680 1172 2700 vera
1185 2676 1245 2700 est.
1278 2670 1597 2710 Quare-indiciorum

155 2714 248 2744 randi
262 2719 459 2755 potestatem
478 2715 651 2744 amittunt.
897 2722 1010 2743 caussa
1048 2713 1188 2743 Romam
1224 2714 1360 2743 veniant
1389 2713 1594 2753 frequentes?

197 2756 234 2786 61
251 2756 477 2796 respondeant]
496 2756 675 2787 Lambinus
689 2754 791 2786 edidit
804 2766 855 2786 re·
897 2757 999 2786 innuo
1026 2754 1132 2792 ludos,
1160 2754 1216 2794 qui
1243 2755 1423 2792 instabant,
1450 2760 1598 2796 spectare

154 2799 314 2839 sponderi,
336 2799 422 2838 quod
444 2804 495 2829 est
513 2808 592 2829 sane
612 2798 731 2835 lenius,
753 2803 789 2828 et
808 2799 854 2828 sic
896 2797 1068 2828 volebant:
1092 2798 1183 2836 cujus
1196 2797 1389 2837 frequentia!
1401 2798 1506 2828 multa
1519 2806 1599 2828 sunt

155 2845 205 2870 est
227 2841 261 2870 in
280 2841 342 2870 Gu.
367 2841 422 2872 sed
443 2842 548 2871 sinene
565 2841 666 2871 etiam
689 2842 735 2871 sic
755 2840 854 2870 strui·
897 2839 1046 2879 exempla
1067 2840 1154 2879 apud
1179 2840 1370 2871 Ciceronem
1397 2845 1432 2872 et
1455 2839 1597 2871 Livium.

154 2887 231 2915 tur:
267 2889 301 2914 et
327 2884 539 2924 respondeant
564 2888 615 2914 est
640 2884 676 2914 in
701 2883 855 2914 omnibus
900 2883 1014 2922 ltaque
1030 2883 1146 2922 recepi.
