1907 3231
238 118 315 160 523
742 170 746 178 ἱ
834 121 1080 166 oRATio

236 227 351 268 diem
374 226 708 270 desideraretur:
741 226 879 282 neque
901 227 944 266 in
969 226 1020 265 iis
1043 223 1163 275 locis,
1185 223 1259 276 ubi
1290 237 1344 265 ex
1367 223 1680 268 consuetudine

234 286 525 339 quaerebatur,
548 284 824 335 inveniretur,
845 292 890 323 et
920 273 1190 338 Oppianicus
1209 281 1257 322 in
1283 281 1379 323 foro
1409 282 1679 324 Larinatium

234 339 471 395 dictitaret,
500 347 637 399 nuper
667 357 711 383 se
740 351 783 381 et
801 354 900 380 suos
922 339 1084 389 amicos
1118 347 1423 380 testamentum
1445 340 1538 395 ejus
1560 341 1678 382 obsi-

237 398 590 455 gnassezrliberti
623 397 779 447 Asinii,
810 405 853 437 et
883 395 1078 437 nonnulli
1110 396 1252 447 amici,
1275 397 1389 452 quod
1413 411 1463 437 eo
1482 397 1566 449 die,
1588 399 1676 455 quo

235 464 502 514 postremum
533 456 708 498 Asinius
731 454 846 494 visus
878 461 983 504 erat,
1005 451 1198 494 Avilium
1220 454 1319 494 eum
1341 469 1392 495 eo
1416 453 1561 506 fuisse,
1582 464 1627 496 et
1650 469 1677 495 a

233 515 381 557 multis
407 516 541 556 visum
563 527 653 555 esse
684 511 926 562 constabat,
947 510 1114 561 ineum
1136 510 1359 563 invadunt,
1380 522 1424 552 et
1453 512 1675 554 hominem

234 583 334 614 ante
355 574 481 629 pedes
513 573 569 618 Q.
591 568 780 618 Manilii,
805 567 878 624 qui
902 567 1113 609 winerat
1146 567 1357 620 triumvir,
1387 570 1674 610 constituunt.

233 629 379 686 Atque
398 629 466 670 ille
488 627 711 678 continuo,
733 625 850 666 nullo
873 634 996 677 teste,
1016 625 1132 666 nullo
1162 625 1318 677 indice,
1341 629 1522 669 recentis
1541 627 1673 669 male·

234 687 322 729 ficii
344 684 624 738 ¹conscientia
651 683 916 740 perterrituS,
953 683 1114 733 omnia,
1155 693 1203 724 ut
1243 697 1269 723 a
1300 697 1368 724 me
1389 683 1541 740 'paullo
1572 687 1673 726 ante

234 745 350 785 dicta
371 754 483 795 sunt,
507 742 703 799 exponit,
724 740 1011 796 Asiniumque
1037 741 1090 781 ab
1122 754 1180 792 se,
1213 739 1394 781 consilio
1423 741 1673 798 Oppianici,

169 808 220 843 39
236 801 508 842 interfectum
532 800 704 841 fatetur.
766 794 1023 839 Extrahitur
1053 797 1183 839 domo
1206 796 1384 839 latitans
1401 797 1671 854 Oppianicus

233 874 258 899 a
281 858 491 910 Manili03
523 858 652 899 index
687 855 855 897 Avilius
893 871 960 911 ex·
982 855 1113 897 altera
1149 865 1270 911 parte
1305 869 1451 897 coram
1486 857 1671 898 tenetur.

186 925 218 955 b.
234 915 426 972 Hiejam
449 916 552 972 quid
576 913 739 970 reliqua
758 913 951 970 quaeritis
970 916 982 956 ?
1015 912 1249 954 Manilium
1280 914 1472 970 plerique
1493 912 1670 955 noratis.

227 989 315 1015 non
336 974 404 1015 ille
431 973 638 1015 honorem
671 987 695 1012 a
718 971 915 1028 pueritia,
935 986 1022 1012 non
1045 971 1186 1012 studia
1216 971 1404 1023 virtutis,
1426 985 1514 1012 non
1536 970 1674 1027 ullum*

227 1032 561 1073 existimationis
599 1031 724 1071 bonae
762 1029 951 1070 fructum
981 1042 1186 1083 umquam
1219 1029 1458 1085 cogitaratg
1504 1028 1577 1070 sed
1614 1026 1703 1071 ex‘

226 1089 437 1146 petulanti
475 1099 604 1144 atque
640 1088 840 1143 improbo
870 1100 1028 1137 scurra,
1058 1086 1100 1126 in
1132 1086 1357 1128 discordiis
1388 1087 1594 1138 civitatis,
1615 1087 1670 1129 ad

225 1161 320 1188 eam
353 1147 614 1197 columnam,
647 1144 699 1185 ad
722 1159 851 1200 quam
880 1143 1112 1184 multorum
1136 1157 1250 1200 saepe
1279 1145 1482 1186 convitiis
1517 1143 1671 1200 perdu-

225 1213 320 1245 ctus
344 1214 450 1256 erat,
471 1208 615 1244 3ltum
647 1201 862 1257 suffragiis
896 1201 1044 1258 populi
1068 1211 1334 1257 pervenerat.
1396 1201 1550 1258 Itaque
1579 1215 1670 1244 rem

225 1277 324 1303 eum
349 1262 596 1318 Oppianico
620 1259 844 1315 transigit:
879 1259 1105 1314 pecuniam
1129 1259 1183 1299 ab
1205 1274 1256 1299 eo
1276 1259 1460 1316 accipit:
1493 1274 1668 1301 causam

223 1329 268 1360 et
296 1330 540 1376 susceptam
573 1327 617 1360 et
645 1318 919 1359 manifestam
954 1317 1171 1372 relinquit.
1231 1316 1297 1358 Ae
1328 1326 1421 1358 tum
1452 1318 1497 1358 in
1527 1316 1568 1358 O
1603 1317 1669 1373 pi-

223 1378 337 1419 aniei
370 1393 512 1429 causa,
546 1377 710 1417 crimen
744 1374 827 1416 hoc
860 1373 1118 1415 Asinianum
1154 1389 1251 1415 cum
1288 1375 1470 1416 testibus
1505 1374 1668 1426 mutis,

223 1444 315 1477 tuin
339 1450 439 1477 vero
463 1435 623 1476 indicio
654 1433 787 1474 Avilii
807 1433 1105 1488 probabatur:
1137 1432 1181 1472 in
1203 1447 1305 1487 quo,
1324 1433 1490 1474 winter
1510 1431 1669 1488 allega-

223 1503 306 1545 tos,
339 1493 573 1550 Oppianici
608 1504 779 1541 nornen,
813 1491 1000 1545 primum
1022 1503 1113 1529 esse
1143 1490 1386 1542 constabat,
1407 1490 1515 1546 ejuS‚
1537 1503 1667 1545 quem

223 1566 300 1592 vos
322 1551 525 1592 miserum
547 1557 676 1605 atque
696 1549 986 1598 innocentem,
1007 1546 1113 1588 falso
1129 1546 1299 1602 judicio
1321 1548 1666 1590 circumventum

224 1622 316 1649 esse
345 1609 504 1650 dicitis.

146 1667 215 1715 14
284 1666 431 1713 Quid?
462 1665 601 1707 aviam
626 1674 759 1714 tuam,
783 1662 1042 1720 Oppianice,
1068 1663 1268 1715 Dineam,
1299 1663 1370 1705 cui
1393 1674 1437 1705 tu
1460 1678 1504 1705 es
1525 1662 1663 1714 heres,

160 1741 214 1773 40
227 1735 347 1781 pater
362 1735 458 1765 tuus
483 1739 564 1764 non
591 1722 822 1763 manifesto
846 1721 1043 1763 necavit?
1075 1721 1127 1762 ad
1150 1736 1278 1776 qnam
1299 1736 1398 1763 eum
1415 1721 1666 1763 adduxisset
1701 1759 1705 1762 ,

223 1783 440 1823 medicum
480 1781 598 1822 illum
631 1794 769 1830 suum,
801 1779 897 1834 jam
939 1778 1179 1834 cognitum,
1213 1790 1257 1819 et
1289 1794 1404 1836 saepe
1439 1779 1666 1830 victorem,

219 1842 260 1871 33
275 1842 371 1896 [per
392 1854 519 1895 quem
543 1838 818 1879 interfecerat
851 1836 1094 1893 plurian,]
1118 1836 1270 1877 mulier
1291 1837 1521 1888 exclamat,
1543 1851 1587 1878 se
1608 1837 1665 1878 ab

218 1911 270 1938 eo
298 1896 414 1938 nullo
434 1896 564 1938 modo
587 1895 694 1937 velle
715 1895 871 1946 curari,
895 1904 1189 1949 quoeurante
1220 1909 1319 1936 suos
1350 1908 1499 1936 onmes
1523 1894 1667 1951 perdi-

217 1954 365 1996 disset.
424 1953 536 1995 Tum
568 1962 743 2010 repente
765 1950 1090 1993 Anconitanum
1113 1952 1344 2007 quendam,
1370 1952 1417 1993 L.
1442 1951 1664 2003 Clodium,

215 2011 597 2069 pharmacopolam
637 2009 1042 2059 circumforaneum,
1084 2010 1158 2064 qui
1196 2025 1296 2051 casu
1335 2021 1423 2050 tum
1457 2009 1662 2051 Larinum

217 2071 418 2122 venisset,
460 2068 725 2126 aggreditur,
767 2077 812 2108 et
853 2081 951 2108 eum
999 2081 1050 2108 eo
1100 2067 1198 2109 H-s
1235 2066 1576 2123 quadringentis,
1618 2066 1663 2109 id

217 2129 334 2181 quod
370 2128 502 2184 ipsius
538 2126 696 2168 tabulis
731 2134 823 2166 tum
854 2135 919 2165 est
949 2123 1308 2176 demonstratum,
1337 2125 1552 2181 transigit.

220 2186 415 2236 Clodius,
440 2185 513 2241 qui
537 2191 800 2242 properaret,
821 2183 890 2224 cui
914 2181 1009 2223 fora
1035 2183 1171 2224 multa
1201 2193 1424 2234 restarent,
1447 2181 1575 2223 simul
1596 2191 1682 2223 at-·

219 2258 304 2298 qne
337 2243 609 2284 introductus
640 2252 719 2290 est,
753 2255 841 2281 rem
875 2239 1091 2282 confecit:
1135 2241 1275 2297 prima
1300 2245 1478 2297 potione
1510 2239 1664 2281 mulie-

218 2315 307 2342 rem
341 2301 536 2342 sustulit:
576 2314 716 2354 neque
751 2308 902 2355 postea
935 2297 1079 2338 Larini
1109 2307 1320 2354 punctum
1350 2307 1416 2338 est
1453 2297 1661 2353 temporis

153 2369 524 2405 41eomm0ratus.
595 2356 757 2398 Eadem
801 2355 882 2396 hac
932 2353 1076 2396 Dinea
1114 2365 1418 2397 testamentum
1458 2354 1661 2406 faciente,

215 2431 313 2457 cum
339 2417 504 2458 tabulas
526 2415 824 2472 prehendisset
843 2412 1130 2468 OppianicuS,
1152 2414 1224 2468 qui
1243 2427 1375 2469 gener
1386 2411 1479 2468 eJus
1493 2411 1662 2467 fuisset,

212 2473 353 2530 digito
376 2474 519 2531 legata
541 2473 724 2515 delevit:
757 2481 816 2521 et,
847 2485 946 2512 eum
980 2470 1020 2511 id
1047 2470 1192 2512 multis
1216 2470 1321 2512 loeis
1345 2469 1530 2521 fecisset,
1560 2478 1660 2528 post

251 2628 286 2657 31
315 2630 383 2656 tum
403 2625 503 2667 quff'r.
519 2635 555 2666 p.
578 2624 790 2666 pervenerat]
827 2623 859 2654 T
858 2633 913 2654 tem
999 2625 1040 2655 3‘2
1072 2625 1161 2655 ‘inter
1188 2622 1361 2663 allega-tos]
1394 2622 1459 2663 Qui
1482 2623 1523 2655 ad
1551 2623 1659 2664 ipsum

207 2679 266 2710 pro
281 2678 353 2698 cum
380 2670 463 2699 edidi
481 2680 519 2698 ex
535 2668 608 2699 edd.
631 2678 680 2708 pr.
707 2670 797 2698 1450.
821 2666 910 2698 Med.
956 2667 1045 2700 missi
1065 2673 1177 2704 erant,
1197 2673 1235 2697 ut
1249 2676 1323 2697 cum
1340 2676 1380 2696 eo
1400 2667 1441 2697 de
1460 2677 1498 2696 eo
1514 2666 1660 2697 facinore

206 2711 303 2741 dunt.
328 2711 402 2741 ΑΜ.
426 2712 512 2742 Ἠοῖ.
558 2711 611 2741 Sic
629 2718 662 2740 et
686 2710 750 2740 ΜΞ.
768 2710 817 2740 Fr.
843 2710 912 2749 pla-
955 2715 1091 2748 agerent
1120 2721 1158 2741 ae
1183 2710 1416 2749 trmisigerent.
1442 2719 1474 2739 v.
1503 2707 1596 2740 Clav.
1623 2708 1663 2738 in.

207 2754 343 2793 cuitque
359 2754 502 2789 Gra’vio,
518 2757 691 2793 recepturo
714 2753 748 2782 in
765 2758 919 2788 textum,
955 2751 987 2781 h.
1004 2761 1034 2782 v,
1171 2776 1175 2780 .

203 2797 231 2826 si
266 2796 338 2826 edd.
374 2800 455 2826 vett.
486 2795 676 2835 diligentius
703 2795 908 2835 inspexisset.
996 2796 1036 2824 33
1057 2803 1119 2834 per
1141 2804 1235 2833 quem
1257 2791 1371 2833 intest:
1393 2793 1504 2833 phun]
1532 2793 1613 2824 Haec
1624 2795 1660 2824 et

204 2849 280 2871 eum
305 2839 431 2878 primus
455 2837 543 2868 dedit
568 2838 603 2868 P.
619 2837 792 2868 Manutius
818 2839 908 2868 1540.
952 2836 1022 2876 ipsa
1036 2836 1147 2876 spuria
1161 2847 1235 2867 cum
1247 2836 1364 2866 Lamb.
1383 2835 1659 2877 Gruterojudico.

203 2881 268 2912 Sed
281 2887 332 2913 est
348 2881 435 2916 forte
449 2882 567 2911 vitium
581 2889 766 2922 operarum.
953 2888 1013 2910 nec
1028 2879 1112 2910 bene
1125 2879 1271 2912 defendit
1286 2878 1445 2911 uram-ius.
