1907 3231
464 112 586 151 ACT.
615 112 666 150 II.
710 110 900 149 LIBER
925 108 1208 150 QUINTUS.
1473 107 1557 153 417'

109 222 263 258 statem
287 215 456 268 habuit,
489 230 588 257 cum
620 225 880 267 commeatu,
914 213 1138 271 Syracusis
1170 213 1435 254 remanserit.
1466 213 1549 255 iste

105 281 223 313 certe
242 287 381 330 neque
403 273 594 329 prodidit
624 274 817 324 classem,
838 287 977 330 neque
1005 282 1123 313 metu
1148 270 1396 325 perterritus
1417 270 1545 327 fugit,
1557 284 1589 320 b,

107 342 247 384 neque
266 332 505 372 exercitum
529 331 731 372 deseruit.
792 331 963 372 Etenim
988 339 1090 371 tunc
1118 337 1230 369 esset
1252 327 1334 368 hoc
1354 328 1548 369 animad-

107 397 292 438 versum,
325 403 425 429 cum
458 388 606 429 classis
645 389 874 445 Syracusis*
897 387 1264 445 proficiscebatur.
1327 384 1369 427 Is
1402 394 1547 426 tamen

107 442 153 483 in
180 445 329 486 eadem
359 460 488 486 causa
516 446 614 497 fuit,
641 448 762 502 quasi
794 457 906 488 esset
937 446 980 486 in
1018 445 1163 500 aliquo
1190 441 1422 484 manifesto
1458 456 1549 482 sce-

108 499 194 541 lere
230 502 546 558 deprehensus;
586 503 630 545 in
665 519 792 559 quem
831 518 885 545 ne
920 503 1030 544 falso
1061 501 1236 558 quidem
1273 513 1404 540 causa
1443 513 1549 539 con-

109 557 212 598 ferri
231 559 424 601 criminis
455 562 612 618 potuit.
674 562 774 603 Fuit
808 562 851 603 in
888 561 970 602 illis
999 559 1225 601 navarchis
1257 555 1548 598 Heracliensis
1563 569 1635 603 112

105 615 282 668 quidam
330 617 499 670 Furius,
543 622 585 652 98
597 623 716 672 (nam
768 619 932 662 habent
981 618 1040 659 illi
1091 614 1298 658 nonnulla
1346 614 1550 669 hujusce-

105 673 225 714 modi
250 674 405 716 Latina
434 676 646 728 nomina)
676 677 873 728 291τιοηιο,
908 675 1113 731 quamdiu
1146 673 1273 724 vixit,
1297 671 1415 713 domi
1446 686 1550 722 suae,

105 742 194 770 non
227 732 366 774 solum
400 744 498 789 post
532 745 732 784 mortem,
763 743 855 775 tota
883 733 1031 774 Sicilia
1061 732 1199 773 clarus
1234 740 1278 771 et
1306 729 1479 771 nobilis.
1507 730 1555 770 in

103 801 192 841 quo
213 788 390 832 homine
421 800 594 834 tantum
621 792 753 833 animi
775 791 874 842 fuit,
897 805 984 831 non
1016 789 1151 830 solum
1180 797 1228 829 ut
1256 787 1387 828 istum
1419 786 1553 828 libere

104 842 307 899 laederet3
351 863 450 890 nam
493 849 538 890 id
578 849 767 906 quidem,
810 847 1015 903 quoniam
1055 844 1327 887 moriendum
1361 844 1551 896 videbat,

104 901 197 943 sine
219 905 411 959 periculo
430 906 634 948 sefacere
652 905 946 962 intelligebat:
970 918 1134 954 verum,
1153 911 1291 943 morte
1314 902 1550 958 proposita,

102 973 203 1001 eum
235 961 475 1019 lacrymans
501 963 545 1005 in
567 971 738 1005 carcere
769 973 906 1004 mater
935 971 1084 1004 noctes
1115 961 1292 1015 diesque
1329 959 1549 1009 assideret,

104 1016 400 1061 defensionem
422 1036 563 1063 causae
587 1036 675 1063 suae
698 1024 739 1052 3⁰
752 1020 948 1078 scripsit:
981 1033 1110 1075 quam
1133 1032 1247 1059 nunc
1270 1031 1398 1058 nemo
1419 1026 1484 1058 est
1507 1017 1551 1057 in

107 1073 270 1127 Sicilia,
291 1078 396 1133 quin
417 1077 590 1129 habeat,
612 1079 716 1134 quin
740 1078 869 1134 legat,
891 1078 995 1134 quin
1021 1077 1082 1118 tui
1113 1075 1282 1117 sceleris
1304 1083 1348 1115 et
1369 1074 1552 1116 crudeli-

104 1132 208 1173 tatis
226 1147 283 1175 ex
313 1134 386 1176 ilia
406 1136 601 1177 oratione
621 1136 943 1178 commonefiat.
977 1136 1018 1176 in
1046 1149 1132 1190 qua
1152 1133 1294 1184 docet,
1316 1142 1424 1188 quot
1445 1147 1470 1172 a
1489 1133 1552 1173 ci-

102 1189 238 1231 vitate
259 1207 336 1233 sua
355 1203 508 1234 nautas
530 1194 769 1250 acceperit:
802 1203 924 1249 quot,
946 1202 989 1234 et
1016 1191 1166 1247 quanti
1189 1204 1403 1246 quemque
1424 1190 1553 1230 dimi-

102 1247 230 1290 serit:
254 1259 364 1305 quot
384 1265 530 1292 secum
553 1251 777 1292 habuerit:
811 1251 914 1291 item
944 1250 998 1291 de
1027 1249 1180 1290 ceteris
1212 1248 1394 1288 navibus
1417 1247 1550 1288 dicit:

101 1319 201 1359 quae
223 1320 323 1348 cum
352 1309 468 1365 apud
500 1318 541 1350 te
568 1309 746 1359 diceret,
769 1308 902 1364 virgis
923 1306 1037 1348 oculi
1061 1306 1410 1347 verberabantur.
1474 1304 1552 1344 Ilie

101 1371 244 1404 morte
272 1366 509 1422 proposita,
543 1366 669 1407 facile
707 1365 900 1408 dolorem
934 1364 1129 1420 corporis
1161 1363 1428 1419 patiebatur:
1464 1361 1552 1402 cla-

101 1420 266 1473 mahat,
299 1422 342 1464 id
380 1424 497 1477 quod
532 1424 741 1479 scriptum
778 1422 965 1478 reliquit,
996 1421 1174 1462 Facinus
1207 1435 1282 1460 esse
1319 1419 1549 1475 indign-um,

92 1475 191 1530 plus
209 1478 530 1535 ismpadicz'ssimae
551 1480 732 1522 mulieris
751 1480 864 1535 apud
883 1487 922 1521 te
941 1478 989 1520 de
1013 1477 1237 1520 Cleomenis
1259 1476 1403 1528 salute,
1426 1491 1549 1532 quam

100 1533 150 1575 de
175 1550 248 1577 sua
269 1536 357 1578 vita
379 1536 580 1595 lacrymas
607 1538 751 1579 matris
770 1536 919 1579 valere.
981 1536 1152 1582 Deinde
1184 1535 1315 1576 etiam
1349 1534 1453 1575 illud
1485 1535 1548 1574 vi·
1565 1543 1634 1576 113

99 1591 185 1633 deo
212 1607 307 1636 esse
333 1595 514 1648 dictum,
551 1596 682 1652 quod,
715 1596 804 1636 3¹si
839 1603 955 1636 recte
988 1609 1064 1635 vos
1103 1592 1288 1649 populus
1324 1591 1548 1632 Romanus

100 1652 326 1707 cognovit,
348 1667 436 1694 non
459 1653 569 1695 falso
589 1653 659 1695 ille
683 1653 778 1708 jam
806 1653 849 1694 in
882 1653 976 1709 ipsa
1000 1665 1139 1692 morte
1160 1651 1214 1691 de
1235 1649 1360 1690 vobis
1391 1649 1552 1705 praedi-

100 1707 242 1751 cavit:
291 1709 390 1752 Non
421 1725 537 1766 posse
578 1710 756 1762 Verrem,
795 1717 908 1751 testes
941 1707 1233 1764 incetficz'endo,
1267 1706 1442 1748 crimina
1477 1721 1551 1747 sm:

101 1765 377 1822 exstinguere:
403 1769 636 1825 graviorem
665 1767 779 1823 apud
795 1768 992 1823 sapientes
1004 1766 1167 1824 judices
1187 1779 1225 1806 se
1240 1763 1342 1821 fore
1369 1765 1422 1805 ab
1443 1763 1552 1820 inje-

100 1823 158 1865 rz's
178 1829 328 1876 testem,
349 1840 473 1882 quam
491 1826 526 1867 si
545 1826 662 1868 vivus
687 1826 732 1867 in
748 1825 959 1883 judicium
981 1823 1295 1880 produceretur:
1328 1829 1428 1871 tum,
1449 1837 1550 1863 ova-

100 1882 208 1924 ricz'ae
233 1881 376 1935 solum,
407 1883 443 1924 si
468 1884 621 1925 viveret
631 1901 645 1935 ,-
680 1898 801 1934 nunc,
831 1898 920 1925 cum
948 1882 1010 1923 ita
1042 1889 1136 1924 esset
1168 1887 1344 1930 necatus,
1376 1878 1547 1930 sceleris,

99 1939 296 1991 medonem,
329 1940 582 1984 crudelitatis
616 1949 752 1984 testem
777 1939 894 1997 fore.
954 1940 1056 1982 Jam
1088 1939 1159 1981 illa
1196 1937 1416 1994 praeclara,
1450 1933 1679 1977 Naar-2⁵⁹·

100 1998 260 2040 testium
289 1997 406 2039 modo
435 2006 630 2050 catervas,
659 2013 750 2041 cum
779 2006 851 2040 tua
882 2012 943 2039 res
973 2003 1175 2054 ageretur,
1203 1994 1271 2035 sed
1297 2010 1321 2036 α
1351 1994 1428 2034 (liis
1460 2009 1547 2034 wm-
1558 1985 1587 2005 ‘³'

98 2055 218 2098 uibus
245 2059 287 2089 32
300 2055 574 2098 innocentium
598 2056 764 2108 Poenas,
792 2055 1154 2111 sceleratorzmzque
1182 2052 1326 2094 Furias
1359 2052 1401 2092 in
1435 2059 1549 2092 tuum

844 2181 1030 2216 Manutius,
1047 2185 1081 2210 et
1102 2179 1142 2209 ad
1166 2178 1254 2209 domi
1279 2187 1345 2207 suoe
1368 2176 1549 2207 referendo.

844 2223 917 2262 Ego
939 2222 1117 2253 delendum
1143 2229 1225 2262 puto
1243 2230 1319 2251 cum
1334 2220 1475 2250 Graevio.
1522 2218 1549 2249 E

845 2275 932 2305 seqq.
946 2265 1011 2295 huc
1028 2265 1191 2305 migravit.

138 2183 180 2212 28
203 2190 285 2212 nam
298 2182 418 2212 habent
432 2182 633 2213 illi—latina
646 2180 794 2220 nomina]

97 2223 184 2255 Mihi
198 2223 261 2254 hoc
283 2233 352 2254 non
365 2224 495 2254 videtur
508 2233 576 2255 esse
596 2235 616 2255 a
631 2224 800 2254 Cicerone.

99 2266 188 2297 Nam
202 2265 394 2297 commodus
416 2276 529 2297 sensus
551 2276 620 2297 non
636 2271 697 2297 est.
743 2267 802 2296 Et-

95 2309 187 2339 enim
213 2309 285 2348 quis
304 2308 367 2339 hoc
388 2310 555 2340 nesciebat
575 2309 714 2340 Romae?
743 2318 803 2339 nec

96 2352 297 2390 ignorabant
309 2361 455 2389 causam,
468 2361 586 2392 nempe
602 2353 707 2391 ajure
722 2352 800 2381 civi-

95 2394 177 2424 tatis
192 2394 287 2425 Rom.
303 2395 390 2433 quod
404 2394 577 2435 permultis
590 2394 706 2424 datum
718 2399 801 2425 erat.

97 2436 176 2477 Ejus
191 2437 319 2476 generis
333 2437 485 2477 exempla
497 2437 593 2478 plura
607 2437 641 2467 in
655 2437 802 2477 superio-

98 2479 188 2509 ribus
209 2479 361 2510 vidimus.
407 2480 468 2510 Est
491 2489 583 2519 ergo,
605 2484 645 2509 ut
670 2479 801 2520 opinor,

99 2525 181 2552 nota
204 2521 348 2553 hominis
377 2532 446 2553 nou
478 2524 558 2553 satis
597 2521 698 2558 docti,
726 2531 800 2561 quae

95 2573 115 2593 e
130 2564 278 2603 margine
300 2565 335 2595 in
349 2569 480 2596 textum
495 2565 597 2596 venit.
642 2564 800 2595 Ceterum

96 2606 250 2646 exempla
285 2607 351 2638 alia
393 2608 568 2638 nominum
616 2606 799 2638 latinorum

95 2647 200 2678 etiam
241 2649 356 2688 graecis
396 2650 579 2680 mixtorum
620 2654 802 2680 occurrunt

96 2690 135 2763 {¹1²
155 2691 265 2721 numis
283 2696 319 2723 et
340 2692 618 2733 inscriptionibus.
635 2702 664 2724 v.
684 2692 800 2723 Burin.

130 2755 138 2762 .
155 2732 193 2763 C.
206 2733 247 2763 ad
259 2733 357 2764 inser.
371 2735 434 2765 Sic.
447 2747 478 2776 p.
492 2736 564 2766 565.

138 2777 180 2809 29
201 2776 422 2807 homo—duma·
435 2787 514 2815 suoe,
528 2788 594 2808 non,
605 2779 711 2808 solum
727 2781 802 2817 post

96 2817 160 2857 m]
197 2817 294 2848 Varie
321 2823 459 2851 tentant
484 2819 569 2851 illud
593 2830 658 2850 non
681 2821 800 2856 solum,

95 2859 374 2900 interpungendo,
390 2872 454 2894 mm
469 2862 688 2903 detrahendo,
705 2869 743 2894 ut
765 2863 800 2892 P.

156 2916 266 2945 voL.
291 2917 346 2945 11.

889 2310 930 2338 30
952 2308 1095 2348 scripsit]
1116 2308 1187 2338 Nisi
1205 2304 1390 2337 ἀνωκὸλεθον
1405 2309 1468 2341 est,
1484 2303 1549 2343 leg.

843 2351 1019 2390 scripserit.

886 2396 923 2424 31
948 2393 975 2423 ,π’
990 2397 1076 2422 recte
1095 2402 1149 2422 vos
1165 2391 1208 2422 P.
1226 2390 1269 2421 R.
1284 2388 1447 2428 cognovit]
1475 2388 1548 2419 Hoc

844 2436 930 2466 forte
943 2445 1013 2465 non
1025 2435 1105 2464 satis
1120 2434 1286 2473 intellig0‚
1300 2442 1360 2463 nec
1375 2432 1548 2471 quisquam

844 2478 1029 2518 explicavit.
1074 2477 1107 2507 Si
1123 2477 1161 2507 de
1178 2475 1426 2515 magistratibus
1439 2483 1548 2505 sermo

842 2526 941 2556 esset,
956 2520 1060 2550 facilis
1076 2525 1161 2550 esset
1176 2517 1425 2557 interpretatio:
1446 2517 1547 2547 refer—

843 2572 936 2594 retur
959 2563 1048 2592 enim
1076 2562 1117 2592 ad
1135 2561 1299 2600 judicium
1318 2559 1432 2600 populi
1449 2560 1483 2590 in
1506 2559 1554 2589 iis-

844 2605 1001 2636 creandis.
1045 2604 1184 2634 Videtur
1206 2603 1370 2643 pertinere
1395 2601 1437 2632 ad
1455 2601 1545 2640 judi-

843 2649 931 2678 cium
947 2646 1060 2687 populi
1075 2647 1115 2677 de
1138 2647 1188 2677 his
1203 2644 1383 2684 judicibus,
1398 2654 1474 2675 cum
1488 2653 1548 2684 per

843 2692 1054 2721 sortitionem
1065 2696 1100 2720 et
1115 2686 1388 2720 subsortitionem
1403 2687 1481 2717 lecti
1499 2696 1549 2718 es-

845 2739 929 2764 sent.

887 2778 928 2807 32
949 2773 1170 2806 innocentium
1185 2772 1319 2809 Poenas,
1343 2782 1386 2803 sc.
1408 2769 1544 2810 Furias]

847 2818 958 2849 Paenae
978 2823 1013 2848 et
1034 2815 1146 2848 Furz‘oe
1168 2826 1202 2846 re
1220 2815 1342 2846 eaedem
1365 2820 1454 2844 sunt.
1499 2814 1547 2842 Si-

845 2861 1033 2902 militerque
1057 2860 1094 2891 in
1116 2859 1225 2890 Pison.
1246 2861 1298 2895 Ξῖ.
1319 2862 1355 2888 a!
1378 2856 1509 2890 Poena!
1531 2865 1557 2910 Ξ.

786 2917 864 2946 Ee
