1907 3231
246 122 296 162 50
835 126 1082 168 ORATIO

249 229 354 269 urbe
386 229 588 272 sicarios?
621 231 665 272 Si
689 229 887 284 Ameria,
918 233 989 289 qui
1020 244 1117 275 sunt
1147 234 1223 275 hi?
1251 247 1327 275 eur
1347 247 1434 274 non
1457 232 1680 274 nominan-

250 288 345 326 tur?
395 287 439 328 Si
482 287 645 339 Roma3
685 290 796 330 unde
833 305 905 331 eos
940 301 1112 332 noverat
1155 291 1352 341 Roscius,
1385 291 1457 346 qui
1496 291 1677 330 Romam

249 342 394 383 multis
432 345 554 385 annis
586 360 671 386 non
706 347 837 397 venit,
867 362 1004 402 neque
1037 362 1238 403 umquam
1274 347 1365 403 plus
1397 347 1537 388 triduo
1571 346 1682 387 fuit?

251 399 322 440 ubi
345 415 418 441 eos
440 403 670 443 convenit?
700 403 874 458 quicum
897 404 1063 445 locutus
1086 407 1178 445 est?
1208 405 1423 460 quomodo
1449 403 1680 459 persuasit?

250 456 443 498 Pretium
485 459 630 500 dedit?
669 461 736 500 cui
771 460 915 502 dedit?
958 475 1033 516 per
1064 476 1190 516 quem
1224 461 1370 502 dedit?
1401 463 1578 511 ⁴ssunde,
1607 469 1682 500 aut

248 524 455 569 quantum
479 516 623 558 dedit?
655 531 795 558 nonne
825 517 891 558 his
916 519 1106 574 vestigiis
1132 518 1184 558 ad
1207 526 1337 573 caput
1366 517 1562 558 maleficii
1586 531 1681 573 per-

250 571 385 611 veniri
410 572 543 613 solet?
574 583 617 613 et
648 574 771 614 simul
797 574 873 614 tibi
908 574 948 613 in
973 583 1161 615 mentem
1185 575 1342 625 veniat,
1363 575 1510 625 facito,
1533 588 1683 629 quem-

251 628 483 670 admodum
508 630 637 669 vitam
661 631 839 685 hujusce
861 630 1130 686 depinxeris:
1165 631 1278 672 hunc
1303 630 1520 672 hominem
1545 630 1682 671 ferum

254 693 382 740 atque
415 695 624 742 agrestem
661 688 814 728 fuisse:
848 702 1081 743 numquam
1119 703 1217 728 eum
1256 688 1430 729 homine
1465 701 1684 743 quoquam

192 744 240 782 75
254 743 513 784 collocutum
536 757 649 785 esse:
682 759 915 799 numquam
948 745 988 786 in
1013 745 1173 801 oppido
1195 745 1452 786 constitisse.
1512 745 1612 792 Qua
1640 743 1685 784 in

254 814 298 840 re
328 809 535 855 praetereo
559 801 675 852 illud,
699 802 813 857 quod
846 802 951 843 mihi
985 803 1174 843 maximo
1196 811 1448 857 argumento
1471 802 1523 843 ad
1554 801 1684 857 hujus

251 856 542 898 innocentiam
584 868 752 913 poterat
794 873 898 909 esse,
940 860 981 900 in
1025 859 1193 900 rusticis
1233 859 1439 909 moribus,
1481 859 1525 900 in
1564 858 1682 900 victu

251 914 385 964 arido,
419 915 461 955 in
497 914 577 955 hac
607 915 779 956 horrida
811 915 1054 971 incultaque
1086 917 1174 957 vita
1203 915 1444 956 istiusmodi
1475 914 1687 956 maleficia

253 971 374 1026 gigni
400 986 485 1012 non
517 971 663 1013 solere.
724 973 786 1014 Ut
814 987 900 1013 non
923 988 1092 1014 omnem
1116 973 1300 1028 frugem,
1321 987 1460 1028 neque
1489 973 1685 1013 arborem

253 1028 295 1068 in
319 1029 434 1069 omni
458 1043 561 1084 agro
584 1030 767 1085 reperire
788 1030 952 1084 possis;
982 1030 1042 1071 sic
1066 1045 1150 1071 non
1172 1045 1299 1071 omne
1318 1029 1484 1071 facinus
1505 1029 1547 1070 in
1567 1027 1687 1070 omni

253 1084 343 1125 vita
362 1086 566 1126 nascitur.
606 1085 657 1126 In
680 1087 784 1126 urbe
806 1086 995 1127 luxuries
1017 1096 1209 1129 creatur:
1239 1101 1292 1128 ex
1316 1086 1486 1128 luxuria
1505 1086 1688 1127 exsistat

254 1142 433 1182 avaritia
472 1156 644 1184 necesse
681 1153 768 1184 est:
800 1158 853 1184 ex
893 1144 1072 1185 avaritia
1108 1152 1302 1199 erumpat
1343 1143 1545 1185 audacia:
1585 1142 1687 1184 inde

143 1199 400 1245 xum-omnia
437 1199 593 1240 scelera
630 1214 678 1241 ac
718 1199 928 1241 maleficia
965 1201 1217 1258 gignuntur.
1278 1200 1378 1242 Vita
1411 1209 1553 1241 autem
1591 1199 1689 1241 haec

212 1257 241 1276 ²²·
257 1256 427 1307 rustica,
457 1271 585 1312 quam
617 1267 664 1298 tu
695 1269 906 1313 agrestem
941 1273 1082 1309 vocas,
1112 1257 1399 1314 parsimoniae,
1434 1256 1688 1313 diligentiae,

173 1303 435 1367 QSjustitiae
457 1315 663 1369 magistra
683 1325 761 1355 est.
787 1314 943 1355 Verum
967 1315 1061 1356 baec
1080 1316 1209 1355 missa
1226 1315 1354 1355 facio.
1386 1313 1496 1355 Illud
1515 1327 1687 1369 quaero:

193 1375 244 1413 70·
259 1371 291 1410 is
314 1369 459 1421 homo,
481 1372 569 1425 qui,
592 1381 639 1412 ut
662 1381 752 1412 tute
776 1372 898 1422 dieis,
921 1387 1155 1427 numquam
1187 1372 1296 1412 inter
1326 1371 1522 1413 homines
1543 1370 1688 1420 fuerit,

258 1441 331 1482 per
361 1442 467 1482 quos
499 1428 692 1469 homines
724 1429 806 1469 hoc
839 1438 1004 1470 tantum
1036 1430 1216 1480 facinus,
1240 1438 1328 1470 tam
1358 1428 1591 1479 occultum,
1611 1428 1688 1469 ab-

257 1497 351 1524 sens
383 1485 634 1540 praesertim,
660 1485 872 1527 conficere
905 1487 1120 1542 potuerit?
1169 1485 1314 1527 Multa
1344 1494 1443 1526 sunt
1473 1485 1591 1535 falsa,
1615 1484 1691 1540 ju-

254 1542 384 1592 dices,
408 1557 504 1597 quae
536 1551 680 1583 tamen
711 1543 830 1599 argui
864 1544 1096 1599 suspiciose
1127 1554 1320 1599 possunt.
1352 1543 1395 1584 in
1418 1543 1484 1584 his
1506 1543 1631 1584 rebus
1653 1541 1690 1583 si

255 1599 442 1655 suspicio
464 1609 631 1655 reperta
651 1601 745 1651 erit,
768 1599 936 1656 culpam
960 1601 1096 1642 inesse
1117 1601 1365 1642 concedam.
1409 1600 1562 1641 Romae
1586 1599 1692 1642 Sex.

258 1656 440 1698 Roscius
463 1657 688 1707 occiditur,
703 1672 801 1698 cum
824 1657 868 1698 in
890 1672 994 1714 agro
1015 1657 1219 1699 Amerino
1237 1667 1348 1698 esset
1366 1657 1492 1699 filius.
1511 1657 1690 1708 litteras,

254 1714 396 1764 credo,
427 1714 546 1754 misit
583 1714 710 1755 alicui
750 1715 918 1765 sicario,
952 1717 1024 1770 qui
1061 1714 1214 1757 Romae
1247 1723 1425 1756 noverat
1457 1714 1690 1756 neminem.

255 1771 491 1811 Arcessivit
522 1770 720 1826 aliquem.
744 1781 788 1812 at
809 1772 1008 1826 quando?
1042 1772 1255 1814 Nuntium
1276 1772 1408 1813 misit.
1430 1773 1586 1828 quem?
1615 1780 1690 1813 aut

255 1828 307 1869 ad
339 1831 494 1882 quem?
529 1828 688 1880 Pretio,
722 1829 873 1885 gratia,
906 1843 994 1885 spe,
1025 1830 1244 1885 promissis
1275 1828 1448 1870 induxit
1477 1828 1693 1884 aliquem?

255 1884 363 1926 nibil
386 1885 537 1926 horum
559 1900 613 1926 ne
634 1886 825 1942 confingi
857 1887 1030 1942 quidem
1057 1897 1199 1943 potest
1219 1905 1228 1929 :
1260 1896 1303 1928 et
1326 1896 1467 1928 tamen
1489 1885 1691 1928 causa-de

257 1942 486 1998 parricidio
509 1943 679 1984 dicitur.
742 1943 973 1999 Reliquum
997 1953 1074 1995 est,
1097 1953 1145 1985 ut
1176 1959 1250 2001 per
1279 1958 1422 1985 servos
1443 1943 1486 1984 id
1508 1943 1691 1984 admise-

193 2001 245 2039 77
257 1999 328 2040 rit.
388 1999 429 2041 O
451 2000 509 2041 dii
533 2000 815 2042 immortales!
848 2015 936 2041 rem
960 2002 1157 2042 miseram
1182 2011 1224 2043 et
1245 2000 1552 2043 calamitosam.
1575 2000 1691 2056 quod

257 2057 301 2097 in
325 2057 397 2097 tali
420 2057 598 2098 crimine
629 2058 848 2099 innocenti
871 2058 995 2100 saluti
1019 2059 1125 2100 solet
1147 2073 1252 2110 esse,
1273 2068 1322 2100 ut
1343 2073 1486 2099 servos
1508 2058 1552 2098 in
1573 2072 1693 2113 quae-

256 2114 440 2155 stionem
471 2114 736 2171 polliceatur,
768 2115 811 2156 id
843 2115 944 2157 Sex.
977 2115 1138 2157 Roscio
1170 2117 1310 2157 facere
1338 2130 1425 2157 non
1456 2115 1571 2157 licet.
1599 2128 1693 2167 vos,

254 2172 329 2226 qui
362 2171 477 2213 hunc
511 2173 736 2223 accusatis,
759 2187 906 2214 omnes
931 2174 1022 2229 ejus
1054 2188 1197 2215 servos
1230 2174 1410 2215 habetis.
1433 2186 1542 2214 unus
1573 2185 1693 2229 puer,

256 2228 395 2269 victus
426 2229 667 2285 quotidiani
699 2229 962 2282 administer,
985 2245 1039 2272 ex
1071 2240 1192 2272 tanta
1222 2231 1383 2272 familia
1404 2230 1506 2272 Sex.
1533 2228 1694 2270 Roscio

255 2286 427 2326 relictus
457 2301 544 2327 non
574 2296 652 2337 est.
713 2285 774 2328 Te
804 2301 919 2329 nunc
942 2288 1125 2344 appello,
1153 2289 1202 2329 P.
1225 2288 1387 2344 Scipio,
1411 2297 1467 2339 te,
1495 2285 1695 2328 Metelle:

258 2343 380 2384 vobis
419 2343 653 2396 advocatis,
693 2344 816 2384 vobis
859 2347 1101 2401 agentibus,
1140 2346 1364 2401 aliquoties
1403 2345 1510 2386 duos
1548 2357 1692 2385 servos

258 2410 458 2455 paternos
483 2401 525 2442 in
548 2401 830 2456 quaestionem
855 2403 908 2444 ab
931 2403 1180 2444 adversariis
1199 2403 1313 2444 Sex.
1341 2402 1523 2443 Roscius
1545 2410 1694 2457 postu-

258 2458 377 2498 lavit.
437 2457 737 2499 Meministine
760 2468 817 2510 te,
838 2459 889 2501 Τ.
915 2459 1062 2511 Rosci,
1086 2462 1305 2501 recusare?
1338 2459 1483 2506 Quid?
1521 2458 1551 2498 ii
1583 2457 1693 2498 servi

258 2515 333 2556 ubi
377 2517 503 2556 sunt?
547 2515 896 2572 Chrysogonum,
932 2517 1117 2572 judices,
1159 2526 1401 2558 sectantur:
1443 2515 1557 2571 apud
1595 2528 1696 2556 eum

259 2580 359 2612 sunt
382 2571 424 2612 in
448 2571 608 2613 honore
629 2582 673 2614 et
705 2573 750 2614 in
783 2575 936 2629 pretio.
997 2573 1139 2615 Etiam
1162 2589 1291 2625 nunc,
1315 2584 1362 2614 ut
1393 2588 1448 2615 ex
1479 2572 1545 2613 his
1575 2586 1695 2627 quae-

260 2637 390 2678 ratur,
412 2643 494 2684 ego
517 2629 712 2685 postulo;
744 2630 815 2671 hic
837 2641 930 2672 orat
960 2642 1088 2687 atque
1112 2633 1323 2674 obsecrat.
1384 2630 1502 2678 Quid
1525 2629 1696 2670 facitis?

196 2692 247 2730 78
261 2700 335 2726 cur
364 2686 595 2727 recusatis?
628 2686 838 2729 Dubitate
858 2689 989 2730 etiam
1019 2703 1148 2738 nunc,
1171 2688 1357 2744 judiceS,
1384 2688 1416 2728 si
1445 2686 1640 2744 potestiS,
1670 2699 1695 2726 a

301 2828 341 2856 42
364 2826 461 2863 unde,
475 2831 534 2857 out
548 2831 707 2867 quantum
721 2828 822 2868 dedit]
854 2828 958 2867 Unde,
1001 2829 1116 2867 alium,
1136 2839 1208 2869 qnae
1229 2836 1263 2860 et
1280 2839 1337 2870 per
1355 2828 1620 2864 attributionem,
1639 2835 1699 2867 per

261 2868 282 2897 i.
303 2878 331 2898 e.
349 2878 367 2899 a
383 2878 460 2910 quo,
474 2870 618 2910 pertinet
632 2869 672 2903 ad
685 2870 884 2902 solutionem
901 2882 960 2914 pex·
1001 2873 1197 2915 scripturam
1209 2872 1338 2904 dicitur.
1352 2882 1383 2903 v,
1396 2871 1487 2903 Clav.
1501 2869 1538 2901 in'
1548 2869 1644 2901 unde.
