1907 3231
290 139 341 174 28
872 136 1131 177 ORATIO

292 239 431 295 tisque
463 238 565 282 Sex.
587 233 746 293 Naevii,
784 241 924 298 quivis
967 250 1110 300 potest
1146 241 1395 301 intelligere,
1435 244 1563 287 istum
1603 241 1712 290 nihil

293 295 405 338 aliud
436 298 587 354 egisse,
610 312 746 354 neque
777 313 892 341 nunc
921 314 1061 357 agere,
1095 300 1175 341 nisi
1210 300 1272 341 uti
1304 315 1379 357 per
1410 302 1512 354 vim,
1545 317 1617 360 per
1646 303 1712 345 in-

282 353 458 407 juriam,
481 368 555 410 per
576 355 844 410 iniquitatem
860 356 1031 411 judicii,
1055 365 1193 398 totum
1225 372 1390 414 agrum,
1412 360 1485 416 qui
1516 374 1710 402 commu·

291 410 357 451 nis
378 419 457 461 est,
480 426 602 453 suum
626 412 764 453 facere
783 414 931 469 possit.

205 467 279 516 30
350 467 477 509 Nunc
499 483 624 510 causa
646 481 855 526 perorata,
877 485 940 512 res
965 471 1069 526 ipsa,
1100 479 1141 511 et
1164 470 1340 527 periculi
1364 472 1632 529 magnitudo,
1656 473 1709 516 C.

222 542 271 583 91
291 522 466 580 Aquini,
489 540 642 582 cogere
664 527 845 578 videtur,
867 536 914 568 ut
935 537 989 577 tc,
1012 536 1139 583 atque
1160 542 1247 578 605,
1265 529 1337 584 qui
1358 529 1436 571 tibi
1461 530 1503 570 in
1527 529 1708 572 consilio

288 590 402 632 sunt,
424 583 619 624 obsecret
640 584 960 639 obtesteturque
985 584 1035 625 P.
1056 584 1262 631 Quintius
1286 599 1360 641 per
1384 595 1646 628 senectutem
1662 601 1712 629 ac

284 639 557 681 solitudinem
581 654 714 690 suam,
737 641 843 682 nihil
873 641 1001 693 aliud,
1024 641 1104 682 nisi
1139 650 1185 682 ut
1219 653 1370 684 vestrae
1399 652 1562 684 naturae
1585 643 1709 685 boni-

285 697 448 751 tatique
477 697 797 752 obsequamini:
840 706 901 749 ut,
941 702 981 733 93
995 713 1092 739 cum
1126 698 1280 739 veritas
1309 714 1408 740 cum
1440 699 1523 741 hoc
1563 699 1708 752 faciat,

286 752 377 807 plus
408 753 536 808 hujus
559 755 703 810 inopia
721 755 855 811 possit
878 757 928 797 ad
952 755 1302 807 misericordiam,
1324 770 1451 811 quam
1471 756 1581 798 illius
1603 771 1707 814 opes

216 809 336 857 mad
359 810 667 852 crudelitatem.
728 813 829 860 Quo
855 813 924 854 die
957 813 1008 854 ad
1043 822 1084 854 te
1110 813 1304 868 judicem
1326 813 1534 865 venimus,
1555 814 1708 857 eodem

283 866 353 907 die
374 867 542 909 illorum
564 869 714 918 minas,
744 885 848 925 quas
881 879 979 911 ante
1010 870 1302 922 horrebamus,
1325 870 1709 928 negligerecoepi-

282 936 392 964 mus.
453 924 497 965 Si
521 940 650 967 causa
681 941 778 967 cum
809 941 935 968 causa
968 927 1266 979 contenderet3
1297 942 1374 969 nos
1400 935 1590 969 nostram
1611 943 1707 985 per-

282 979 408 1022 facile
429 982 564 1022 cuivis
582 983 835 1038 probaturos
859 984 1164 1025 statuebamus.
1209 984 1337 1031 Quod
1360 984 1461 1026 vitae
1484 984 1594 1026 ratio
1607 1000 1707 1028 cum

282 1039 448 1080 ratione
470 1039 570 1080 vitae
603 1039 874 1093 decerneret3
906 1041 1066 1083 idcirco
1100 1042 1224 1082 nobis
1256 1043 1384 1082 etiam
1415 1041 1553 1098 magis
1577 1042 1706 1098 teju-

236 1094 376 1138 b.dice
397 1111 505 1152 opus
527 1110 616 1137 esse
635 1097 827 1138 arbitrati
852 1112 1010 1139 sumus.
1062 1097 1125 1139 Ea
1146 1112 1211 1139 res
1229 1099 1342 1139 enim
1365 1113 1478 1141 nunc
1500 1098 1706 1163 94i11vdis-

280 1152 458 1193 crimine
478 1161 682 1203 versatur,
706 1163 903 1196 utrumne
926 1155 1061 1212 possit
1083 1169 1126 1196 se
1156 1164 1307 1196 contra
1335 1155 1548 1197 luxuriam
1571 1171 1621 1199 ac
1642 1157 1697 1198 ‘li-

278 1210 465 1251 centiam
487 1211 702 1252 rusticana
731 1210 801 1253 illa
830 1220 957 1268 atque
987 1213 1150 1254 inculta
1171 1212 1431 1268 parsimonia
1451 1211 1703 1257 defendere:

278 1280 331 1306 an
369 1266 621 1318 deformata,
662 1278 790 1324 atque
822 1269 1082 1311 ornamentis
1120 1270 1319 1310 omnibus
1357 1269 1552 1325 spoliata,
1590 1270 1707 1312 nuda

210 1321 265 1365 93
278 1324 504 1380 cupiditati
535 1325 868 1382 petulantiaeque
889 1330 928 1360 9⁵
941 1327 1176 1368 addicatur.
1236 1326 1377 1369 *Non
1411 1335 1632 1383 comparat
1661 1342 1706 1369 se

278 1388 417 1421 tecum
442 1382 581 1438 gratia
604 1382 653 1423 P.
677 1383 897 1435 Quintius,
921 1384 1021 1425 Sex.
1047 1384 1171 1425 Naevi
1191 1401 1199 1425 :
1233 1398 1318 1425 non
1340 1384 1509 1441 opibUS‚
1531 1399 1617 1426 non
1640 1383 1703 1426 fa-

274 1437 434 1478 cultate
463 1440 699 1480 contendit.
731 1455 878 1481 omnes
908 1450 1000 1482 tuas
1030 1450 1154 1491 artes,
1185 1442 1340 1497 quibus
1371 1450 1417 1482 tu
1439 1455 1619 1498 magnus
1642 1456 1702 1494 es,

274 1495 351 1534 tibi
382 1496 593 1537 coneedit.
657 1497 844 1548 Fatetur,
869 1513 911 1539 se
940 1513 1024 1539 non
1049 1497 1156 1540 belle
1178 1498 1333 1548 dicere,
1363 1512 1447 1539 non
1475 1499 1528 1540 ad
1551 1498 1701 1540 volun-

273 1562 404 1592 tatem
427 1552 542 1608 loqui
563 1568 710 1609 posse:
743 1569 827 1596 non
851 1556 904 1596 ab
935 1555 1095 1596 afflicta
1124 1555 1314 1596 amicitia
1338 1554 1616 1613 transfugere,
1638 1564 1702 1598 at-

272 1623 354 1663 que
376 1610 427 1650 ad
452 1611 674 1652 florentem
696 1611 821 1652 aliam
841 1612 1058 1654 devolare:
1090 1627 1176 1654 non
1200 1612 1383 1669 profusis
1403 1613 1614 1654 sumtibus
1638 1614 1701 1654 vi-

271 1679 392 1708 vere:
425 1682 509 1708 non
533 1683 682 1709 ornare
713 1670 943 1725 magnifice
975 1669 1278 1726 splendideque
1307 1669 1580 1712 convivium:
1612 1685 1700 1712 non

269 1720 428 1764 habere
460 1724 634 1766 domum
665 1725 850 1767 clausam
884 1727 1035 1782 pudori
1069 1736 1112 1767 et
1142 1726 1453 1778 sanctimoniae,
1477 1735 1696 1783 patentem

270 1789 399 1834 atque
420 1781 526 1823 adeo
539 1783 780 1838 expositam
803 1784 1029 1840 cupiditati
1044 1793 1087 1825 et
1100 1784 1415 1840 voluptatibus:
1439 1784 1698 1836 contra,sibi

269 1836 477 1890 officium,
508 1839 650 1891 fidem,
685 1839 967 1897 diligentiam,
1001 1841 1133 1882 vitam
1159 1841 1335 1883 omnino
1365 1854 1532 1898 semper
1559 1841 1697 1884 horri-

269 1892 367 1934 dam
390 1904 517 1951 atque
539 1897 701 1938 aridam
723 1897 840 1939 cordi
864 1898 1008 1939 fuisse.
1033 1899 1113 1939 ista
1136 1899 1354 1955 superiora
1372 1912 1477 1950 esse,
1499 1914 1549 1940 ac
1567 1899 1699 1956 pluri-

202 1954 258 1996 94
270 1963 386 1992 mum
407 1967 530 2009 posse
551 1953 618 1995 his
645 1955 836 1996 moribus
859 1956 1002 1997 sentit.
1062 1956 1180 2003 Quid
1210 1970 1313 2013 ergo
1332 1957 1422 1997 est?
1453 1970 1539 1997 non
1562 1971 1696 2013 usque

267 2019 319 2048 eo
338 2016 495 2061 tamen,
525 2019 572 2052 ut
591 2011 634 2052 in
656 2013 796 2069 capite
819 2012 1086 2069 fortunisque
1118 2013 1342 2054 hominum
1373 2012 1697 2056 honestissimo-

266 2078 360 2106 rum
382 2066 658 2110 dominentur
679 2069 723 2121 ii,
745 2070 819 2126 qui
841 2070 989 2111 relicta
1007 2071 1218 2111 bonorum
1241 2070 1427 2112 virorum
1451 2069 1693 2127 disciplina,

266 2129 309 2162 ct
329 2133 542 2178 quaestum
577 2134 620 2167 et
653 2136 871 2182 sumptum
904 2127 1094 2169 Gallonii
1127 2128 1245 2184 sequi
1278 2127 1533 2180 maluerunt,
1566 2135 1696 2185 atque

264 2179 409 2232 etiam,
431 2183 546 2238 quod
577 2183 618 2224 in
639 2183 710 2225 illo
734 2198 819 2226 non
843 2183 939 2237 fuit,
962 2200 1060 2226 cum
1090 2185 1270 2227 audacia
1289 2184 1553 2242 perfidiaque
1571 2185 1692 2227 vixe-

264 2245 377 2278 runt.
438 2239 483 2280 Si
516 2239 616 2282 licet
649 2241 790 2282 vivere
812 2256 924 2294 eum,
959 2257 1086 2298 quem
1121 2242 1222 2284 Sex.
1255 2242 1433 2285 Naevius
1465 2257 1553 2284 non
1575 2241 1692 2285 vult:

264 2292 296 2331 si
320 2302 384 2334 est
415 2295 580 2338 homini
617 2297 797 2340 honesto
831 2299 948 2340 locus
980 2300 1021 2340 in
1057 2300 1246 2352 civitate,
1278 2299 1414 2341 invito
1440 2298 1622 2341 Naevio:
1652 2298 1689 2341 si

262 2347 326 2389 fas
356 2361 420 2392 est
450 2355 655 2411 respirare
687 2355 737 2396 P.
761 2356 1006 2409 Quintium,
1034 2366 1185 2399 contra
1211 2364 1365 2398 nutum
1398 2356 1693 2412 ditionemque

264 2403 432 2450 Naevii:
473 2412 505 2451 si
539 2427 636 2467 quae
668 2412 830 2469 pudore
860 2424 1112 2456 ornamenta
1133 2414 1213 2456 sibi
1248 2413 1428 2470 peperit,
1466 2427 1517 2455 ea
1547 2420 1692 2469 potest

260 2474 411 2506 contra
446 2469 738 2522 petulantiam,
774 2479 815 2511 te
847 2471 1116 2523 defendente,
1146 2471 1364 2513 obtinere:
1408 2484 1502 2527 spes
1535 2479 1614 2523 est,
1645 2477 1691 2512 et

260 2517 376 2562 hunc
398 2525 598 2567 miserum
622 2536 750 2582 atque
773 2527 987 2570 infelicem
1005 2529 1234 2585 aliquando
1255 2527 1426 2569 tandem
1445 2542 1569 2584 posse
1586 2542 1691 2570 con-

298 2663 338 2693 93
353 2671 427 2692 cum
441 2665 561 2695 veritas
571 2675 645 2695 cum
658 2667 844 2708 hoc-saciat]
871 2668 952 2700 Edd.
995 2668 1160 2708 ediditque
1174 2668 1256 2699 bene
1270 2667 1428 2698 Graevius.
1477 2667 1604 2700 Ceterae
1616 2667 1689 2700 edd.

258 2711 305 2741 pr.
320 2709 354 2733 et
370 2704 448 2736 Mss.
462 2716 487 2736 c.
502 2717 532 2737 v.
555 2708 620 2738 Μι-
628 2707 753 2747 saciat.
797 2711 952 2751 Vulgata,
995 2712 1028 2741 in
1044 2711 1225 2741 discrimen.

254 2746 415 2784 quaejam
430 2753 479 2777 est
494 2759 545 2789 ap.
565 2749 659 2780 Junt.
681 2756 767 2782 reete
785 2761 818 2782 se
841 2753 952 2792 habet,
1036 2756 1077 2788 95
1105 2751 1294 2792 addicatur]
1326 2751 1390 2783 Hic
1421 2761 1530 2782 rursus
1565 2751 1692 2792 aliquid

256 2792 435 2827 propagata
449 2789 489 2820 ab
502 2791 598 2830 Aldo,
613 2793 648 2823 P.
666 2792 794 2824 Manut.
812 2795 867 2825 &a
994 2795 1102 2825 deesse
1117 2795 1263 2826 indicant
1274 2794 1374 2825 etiam
1390 2794 1469 2825 Mss.
1484 2794 1538 2834 qui
1550 2793 1603 2825 hie
1615 2803 1690 2834 spa-

296 2832 338 2862 94
361 2831 396 2860 in
419 2832 604 2863 discrimine
623 2837 789 2875 vereatur]
816 2837 868 2866 Sic
893 2837 949 2867 ha·
991 2837 1076 2868 tiuin
1093 2838 1188 2868 inane
1211 2836 1414 2877 relinquunt,
1435 2835 1520 2876 quod
1541 2840 1576 2868 et
1590 2836 1625 2867 in
1637 2835 1692 2867 ed.

255 2870 332 2901 bont
356 2871 407 2903 ed.
432 2874 483 2904 W.
509 2880 544 2906 et
572 2876 649 2906 uss.
677 2887 730 2917 ap.
758 2879 949 2917 Gruterum,
992 2879 1088 2910 Rom.
1107 2882 1194 2911 1430.
1211 2884 1271 2910 est.
