1907 3231
374 91 449 145 D'E
474 107 618 144 LEGE
644 104 768 144 AGR.
795 103 1015 142 CONTRA
1040 103 1286 142 RULLUM.
1477 105 1549 140 611

111 218 315 264 temtum,
331 221 380 254 ut
412 212 508 261 haec
538 220 753 268 portenta,
781 224 850 252 me
871 208 1062 261 consule,
1087 209 1362 265 potissimum
1385 207 1553 265 cogita-

108 278 218 310 rent.

165 325 312 382 Atque
333 327 375 368 in
399 326 602 369 omnibus
634 325 701 368 his
731 326 845 383 agris
880 323 1161 379 aedificiisque
1186 322 1433 373 vendendis,
1457 337 1553 379 per-

107 384 299 426 mittitur
339 385 608 435 deeemviris,
654 398 714 426 UT
760 396 1018 434 νΕΝοΑΝΤ,
1053 394 1549 435 inssnscumounm

111 453 253 484 noels
281 454 551 484 vaA‘rUR.
615 441 656 483 O
679 443 974 498 perturbatam
1008 440 1238 485 rationem!
1272 453 1298 479 ο
1323 438 1548 479 libidinem

108 499 430 542 refrenandam!
462 515 488 540 o
517 500 698 541 consilia
729 500 937 542 dissoluta
960 508 1090 553 atque
1118 498 1312 554 perdita!
1348 495 1549 551 Vectiga-

107 555 165 597 lia
195 557 337 598 locare
373 573 586 614 nusquam
623 558 739 608 licet,
781 558 864 598 nisi
895 558 938 598 in
967 556 1048 598 hac
1079 556 1199 607 urbe,
1231 555 1315 596 hoc
1346 568 1401 595 ex
1437 553 1550 604 loco,

109 613 192 656 hae
212 615 253 646 66
269 616 459 656 vestrum
490 615 746 671 frequentia.
771 615 915 656 venire
940 624 1098 656 vestras
1120 628 1185 654 res
1207 612 1421 669 proprias,
1441 621 1486 652 et
1507 611 1553 652 in

108 683 364 728 peripetuum
390 688 415 714 a
444 674 565 715 vobis
595 673 770 714 alienari
801 673 844 714 in
876 671 1190 727 Paphlagoniae
1214 669 1402 711 tenebris
1423 678 1552 724 atque

107 729 152 770 in
187 729 482 786 Cappadocia:
516 731 748 773 solitudine
776 729 949 771 licebit?
983 729 1032 770 L.
1067 728 1185 769 Sulla
1212 743 1311 769 cum
1345 729 1458 769 bona
1486 723 1614 773 ἰπὶ-56

105 785 411 831 demnatorum
441 789 604 832 civium
635 788 807 829 funesta
840 787 911 828 iila
941 786 1143 826 auctione
1173 800 1250 826 sua
1272 786 1489 836 venderet,
1511 794 1556 826 et

107 858 153 885 se
172 847 366 900 praedam
392 862 512 888 suain
541 847 704 887 diceret
727 845 927 895 vendere,
952 852 1095 884 tamen
1131 857 1185 883 ex
1218 842 1302 883 hoc
1332 843 1428 884 loco
1451 857 1555 884 ven-

106 901 239 945 didit:
270 919 366 954 nec,
389 919 573 960 quorum
596 903 744 944 oculus
769 901 1032 952 offendebat,
1055 915 1206 942 eorum
1236 900 1429 956 ipsorum
1452 915 1555 941 con-

107 972 304 1015 spectum
328 962 478 1018 fugere
500 977 626 1002 ausus
649 969 728 1001 est.
751 959 984 1001 decemviri
1009 968 1151 1000 vestra
1164 957 1396 1014 vectigalia
1417 958 1556 999 6711οη

106 1018 238 1060 modo
258 1020 382 1060 vobis
406 1019 582 1074 quidem
604 1017 791 1070 arbitris,
815 1017 888 1059 scd
911 1031 964 1058 ne
992 1031 1194 1074 praecone
1216 1016 1391 1071 quidem
1414 1015 1558 1072 publi-

104 1090 157 1116 co
181 1086 290 1118 teste
311 1077 526 1118 vendent?

163 1133 383 1190 Sequitur,
419 1148 592 1176 OMNES
636 1147 795 1175 Aenos
835 1146 1000 1175 ExTRA
1039 1131 1464 1184 1TAL1AM,infinito
1498 1146 1555 1177 ex

108 1199 319 1248 tempore,
353 1208 454 1244 non,
485 1202 534 1233 ut
567 1202 708 1243 antea,
740 1193 794 1233 ab
825 1191 943 1232 Sulla
972 1202 1016 1232 et
1049 1191 1262 1247 Pompeio
1288 1190 1554 1232 consulibus.

105 1248 146 1280 68
159 1248 369 1307 Cognitio
404 1250 715 1301 decemvirum,
739 1250 932 1306 privatus
967 1250 1035 1302 sit,
1068 1265 1120 1290 an
1144 1248 1370 1306 publicus:
1405 1248 1552 1304 sicque

106 1321 213 1364 agro
246 1309 488 1366 pergrande
519 1307 705 1364 vectigal
741 1308 995 1364 imponitur.
1057 1307 1159 1349 Hoc
1193 1316 1404 1362 quantum
1430 1306 1621 1362 judi-57⁷

106 1366 238 1417 cium,
261 1381 389 1422 quam
406 1365 736 1416 intolerandum,
751 1380 879 1422 quan]
900 1366 1068 1422 regium
1092 1366 1161 1417 sit,
1181 1379 1307 1420 quem
1333 1365 1553 1420 praeterit?

107 1437 247 1479 posse,
270 1425 616 1481 quibuscumque
646 1423 751 1464 locis
777 1423 923 1474 velint,
945 1423 1061 1464 nulla
1083 1422 1414 1478 disceptatione,
1437 1422 1556 1464 nullo

108 1482 306 1534 consilio,
330 1483 498 1539 privata
522 1481 756 1537 publicare,
776 1481 954 1537 publica
975 1481 1183 1522 liberare?
1216 1479 1450 1536 Excipitur
1470 1480 1557 1522 hoc

106 1539 250 1596 capite
279 1555 382 1598 ager
420 1540 464 1581 in
493 1538 642 1580 Sicilia
672 1538 1009 1580 Recentoricus:
1042 1552 1171 1593 quem
1204 1552 1287 1594 ego
1320 1538 1481 1594 excipi,
1514 1548 1559 1580 et

106 1607 285 1654 propter
317 1598 546 1639 hominum
585 1597 965 1648 necessitudinem,
999 1606 1042 1637 et
1079 1606 1257 1653 propter
1290 1596 1557 1651 aequitatem,

110 1654 318 1707 Quirites,
353 1656 394 1690 69
408 1670 523 1712 saepe
550 1655 827 1696 vehementer
855 1655 1040 1711 gaudeo.
1103 1654 1187 1695 Sed
1219 1669 1318 1709 quae
1352 1654 1446 1694 haec
1477 1654 1556 1704 im-

106 1713 340 1769 pudentia?
384 1714 473 1760 Qui
510 1727 662 1769 agrum
698 1711 1036 1754 Recentoricum
1070 1712 1306 1768 possident,
1341 1720 1558 1762 vetustate

106 1772 390 1826 possessionis
425 1786 483 1822 se,
515 1786 604 1812 non
630 1770 746 1826 jure,
779 1770 1076 1812 misericordia
1119 1780 1307 1820 senatus,
1340 1784 1428 1810 non
1462 1770 1556 1827 agri

106 1829 359 1871 conditione
381 1829 634 1870 defendunt.
658 1844 759 1869 nam
792 1827 912 1869 illum
935 1843 1087 1884 agrum
1114 1828 1338 1884 publicum
1371 1842 1462 1869 esse
1496 1829 1557 1869 fa-
1570 1839 1602 1869 b.

107 1896 278 1929 tentur:
312 1902 356 1928 se
378 1887 542 1929 moveri
566 1887 928 1943 possessionibus,
959 1885 1282 1927 ³0a1nicissi1nis
1312 1885 1485 1927 sedibus
1509 1901 1559 1927 ac

107 1944 189 1995 diis
219 1946 462 2001 penatibus,
492 1954 655 2001 negant
688 1954 903 2001 oportere.
963 1943 1040 1995 At,
1073 1944 1106 1984 si
1141 1954 1205 1984 est
1235 1943 1424 1999 privatus
1456 1958 1559 2000 ager

108 2001 177 2043 Re
205 2004 440 2055 entoricus,
472 2004 575 2059 quid
599 2017 698 2044 eum
721 2002 914 2059 excipis?
948 2001 1012 2043 sin
1037 2012 1181 2043 autem
1206 2001 1426 2057 publicus:
1460 2016 1558 2056 quae

108 2070 272 2111 estcsta
293 2063 492 2117 aequitas,
516 2071 699 2112 ceteros,
725 2060 895 2101 etiamsi
928 2060 1085 2116 privati
1109 2060 1209 2110 sint,
1239 2059 1490 2116 permittere
1512 2070 1560 2100 ut

106 2119 272 2175 publici
308 2119 588 2175 judicentur3
629 2118 744 2160 hunc
776 2119 979 2174 excipere
1014 2117 1286 2168 nominatim,
1320 2117 1446 2172 quui
1481 2132 1559 2173 pu-

105 2176 246 2219 blicus
268 2191 374 2228 esse,
397 2177 607 2218 fateatur?
641 2175 758 2233 Ergo
784 2191 933 2217 corum
964 2175 1324 2232 agerexcipitur,
1348 2176 1421 2230 qui
1445 2175 1560 2231 apud

107 2233 287 2276 Rullum
317 2235 403 2277 alia
423 2235 590 2277 ratione
612 2234 862 2276 valuerunt:
897 2235 1029 2275 ceteri
1051 2234 1144 2290 agri
1168 2247 1333 2283 onmeS,
1357 2233 1430 2288 qui
1462 2233 1559 2273 ubi-

106 2307 191 2348 que
218 2302 333 2346 sunt,
367 2293 459 2334 sine
490 2292 575 2334 ullo
609 2292 793 2345 delectu,
828 2293 919 2333 sine
956 2292 1106 2349 populi
1141 2291 1332 2332 Romani
1365 2291 1558 2343 notione,

147 2419 189 2450 66
211 2420 355 2451 vestrvlm
359 2419 571 2461 frequentia]
590 2418 641 2450 An
653 2419 791 2449 vestra?
856 2419 1074 2457 amicissimis,
1100 2427 1168 2448 non
1192 2416 1355 2457 intelligo.
1399 2416 1452 2447 An
1474 2418 1562 2448 anti-

148 2463 188 2496 67
211 2472 274 2493 non
291 2464 389 2504 ‘modo
411 2473 451 2493 ‘ae
478 2463 561 2492 vohis
584 2461 727 2502 quidem]
758 2461 814 2491 Ne
855 2462 1043 2502 quis.=:imis?
1248 2489 1251 2493 ,

105 2503 283 2535 delendum
296 2510 356 2536 est.
371 2515 446 2536 nam
458 2511 614 2544 sequente
629 2515 668 2534 ve
682 2505 813 2545 quidem
899 2507 935 2537 71
953 2515 981 2543 q.
990 2503 1142 2544 publicus
1153 2512 1218 2533 esse
1221 2501 1396 2542 fatemur]
1416 2501 1563 2532 Excidis·

105 2548 240 2587 negatio
255 2548 313 2578 illa
326 2549 505 2579 omittitur.
858 2555 890 2576 se
906 2546 1035 2577 videtur
1049 2557 1097 2576 se:
1121 2555 1186 2576 esse
1199 2555 1243 2582 se,
1266 2551 1304 2575 ut
1319 2545 1410 2583 alibi,
1436 2550 1469 2576 et
1486 2545 1562 2576 hinc

148 2592 189 2621 68
217 2591 363 2630 Cognitio
391 2591 610 2621 decemvz'r‘zi'm
623 2589 810 2629 -imponi-
848 2590 1002 2629 publicus
1016 2590 1142 2619 factum
1154 2599 1191 2617 ex
1202 2588 1373 2628 publicum
1386 2600 1394 2616 .·
1420 2589 1481 2617 nisi
1498 2598 1563 2618 esse

106 2633 177 2673 tur]
208 2634 313 2665 Credo
339 2634 374 2663 Ρ.
391 2635 534 2665 Ranium
559 2638 655 2663 acute
683 2633 812 2670 vidisse,
855 2632 980 2662 factum
991 2642 1030 2662 ex
1041 2642 1106 2662 sese
1115 2635 1149 2661 et
1160 2632 1237 2661 inde
1244 2631 1361 2660 vitium
1375 2636 1489 2661 natum
1501 2634 1563 2661 est.

106 2686 184 2706 cum
220 2676 273 2706 hic
312 2676 434 2715 aliquid
471 2675 627 2706 excidisse
665 2676 788 2706 diceret
804 2686 811 2704 z
857 2674 1044 2714 Utrumque
1059 2673 1141 2704 mihi
1154 2673 1285 2713 quidem
1299 2673 1427 2704 videtur
1441 2673 1561 2710 lenius,

106 2728 305 2759 quamquam
322 2719 464 2750 miratur
478 2717 703 2749 La'uredanus.
859 2717 1125 2757 quarnj'ateatm-
1140 2716 1262 2756 passive
1273 2716 1430 2755 intelligi,
1445 2721 1483 2746 ut
1492 2715 1564 2746 vul—

149 2761 192 2796 69
213 2770 295 2801 soepe
319 2763 389 2792 veh.
422 2761 564 2801 gaudeo]
597 2761 811 2792 Scribcndum
857 2769 899 2799 go
915 2760 990 2789 viris
1004 2759 1109 2790 doctis
1122 2759 1243 2800 placet.
1287 2759 1375 2790 Nam
1391 2758 1476 2797 quod
1490 2768 1564 2788 con-

109 2809 193 2845 puto
214 2814 304 2840 sane,
321 2810 361 2834 ut
374 2805 455 2836 vidit
469 2804 658 2842 Turnebus,
674 2805 813 2845 recepit-
845 2801 961 2842 fessus
977 2802 1101 2843 passive
1124 2801 1292 2832 interdum
1316 2802 1442 2832 dictum
1460 2800 1565 2832 tradit

103 2849 171 2888 *que
187 2846 379 2877 Lambinus.
565 2879 568 2881 Α
801 2880 804 2884 ,
858 2845 1057 2884 Priscianus,
1070 2844 1104 2877 id
1116 2854 1185 2878 non
1199 2845 1279 2876 satis
1293 2850 1355 2877 est.
1367 2854 1397 2876 ν.
1409 2843 1501 2874 clav.

150 2892 192 2927 70
213 2889 423 2922 amicissimis
435 2890 578 2932 sedibus]
589 2889 699 2932 Quare
715 2887 815 2920 addat
