1907 3231
516 111 643 150 Ac'r.
669 110 721 149 11.
761 106 950 147 LlssER
975 86 1275 148 QUARTUS.
1542 107 1623 150 349

175 223 363 260 crentur.
420 213 536 258 Tum
558 216 644 269 illa,
665 231 763 272 quae
788 214 1008 272 quondam
1038 212 1211 256 fuerant
1233 213 1417 254 Himera
1438 214 1622 268 sublata,

174 276 229 317 de
258 275 416 332 quibus
442 283 570 316 antea
598 275 707 326 dixi,
739 273 1031 315 Thermitanis
1066 281 1166 312 sunt
1195 271 1384 313 reddita:
1417 280 1509 312 tum
1540 273 1625 314 alia

174 333 451 384 Gelensibus,
484 332 568 373 alia
596 331 920 389 Agrigentinis:
954 331 999 371 in
1033 330 1190 385 quibus
1219 329 1350 370 etiam
1374 328 1443 369 ille
1464 330 1623 372 nobilis

172 399 336 442 taurus,
367 404 496 446 quem
528 390 849 431 crudelissimus
885 389 1080 430 omnium
1113 397 1397 444 tyrannorum
1429 386 1623 431 Phalari‘s

171 448 376 490 habuisse
407 448 581 500 dicitur,
604 463 690 504 quo
720 449 858 500 vivos,
881 446 1083 504 supplicii
1113 460 1256 496 causa,
1287 444 1514 485 demittere
1548 444 1626 486 ho-

171 507 327 558 mines,
350 515 394 547 et
416 506 631 562 subjicere
663 507 883 547 flammam
907 505 1087 546 solebat.
1110 517 1239 560 quem
1269 512 1441 543 taurum
1476 501 1626 557 Scipio

176 576 276 605 cum
294 564 492 606 redderet
509 563 829 621 Agrigentinis,
843 563 1008 604 dixisse
1022 562 1204 604 dicitur:
1230 575 1403 617 aequum
1419 574 1511 601 esse
1531 560 1627 601 illos

172 622 384 679 cogitare,
407 631 550 663 utrum
581 631 693 663 esset
719 621 875 664 Siculis
902 621 1067 672 utilius,
1098 620 1241 662 suisne
1273 619 1445 669 servire,
1467 633 1519 659 an
1549 632 1627 674 po-

171 681 276 737 pulo
316 679 518 721 Romano
554 681 879 737 obtemperare3
922 693 1021 720 cum
1059 679 1175 719 idem
1212 685 1544 718 monumentum
1581 685 1628 717 et

170 738 426 779 domesticae
462 738 729 780 crudelitatis
758 748 802 778 et
833 745 993 778 nostrae
1024 735 1367 776 mansuetudinis
1400 734 1623 775 haberent.

175 794 257 837 Illo
281 805 476 853 tempore
499 796 747 853 Segestanis
769 795 962 835 maxima
983 808 1082 834 cum
1105 807 1209 834 cura
1230 792 1325 833 haec
1348 793 1441 848 ipsa
1466 791 1710 847 Diana,34

173 854 228 894 de
268 869 353 910 qua
391 854 592 905 dicimus,
628 854 844 894 redditur:
877 859 1124 908 reportatur
1160 850 1410 906 Segestam:
1451 849 1494 890 in
1538 850 1623 892 suis
1636 868 1689 906 74

177 912 367 967 antiquis
411 912 586 953 sedibus
616 925 785 952 summa
816 925 915 951 cum
950 908 1240 966 gratulatione
1274 907 1434 949 civium
1469 916 1511 948 et
1552 907 1628 949 lae-

174 970 274 1011 titia
312 970 549 1027 reponitur.
611 968 726 1010 Haec
760 977 851 1009 erat
891 968 1035 1024 posita
1075 966 1283 1022 Segestae,
1317 979 1418 1006 sane
1459 965 1631 1007 excelsa

178 1028 221 1068 in
244 1028 357 1070 basi:
390 1027 432 1068 in
457 1042 544 1083 qua
565 1027 803 1084 grandibus
835 1025 990 1067 litteris
1022 1039 1063 1066 P.
1089 1037 1332 1065 AFRICANI
1358 1037 1515 1064 nomen
1538 1034 1631 1065 erat

175 1086 376 1136 mcisum,
406 1095 593 1141 eumque
618 1099 681 1125 ΚΑ
695 1097 955 1125 RTHAGINE
983 1095 1142 1124 CAPTA
1168 1095 1511 1133 RESTITUISSE,
1534 1097 1632 1138 per-

175 1144 401 1199 scriptum.
464 1143 702 1184 Colebatur
729 1157 754 1183 a
785 1143 980 1183 civibus:
1015 1141 1069 1181 ab
1094 1141 1297 1181 omnibus
1320 1139 1497 1180 advenis
1520 1141 1632 1180 vise-

175 1201 327 1243 batur:
361 1216 459 1242 cum
490 1212 682 1256 quaestor
705 1215 857 1251 essem,
880 1199 990 1240 nihil
1015 1199 1122 1240 mihi
1157 1200 1212 1239 ab
1242 1198 1325 1239 illis
1359 1207 1424 1238 est
1451 1197 1632 1239 demon—

174 1268 357 1300 stratum
381 1259 514 1316 prius.
565 1258 670 1300 Erat
685 1258 919 1299 admodum
938 1257 1129 1313 amplum
1147 1266 1191 1297 et
1213 1255 1433 1297 excelsum
1457 1256 1631 1312 signum

176 1332 275 1358 cum
300 1317 428 1359 stola:
462 1326 761 1359 verumtamen
783 1316 922 1356 inerat
943 1316 989 1356 in
1009 1314 1080 1355 illa
1101 1314 1404 1370 magnitudine
1424 1323 1543 1364 aetas,
1566 1323 1632 1355 at-

173 1390 259 1431 que
279 1375 455 1416 habitus
477 1374 716 1431 virginalis.
739 1374 912 1430 sagittae
937 1373 1185 1429 pendebant
1207 1373 1262 1413 ab
1284 1372 1492 1413 humero:
1527 1372 1631 1412 sini·

175 1444 264 1475 stra
278 1448 407 1474 manu
424 1433 640 1473 retinebat
658 1446 828 1473 arcum:
861 1431 1016 1472 dextra
1029 1430 1250 1471 ardentem
1268 1430 1406 1471 facem
1427 1428 1630 1486 praefere-

178 1492 268 1533 bat.
331 1490 461 1532 Hanc
483 1505 584 1532 cum
607 1490 688 1531 iste
711 1504 929 1531 sacrorum
953 1488 1150 1530 omnium
1173 1488 1325 1539 hostis,
1349 1487 1629 1543 religionum-
1640 1503 1691 1543 75

176 1564 262 1604 que
284 1549 432 1606 praedo
455 1548 656 1600 vidisset3
687 1548 809 1603 quasi
834 1547 906 1588 illa
928 1549 1020 1604 ipse
1043 1546 1138 1587 face
1161 1561 1387 1603 percussus
1409 1555 1536 1597 esset,
1569 1546 1632 1588 ita
1673 1543 1676 1547 ’

174 1609 359 1664 flagrare
380 1606 621 1663 cupiditate
643 1615 773 1662 atque
795 1608 986 1647 amentia
1007 1605 1161 1660 coepit.
1223 1604 1263 1635 86
1279 1603 1472 1660 Imperat
1493 1605 1634 1660 magi-

175 1666 398 1717 stratibus,
420 1674 469 1705 ut
498 1679 593 1706 eam
627 1664 932 1716 demoliantur,
954 1673 997 1705 et
1032 1663 1113 1704 sibi
1138 1663 1263 1704 dent:
1296 1662 1405 1703 nibil
1429 1662 1510 1703 sibi
1535 1676 1633 1717 gra-

175 1724 261 1765 tius
283 1724 476 1765 ostendit
498 1723 707 1764 futurum.
731 1722 791 1763 illi
812 1736 912 1763 vero
936 1722 1093 1772 dicere,
1117 1721 1160 1762 id
1183 1721 1265 1761 sibi
1282 1720 1403 1761 nefas
1419 1733 1531 1761 esse:
1568 1735 1633 1761 se·

175 1796 260 1837 que
281 1797 381 1823 cum
405 1796 572 1822 summa
593 1781 818 1837 religione,
841 1790 933 1821 tum
968 1794 1138 1821 summo
1167 1789 1287 1819 metu
1321 1778 1465 1834 legum
1499 1787 1543 1819 et
1558 1777 1632 1834 ju·

176 1840 390 1881 diciorum
413 1839 565 1880 teneri.
588 1840 669 1880 iste
700 1849 793 1880 tum
829 1847 975 1894 petere
1003 1838 1056 1878 ab
1092 1837 1189 1887 illis,
1220 1845 1312 1877 tum
1343 1836 1514 1887 minari,
1538 1846 1631 1877 tum

176 1913 313 1954 spem,
351 1907 442 1939 tum
479 1908 643 1938 metum
683 1897 924 1938 ostendere.
988 1895 1286 1952 Opponebant
1320 1894 1379 1935 illi
1413 1894 1630 1937 interdum
1645 1905 1675 1944 b„

174 1969 333 1997 nomen
353 1955 549 1997 Africani
566 1973 574 1998 :
609 1956 770 1996 donum
790 1954 940 2012 populi
963 1953 1152 1995 Romani
1174 1953 1277 1993 illud
1296 1967 1388 1993 esse
1404 1952 1630 1996 dicebant:

174 2014 284 2055 nihil
308 2028 352 2055 sc
373 2015 417 2054 in
440 2028 492 2054 eo
515 2014 744 2070 potestatis
763 2014 937 2064 habere,
959 2012 1075 2068 quod
1097 2013 1332 2068 imperator
1354 2010 1632 2062 clarissimus,

175 2073 284 2114 urbe
306 2072 499 2113 hostium
521 2082 664 2128 capta,
689 2081 1021 2113 monumentum
1046 2070 1242 2111 vietoriae
1266 2069 1415 2126 populi
1458 2067 1630 2110 {omani

176 2145 268 2171 esse
290 2130 512 2172 voluisset.
554 2130 673 2171 Cum
696 2131 777 2170 iste
798 2129 935 2170 nihilo
959 2128 1192 2179 remissius,
1217 2137 1346 2183 atque
1368 2127 1498 2168 etiam
1521 2126 1631 2168 mul·
1642 2143 1694 2186 75

176 2198 222 2230 to
247 2188 546 2231 vehementius
570 2188 750 2229 instaret
771 2187 991 2243 quotidie;
1024 2201 1089 2228 res
1120 2187 1266 2242 agitur
1294 2186 1339 2226 in
1370 2196 1536 2226 senatu.
1559 2199 1632 2227 ve-

175 2246 402 2288 hementer
423 2247 478 2288 ab
501 2247 704 2287 omnibus
729 2246 1000 2287 reclamatur.
1064 2244 1218 2300 Itaque
1245 2243 1318 2284 illo
1348 2252 1558 2299 tempore,
1581 2257 1632 2285 ac

176 2306 318 2362 primo
352 2305 476 2346 istius
510 2304 714 2356 adventu,
749 2313 1026 2360 pernegatur.
1090 2302 1262 2353 Postea,
1297 2301 1510 2357 quidquid
1540 2311 1633 2342 erat

175 2364 317 2405 oneris
340 2363 384 2404 in
406 2363 550 2404 nautis
570 2362 896 2419 remigibusque
917 2361 1161 2417 exigendis,
1184 2361 1226 2400 in
1251 2359 1471 2400 frumento
1494 2360 1633 2416 impe-

175 2422 326 2473 rando,
351 2421 614 2477 Segestanis,
638 2433 796 2477 praeter
817 2429 998 2471 ceteros,
1018 2419 1274 2475 imponebat
1296 2417 1518 2473 aliquanto
1540 2431 1632 2459 am-

175 2479 302 2537 plius,
325 2494 457 2536 quam
480 2479 589 2519 ferre
612 2487 802 2537 possent.
828 2486 1037 2533 praeterea
1057 2476 1338 2532 magistratus
1357 2489 1507 2516 eorum
1529 2490 1632 2517 evo-

29 2546 33 2627 ι
175 2538 328 2580 cabat:
362 2538 580 2595 optimum
595 2551 811 2592 quemque
833 2545 876 2576 et
891 2534 1211 2576 nobilissimum
1228 2533 1281 2574 ad
1300 2548 1344 2575 se
1363 2535 1628 2576 arcessebat:

176 2594 339 2637 circum
363 2596 511 2637 omnia
532 2595 772 2652 provinciae
797 2594 892 2635 fora
920 2593 1141 2649 rapiebat:
1175 2591 1429 2648 singillatim
1460 2592 1631 2633 unicui-

28 2635 33 2738 3
173 2668 259 2709 que
281 2653 518 2696 calamitati
544 2652 637 2694 fore
669 2668 713 2695 se
746 2652 1055 2693 denuntiabat:
1089 2650 1333 2692 universam
1368 2663 1412 2690 se
1434 2648 1631 2697 funditus

181 2813 186 2816 '
217 2811 258 2843 86
281 2811 432 2852 Imperat
445 2812 625 2853 mag.iste]
655 2812 730 2843 Hoc
748 2812 810 2842 iste
823 2821 883 2851 pu-
928 2810 1119 2841 narratione
1133 2809 1169 2839 in
1183 2809 1346 2850 principio
1362 2807 1461 2839 modo
1485 2813 1548 2845 est,
1571 2808 1635 2838 im-

175 2855 246 2886 t'avi
261 2864 329 2885 esse
345 2855 541 2886 delendum:
565 2865 645 2886 nam
654 2857 725 2894 jam
740 2860 791 2885 est
806 2860 884 2885 ante
922 2858 1024 2897 perat
1039 2851 1155 2883 deinde
1173 2852 1260 2883 nude
1273 2853 1420 2892 ponitur.
1464 2851 1552 2892 Quia
1566 2859 1633 2880 non

175 2897 434 2948 inpraecedente
450 2897 599 2940 periodo.
622 2898 668 2931 Et
681 2897 759 2932 alibi
775 2898 810 2930 in
824 2897 884 2929 tali
929 2896 1035 2938 reperi
1050 2897 1083 2927 in
1100 2896 1166 2929 Ms.
1182 2895 1245 2927 Gu.
1259 2895 1375 2927 delevi.
