1907 3231
336 130 412 168 :394
847 129 914 168 IN
950 128 1229 169 VERREM

330 230 413 282 nis,
444 230 723 274 crudelitatis.
777 231 900 278 ‚Haec
935 234 1037 275 dum
1075 234 1262 275 breviter
1293 244 1483 290 expono,
1520 247 1681 288 quaeso,
1718 240 1766 274 ut

332 287 496 330 fecistis
518 288 674 340 adbuc,
696 289 925 346 diligenter
947 290 1171 331 attendite.

267 363 317 397 43
390 345 501 388 Rem
531 346 726 388 navalem
757 348 943 403 primum
974 348 1035 388 ita
1064 347 1162 388 dico
1182 362 1274 390 esse
1304 348 1659 398 administratam,
1680 359 1767 387 non

330 402 394 444 uti
427 404 651 460 provincia
681 404 995 454 defenderetur,
1026 404 1098 445 sed
1126 414 1173 445 ut
1195 405 1349 446 ‚classis
1379 405 1553 446 nomine
1586 404 1768 460 pecunia

328 472 605 516 quaereretur.
666 461 944 516 Superiorum
977 470 1212 516 praetorum
1246 463 1511 503 consuetudo
1544 476 1643 503 cum
1672 460 1768 501 haec

328 518 495 569 fuisset,
526 528 575 559 ut
609 532 739 558 naves
769 518 1019 558 civitatibus
1049 527 1275 574 certusque
1309 534 1509 561 numerus
1539 527 1767 559 nautarum

327 574 601 629 militumque
623 574 916 629 imperaretur,
939 574 1142 617 maximae
1164 586 1208 616 et
1228 576 1575 632 locupletissimae
1598 573 1766 617 civitati

281 631 606 678 b,Mamertinae
640 630 748 671 nihil
783 631 937 672 horum
970 632 1259 689 imperavisti:
1290 634 1347 674 ob
1380 648 1509 688 quam
1543 647 1633 674 rem
1663 631 1768 687 quid

331 689 410 730 tibi
444 688 695 729 Mamertini
718 687 828 731 clam
858 689 1054 730 dederint
1084 690 1295 746 pecuniae,
1318 699 1416 746 post
1436 690 1679 732 videbitur:
1710 702 1766 730 ex

266 746 520 802 44ipsorum
552 744 705 785 litteris
737 753 781 786 et
813 746 994 787 testibus
1026 761 1281 802 quaeremus.
1342 746 1510 788 Navem
1547 761 1648 789 vero
1679 745 1767 801 Cy-

330 803 453 844 beam
488 802 739 852 maximam,
773 803 956 845 triremis
989 803 1137 856 instar,
1168 804 1501 860 pulcherrimam
1534 812 1663 859 atque
1699 817 1767 844 or-

325 859 608 911 natissimam,
631 859 772 916 palam
795 861 1054 902 aedificatam
1075 872 1219 903 sumtu
1243 861 1432 917 publico,
1454 864 1491 892 51
1508 860 1670 902 sciente
1700 860 1767 901 Si-

324 917 439 969 cilia,
472 931 547 973 per
579 917 967 974 magistratumque
1006 918 1320 961 Mamertinum
1349 919 1431 960 tibi
1461 918 1608 960 datam
1634 918 1768 958 dona-

325 984 500 1031 tamque
521 988 611 1015 esse
632 975 745 1016 dico.
779 974 890 1016 Haec
912 976 1048 1027 navis,
1070 986 1226 1018 onusta
1248 976 1394 1032 praeda
1415 974 1646 1026 Siciliensi,
1667 988 1767 1015 cum

323 1032 418 1088 ipsa
439 1046 610 1087 quoque
631 1040 742 1072 esset
771 1046 827 1073 ex
859 1032 1018 1088 praeda,
1041 1033 1168 1075 simul
1189 1048 1289 1075 cum
1321 1033 1401 1075 iste
1431 1032 1670 1082 decederet,
1691 1046 1767 1087 ap-

323 1089 447 1145 pulsa
482 1089 648 1129 Veliam
680 1098 759 1141 est,
795 1104 894 1131 cum
932 1090 1126 1146 plurimis
1162 1092 1304 1142 rebus,
1341 1101 1386 1132 et
1424 1090 1491 1141 iis,
1527 1103 1632 1145 quas
1666 1098 1766 1129 ante

325 1146 512 1187 Romam
544 1145 715 1187 mittere
748 1160 847 1188 cum
876 1147 1029 1188 ceteris
1060 1147 1185 1189 furtis
1216 1147 1369 1198 noluit,
1398 1147 1514 1203 quod
1545 1155 1667 1188 erant
1692 1160 1764 1188 ca-

322 1203 519 1254 rissimae,
540 1204 816 1259 maximeque
841 1218 940 1245 eum
961 1204 1248 1246 delectabant.
1309 1205 1417 1246 Eam
1445 1218 1600 1246 navem
1627 1217 1766 1259 nuper

322 1269 498 1317 egomet
518 1261 604 1302 vidi
631 1260 780 1312 Veliae,
801 1261 1013 1317 multique
1034 1263 1105 1303 alii
1129 1263 1342 1313 viderunt,
1365 1264 1404 1293 52>
1415 1261 1767 1317 [pulcherrimam

323 1328 453 1373 atque
490 1318 839 1373 ornatissimam,]
875 1319 1060 1373 judiees.
1099 1334 1196 1374 quae
1229 1319 1404 1375 quidem
1441 1318 1657 1369 omnibus,
1690 1317 1767 1373 qui

326 1389 422 1416 eam
454 1375 752 1430 adspexerant,
786 1385 1059 1432 prospectare
1085 1376 1179 1432 jam
1207 1376 1423 1426 exsilium,
1455 1384 1585 1431 atque
1614 1375 1766 1431 explo-

248 1427 315 1478 18
329 1447 420 1473 rare
441 1431 589 1489 fugam
611 1433 775 1474 domini
798 1433 1038 1474 videbatur.
1099 1434 1217 1481 Quid
1239 1434 1346 1475 mihi
1365 1434 1448 1475 hoc
1471 1433 1568 1475 loeo
1589 1447 1766 1489 respon-

264 1500 315 1534 45
329 1490 476 1531 debis?
506 1489 589 1530 nisi
618 1489 729 1531 forte
759 1490 817 1540 id,
839 1491 970 1545 quod,
993 1491 1163 1533 tametsi
1194 1491 1366 1547 probari
1396 1490 1514 1531 nullo
1534 1489 1665 1531 modo
1688 1504 1765 1546 po-

328 1555 425 1598 test,
448 1555 592 1588 tamen
623 1547 708 1589 diei
739 1548 913 1603 quidem
944 1548 1182 1604 injudicio
1210 1548 1263 1589 de
1294 1548 1486 1604 pecuniis
1516 1547 1764 1602 repetundis
1822 1560 1830 1566 ·

322 1618 498 1646 necesse
527 1613 604 1655 est,
635 1605 688 1646 de
719 1613 793 1645 tua
822 1606 1004 1661 pecunia
1025 1608 1064 1636 53
1079 1606 1336 1647 aedificatam
1359 1619 1450 1646 esse
1480 1619 1574 1645 eam
1602 1604 1763 1645 navim.

324 1662 450 1702 Aude
482 1660 564 1702 hoc
597 1661 745 1703 saltem
771 1662 926 1713 dicere,
948 1663 1064 1718 quod
1094 1677 1266 1704 necesse
1286 1671 1365 1703 est.
1427 1661 1530 1703 Noli
1560 1670 1765 1712 metuere,

326 1718 562 1771 Hortensi3
594 1733 647 1759 ne
679 1734 884 1775 quaeram,
915 1720 988 1775 qui
1017 1720 1187 1761 licuerit
1219 1719 1432 1761 aedificare
1461 1732 1615 1760 navem
1644 1733 1766 1759 sena-

324 1777 424 1817 tori.
483 1775 689 1831 Antiquae
722 1789 822 1819 sunt
851 1777 945 1817 istae
977 1777 1160 1833 ⁵4leges,
1181 1786 1226 1817 et
1259 1786 1458 1828 mortuae,
1487 1775 1768 1830 quemadmo-

323 1834 428 1874 dum
451 1842 497 1875 tu
520 1833 627 1874 soles
649 1833 806 1884 dicere,
829 1849 925 1890 quae
949 1843 1110 1876 vetant.
1144 1834 1246 1875 Fuit
1267 1835 1349 1875 ista
1369 1833 1612 1890 respublica
1628 1846 1766 1887 quon-

323 1891 438 1942 dam,
461 1891 545 1931 fuit
570 1891 653 1932 ista
673 1892 874 1932 severitas
906 1891 950 1932 in
974 1891 1168 1946 judiciis,
1186 1901 1235 1933 ut
1265 1892 1392 1932 istam
1421 1905 1511 1932 rem
1541 1899 1765 1931 accusator

323 1948 369 1988 in
398 1948 567 2004 magnis
598 1948 851 1990 criminibus
883 1949 1174 2004 objiciendam
1207 1956 1392 2005 putaret.
1452 1947 1620 1994 5⁵Quid
1651 1947 1768 1988 enim

322 2006 402 2046 tibi
432 2020 542 2046 nave
572 2020 679 2062 opus
711 2005 821 2048 fuit?
853 2006 941 2061 qui,
973 2007 1007 2046 si
1038 2021 1124 2062 quo
1154 2006 1324 2063 publice
1355 2004 1700 2062 proficiscereris,
1721 2013 1767 2046 et

321 2063 528 2123 praesidii,
551 2071 594 2104 et
621 2071 809 2105 vecturae
840 2078 982 2115 causa,
1013 2074 1157 2105 sumtu
1188 2063 1363 2120 publico
1392 2061 1568 2119 navigia
1597 2062 1764 2118 praebe-

364 2223 401 2251 51
426 2222 544 2252 sciente
570 2220 700 2260 Sicilia]
727 2221 873 2251 Graevius
897 2221 1021 2252 addidit
1108 2224 1148 2253 52
1165 2223 1428 2262 pulcherrimam
1453 2225 1550 2260 atque
1575 2218 1659 2260 orm]
1690 2218 1765 2252 Hoc

320 2273 339 2293 e
353 2263 418 2293 Ms.
434 2268 514 2300 tota,
530 2263 616 2303 quod
630 2268 663 2293 et
679 2267 729 2294 est
751 2264 785 2293 in
801 2263 864 2293 Gu.
879 2268 914 2293 et
928 2264 1018 2294 Ursi·
1064 2264 1134 2295 sine
1148 2264 1246 2294 dubio
1260 2275 1278 2295 e
1297 2263 1515 2304 superioribus
1529 2267 1653 2294 temere
1673 2271 1764 2303 repe·-

322 2315 383 2336 nus
393 2305 427 2335 in
441 2306 506 2336 Ms.
523 2310 698 2346 repererat.
741 2305 819 2336 Non
833 2305 930 2336 male.
958 2306 1022 2337 Sed
1064 2307 1166 2337 titum
1181 2311 1241 2337 est.
1286 2307 1387 2337 Uncis
1402 2304 1530 2336 inclusi.

321 2347 404 2377 mihi
417 2352 529 2378 totum
543 2348 605 2378 hoc
621 2353 809 2388 suspectum
823 2355 882 2378 est.
927 2349 1021 2378 Suffi-
1108 2352 1146 2380 53
1170 2349 1329 2389 constare]
1360 2348 1492 2379 Delevit
1517 2346 1674 2377 Graevius.
1717 2346 1764 2377 Et

322 2391 368 2420 cit
390 2390 431 2420 ad
457 2391 490 2421 id
512 2389 765 2430 intelligendum
786 2391 914 2431 palam.
958 2390 1020 2421 Sed
1063 2391 1156 2421 abest
1176 2391 1216 2421 ab
1238 2392 1362 2430 aliquot
1384 2391 1464 2421 Mss.
1483 2389 1584 2420 etiam
1598 2389 1661 2418 Gu.
1678 2388 1762 2419 Edd.

322 2441 389 2462 non
413 2432 574 2464 aedificata
589 2437 639 2463 est
661 2432 785 2463 sciente
807 2432 934 2463 Sicilia:
959 2433 1021 2463 etsi
1065 2433 1196 2472 quidem
1211 2439 1335 2464 veteres
1357 2433 1481 2464 habent
1499 2435 1621 2472 praeter
1634 2431 1674 2461 R.
1691 2431 1764 2462 Ste-

321 2484 361 2504 εει
376 2485 444 2504 rem
467 2479 540 2515 post
556 2476 711 2514 cognovit
726 2484 782 2516 per
796 2475 932 2511 famam,
947 2475 1022 2514 quia
1063 2476 1178 2516 phani‚
1201 2476 1235 2506 in
1259 2486 1323 2515 qua
1343 2485 1420 2505 casu
1442 2474 1599 2506 omissum
1619 2473 1762 2504 videtur.

322 2526 373 2546 res
395 2516 503 2556 palam
526 2518 614 2548 facta
635 2521 716 2547 erat.
762 2517 825 2547 Pro
841 2518 1020 2556 magistra·
1063 2520 1202 2548 Secutus
1216 2528 1288 2548 sum
1304 2517 1481 2547 Graevium.

322 2562 394 2588 tum
420 2559 567 2590 Graevius
590 2570 607 2590 e
629 2559 693 2589 Ms.
718 2559 770 2590 Fr.
798 2558 883 2590 dedit
913 2561 1020 2598 magi—
1106 2562 1146 2590 54
1169 2562 1381 2599 lege.e,--quoe
1394 2557 1520 2597 vetant]
1546 2558 1693 2588 Primum
1707 2567 1763 2587 ve-

319 2604 456 2630 stralus.
516 2602 648 2641 Proprie
674 2611 760 2632 unus
788 2605 921 2631 tantum
950 2607 1021 2632 erat
1062 2602 1129 2632 tuit
1145 2602 1197 2632 lex
1213 2602 1359 2632 Claudia.
1374 2601 1413 2631 de
1428 2611 1492 2639 qua
1504 2599 1566 2631 vid.
1581 2600 1652 2631 Liv.
1664 2599 1762 2637 XXI,

321 2642 484 2673 Messanae
512 2644 700 2682 quotannis.
742 2645 788 2674 At
809 2648 1020 2683 senatumque
1064 2644 1114 2674 63.
1130 2644 1202 2674 add.
1218 2643 1327 2683 Cujac.
1341 2643 1419 2673 obs.
1433 2643 1493 2679 Vl,
1508 2645 1557 2673 38.

321 2693 390 2714 non
404 2686 488 2715 male
504 2686 594 2715 abest
608 2686 671 2716 ΜΞ.
688 2696 753 2726 reg.
776 2687 915 2716 Senatus
929 2686 1018 2717 dedit
1105 2688 1144 2717 55
1167 2686 1261 2726 ,Quid
1281 2687 1366 2716 enim
1388 2690 1409 2716 t.
1435 2694 1564 2722 navem,
1580 2683 1649 2724 qui]
1669 2683 1760 2713 Grae-

317 2736 379 2765 per
405 2728 652 2766 magistratum:
678 2733 713 2758 at
740 2728 817 2758 data
842 2733 892 2758 est
919 2739 939 2758 a
965 2728 1020 2758 Se·
1062 2728 1133 2758 vius
1148 2728 1291 2759 malebat
1306 2728 1390 2770 Quo.
1421 2727 1492 2767 Ego
1509 2737 1567 2768 pro
1582 2727 1638 2767 quz'
1652 2725 1759 2765 legam

318 2773 415 2798 natu.
459 2769 544 2808 Quia
558 2776 591 2800 et
606 2770 638 2800 in
654 2770 718 2800 Ms.
735 2771 797 2800 Gu.
813 2774 863 2801 est
871 2780 934 2811 per
949 2779 1020 2802 ma·
1063 2770 1129 2808 cui,
1144 2771 1171 2801 si
1185 2771 1243 2801 ἃς.

319 2811 564 2852 {si-ceratumque
577 2811 683 2844 Mam.
698 2812 744 2844 sic
756 2812 853 2850 edidi.
