1907 3231
343 141 419 175 684
886 141 1134 179 ORATIO
1170 140 1234 178 IV.

345 240 597 283 adducitur:
631 248 829 285 tenentur
852 244 895 295 ii,
917 245 990 299 qui
1022 244 1074 284 ad
1096 243 1213 284 urbis
1236 242 1496 294 incendium,
1518 237 1571 286 ad
1596 251 1777 285 vestram

306 320 308 323 >
345 298 539 338 omnium
561 299 739 350 caedem,
761 301 813 342 ad
838 301 1070 342 Catilinam
1100 300 1412 356 accipiendum,
1438 299 1591 342 Romae
1613 300 1779 342 restite-

345 365 459 395 runt.
492 365 691 397 tenentur
728 357 896 406 litterae,
929 358 1066 413 signa,
1100 371 1264 407 manuS,
1294 357 1476 412 denique
1506 357 1779 414 uniuscujus-

345 425 429 466 que
449 412 688 454 confessio:
713 414 997 455 sollicitantur
1013 412 1292 469 Allobroges:
1315 414 1488 455 servitia
1508 414 1778 456 excitantur:

218 478 248 509 P·
265 468 334 497 ¹¹9·
349 468 537 510 Catilina
563 470 812 511 arcessitur:
846 470 887 510 id
911 480 974 510 est
1005 470 1159 510 initum
1181 471 1421 523 consilium,
1453 479 1514 523 ut,
1541 470 1778 512 interfectis

304 518 562 577 a‘omuibus‚
586 540 711 566 nemo
733 540 786 566 ne
816 527 869 567 ad
891 526 1200 582 deplorandum
1222 527 1392 582 quidem
1424 529 1672 585 reipublicae
1698 535 1782 568 'no-

348 597 461 633 men,
492 593 619 638 atque
649 583 701 622 ad
733 582 1047 625 lamentandam
1071 584 1179 624 tanti
1209 584 1377 640 imperii
1400 585 1687 626 calamitatem
1716 598 1782 625 re-

301 635 578 694 sslinquatur.
641 639 753 680 Haec
802 641 947 681 omnia
997 641 1158 682 indices
1199 640 1455 692 detulerunt,
1497 642 1555 682 rei
1595 640 1782 690 confessi

313 707 473 747 ssunt3
505 711 579 737 vos
603 696 778 737 8multis
805 697 898 752 jam
927 697 1105 753 judiciis
1137 697 1389 752 judicastis:
1431 698 1631 754 primum,
1667 696 1784 755 quod

348 753 453 793 mihi
477 753 635 808 gratias
656 754 805 809 egistis
835 755 1120 810 singularibus
1143 754 1308 796 verbis:
1340 764 1384 795 et
1415 769 1511 796 mea
1533 755 1690 797 virtute
1720 764 1784 796 at-

347 823 431 864 que
449 809 688 866 diligentia,
711 811 976 866 perditorum
999 811 1221 853 hominum
1240 811 1502 868 patefactam
1520 826 1610 865 esse
1632 812 1728 868 conj
1737 826 1784 853 u-

303 889 305 891 ·
349 867 558 907 rationem
582 867 854 910 decrevistis:
885 869 1040 910 deinde
1069 869 1185 924 quod
1219 869 1268 909 P.
1296 867 1608 922 Lentulum,'ut
1637 883 1681 910 se
1711 869 1787 910 ab·

348 924 513 964 dicaret
541 934 743 980 praetura,
774 925 1005 982 coegistis:
1038 936 1129 967 tum
1162 926 1278 982 quod
1307 941 1420 978 eum,
1450 936 1493 967 et
1521 934 1701 977 ceterOS‚
1734 925 1788 967 de

350 980 507 1035 quibus
531 981 776 1036 judicastis,
798 983 842 1023 in
864 983 1105 1024 custodiam
1126 983 1288 1024 dandos
1311 983 1551 1035 censuistis,
1578 984 1788 1024 maxime-

350 1051 446 1092 que,
468 1038 584 1092 quod
606 1053 702 1079 meo
724 1040 898 1080 nomine
921 1040 1278 1096 supplicationem
1300 1040 1572 1082 decrevistis:
1605 1040 1677 1096 qui
1709 1039 1788 1081 ho-

349 1109 427 1135 nos
450 1104 600 1150 togato
622 1096 795 1137 habitus
826 1106 924 1137 ante
954 1112 1024 1138 me
1045 1107 1109 1138 est
1138 1097 1317 1139 nemini.
1349 1106 1565 1153 postremo
1588 1098 1788 1138 hesterno

349 1151 420 1192 die
451 1153 629 1207 praemia
658 1153 810 1208 legatis
833 1154 1133 1211 Allobrogum,
1155 1153 1341 1209 Titoque
1367 1154 1590 1196 Vulturcio
1612 1154 1789 1195 dedistis

351 1209 628 1263 amplissima.
689 1212 801 1257 Quas
832 1221 931 1252 sunt
963 1213 1109 1253 onmia
1130 1211 1356 1266 ejusmodi,
1387 1221 1436 1251 ut
1469 1212 1514 1263 ii,
1545 1211 1617 1267 qui
1649 1211 1693 1252 in
1715 1226 1790 1252 cu-

352 1266 535 1306 stodiam
560 1267 815 1309 nominatim
837 1269 926 1309 dati
958 1279 1071 1320 sunt,
1094 1269 1184 1311 sine
1214 1269 1300 1310 ulla
1319 1269 1591 1310 dubitatione
1621 1283 1648 1309 a
1669 1268 1791 1310 vobis

352 1322 544 1363 damnati
566 1338 658 1364 esse
680 1325 919 1366 videantur.

317 1390 342 1423 6
412 1380 494 1421 Sed
522 1395 604 1435 ego
638 1381 804 1422 institui
837 1382 994 1423 referre
1023 1382 1076 1424 ad
1108 1396 1199 1433 vos,
1230 1391 1372 1438 patres
1401 1382 1652 1439 conscripti,
1683 1389 1792 1423 tamd

352 1451 482 1491 quam
515 1438 746 1494 integrum,
779 1449 822 1480 et
853 1440 906 1481 de
942 1440 1073 1490 facto,
1105 1440 1208 1495 quid
1235 1440 1459 1495 judicetis,
1480 1450 1524 1481 et
1555 1441 1607 1481 de
1643 1454 1792 1496 poena,

353 1493 456 1548 quid
479 1496 704 1536 censeatis,
727 1496 799 1537 illa
819 1497 1067 1553 praedicam,
1089 1512 1186 1552 quae
1210 1505 1309 1537 sunt
1330 1496 1533 1538 consulis.
1586 1496 1683 1554 Ego
1705 1511 1795 1537 ma-

351 1564 485 1605 gnum
522 1552 564 1592 in
596 1552 818 1608 republica
849 1554 1003 1594 versari
1037 1553 1239 1604 furorem,
1269 1562 1312 1594 et
1341 1568 1454 1594 nova
1485 1555 1685 1609 quaedam
1714 1553 1795 1594 mi-

351 1608 458 1648 sceri
481 1617 525 1648 et
545 1610 755 1650 concitari
778 1610 889 1650 mala
911 1611 1175 1666 jampridem
1196 1610 1420 1652 videbam:
1455 1611 1525 1652 sed
1558 1610 1669 1652 hanc
1701 1617 1796 1651 tan-

353 1674 456 1716 tam,
481 1677 567 1705 tam
590 1666 820 1708 exitiosam
852 1667 1001 1708 haberi
1026 1668 1372 1722 conjurationem
1403 1683 1429 1708 a
1457 1668 1639 1718 civibus,
1671 1682 1795 1707 num-

351 1736 481 1776 quam
524 1724 685 1777 putavi.
768 1724 911 1774 Nunc,
945 1724 1188 1779 Squidquid
1217 1735 1295 1774 est,
1326 1738 1600 1779 quocumque
1641 1733 1794 1765 vestrae

352 1788 517 1819 mentes
551 1779 760 1820 inclinant
793 1790 923 1837 atque
958 1781 1198 1833 sententiae,
1232 1781 1505 1822 statuendum
1539 1781 1662 1822 vobis
1697 1791 1797 1822 ante

351 1845 525 1876 noctem
547 1846 625 1877 est.
687 1837 910 1883 Quantum
933 1837 1099 1878 facinus
1124 1841 1161 1868 10
1175 1838 1227 1879 ad
1258 1853 1333 1879 vos
1364 1838 1551 1879 delatum
1584 1838 1653 1889 sit,
1676 1838 1794 1879 vide-

355 1892 423 1932 tis.
453 1893 554 1934 huic
586 1894 810 1950 sipaucos
844 1895 1006 1951 putatis
1037 1895 1185 1936 affines
1208 1909 1314 1946 esse,
1336 1895 1611 1937 vehementer
1631 1895 1796 1936 erratis.

357 1949 504 1990 Latius
527 1951 731 2006 opinione
753 1951 1078 1993 disseminatum
1098 1961 1162 1993 est
1184 1952 1267 1994 hoc
1288 1952 1472 1994 malum:
1498 1952 1690 1993 manavit
1709 1967 1798 1993 non

355 2006 493 2047 solum
526 2022 601 2064 per
632 2007 817 2059 Italiam,
840 2023 988 2050 verum
1019 2010 1149 2050 etiam
1183 2010 1447 2051 transcendit
1476 2009 1624 2066 Alpes,
1647 2017 1692 2050 et
1720 2010 1799 2051 ob-

356 2079 476 2105 scure
500 2079 686 2120 serpens,
708 2065 864 2107 multas
887 2066 982 2121 jam
1006 2066 1249 2122 provincias
1272 2066 1518 2123 occupavit.
1578 2066 1629 2107 Id
1652 2066 1798 2122 oppri-

355 2120 416 2161 mi
448 2123 726 2163 sustentando
749 2138 798 2164 ac
829 2124 1083 2179 prolatando
1105 2123 1222 2167 nullo
1256 2134 1382 2179 pacto
1405 2132 1561 2180 potest.
1592 2138 1802 2180 quacum-

308 2178 439 2232 4que
460 2179 625 2220 ratione
654 2179 809 2236 placet,
831 2180 1024 2222 celeriter
1046 2181 1169 2221 vobis
1192 2181 1500 2222 vindicandum
1521 2188 1600 2222 est.
1660 2179 1799 2222 Video

317 2235 459 2287 7duas
492 2236 634 2278 adhuc
669 2251 760 2277 esse
793 2237 1050 2279 sententias:
1082 2252 1212 2278 unam
1248 2237 1306 2279 D.
1346 2238 1495 2289 Silani,
1531 2238 1606 2293 qui
1639 2246 1800 2289 censet,

311 2298 441 2342 b-eOS,
469 2293 590 2348 llqui
622 2293 717 2334 haec
743 2293 882 2336 delere
913 2295 1058 2336 conati
1092 2304 1206 2344 sunt,
1238 2304 1377 2336 morte
1407 2309 1498 2336 esse
1527 2294 1799 2337 multandos:

354 2348 530 2391 alteram
554 2350 605 2391 C.
630 2350 829 2404 Caesaris,
852 2352 926 2407 qui
948 2352 1099 2393 mortis
1122 2367 1300 2408 poenam
1331 2350 1539 2404 removet,
1559 2362 1801 2394 ceterorum

392 2507 409 2535 8
442 2506 556 2536 multis
582 2505 662 2545 jam
687 2506 827 2547 judiciis
852 2506 1047 2547 judicastis]
1094 2517 1174 2547 quo:
1197 2507 1313 2538 deinde
1339 2507 1436 2538 debet
1457 2507 1523 2547 legi
1538 2508 1708 2544 inclinent,
1724 2517 1803 2548 pen.

348 2546 629 2586 Bynkershoekius
657 2549 778 2588 corrigi
808 2549 940 2580 volebat
966 2550 1050 2579 indi.
1096 2549 1151 2579 det
1173 2551 1262 2580 enim
1285 2550 1348 2581 hoc
1370 2550 1560 2590 aquidquid
1573 2554 1632 2586 ese,
1656 2559 1717 2580 nec
1739 2549 1801 2581 hoc

348 2590 416 2619 ciis.
447 2599 475 2619 v.
504 2590 624 2620 Vonck
651 2590 745 2621 Leet.
774 2601 806 2631 p.
843 2594 894 2622 53.
951 2592 1053 2622 Male.
1096 2593 1273 2631 separatim
1309 2592 1411 2632 accipi
1441 2597 1562 2632 potest.
1606 2592 1754 2623 Graevius
1782 2603 1802 2623 e

349 2631 462 2661 multis
480 2630 620 2671 judiciis
643 2638 693 2662 est
717 2633 832 2663 multis
856 2634 965 2670 rebuS,
980 2644 1058 2673 quas
1102 2633 1182 2663 Mss.
1199 2633 1324 2664 addidit
1338 2644 1383 2671 se,
1400 2644 1467 2664 non
1483 2635 1579 2665 male.

348 2679 463 2712 postea
477 2679 732 2710 commemorat,
753 2685 772 2705 e
794 2675 910 2714 quibus
934 2676 1058 2706 intelli·
1148 2679 1185 2706 10
1209 2677 1254 2706 ad
1268 2686 1321 2706 vos
1335 2677 1482 2707 delatum
1496 2676 1552 2716 sit]
1578 2674 1669 2707 Male
1691 2685 1803 2706 receu-

348 2715 500 2753 gebatur,
516 2716 594 2754 quid
613 2716 818 2754 judicarent,
843 2728 916 2757 quae
941 2727 989 2748 res
1012 2718 1060 2748 di·
1102 2718 1203 2748 tiores
1225 2718 1296 2748 edd.
1318 2728 1385 2749 nos.
1408 2727 1484 2748 nam
1508 2718 1622 2750 Cicero
1637 2717 1803 2750 detulerat

349 2762 473 2786 cuntur
494 2766 581 2798 saepe
595 2757 730 2798 judicia
750 2759 838 2800 apud
853 2761 1056 2791 Ciceronem.
1102 2759 1144 2790 ad
1158 2766 1322 2791 senatum.

350 2809 380 2828 v.
396 2799 491 2829 Clav.
1149 2805 1181 2832 11
1207 2803 1262 2841 qui
1276 2804 1342 2833 hoec
1355 2802 1463 2832 conati
1475 2801 1566 2842 sunt]
1588 2801 1803 2834 Sci-{bendum

393 2845 412 2874 9
435 2841 592 2880 quidquid
605 2845 664 2878 est,
680 2852 880 2883 quocumque
899 2853 931 2873 v.
949 2854 992 2874 m.
1007 2844 1059 2873 in·
1103 2843 1233 2875 videtur
1246 2845 1324 2883 siut,
1341 2843 1386 2874 Sic
1401 2848 1435 2876 et
1449 2844 1561 2885 paullo
1577 2848 1663 2886 post.

349 2884 492 2924 eliaam]
520 2883 667 2914 Primum
697 2895 895 2926 quocumque
921 2892 969 2917 est
999 2896 1059 2927 pro
