<?xml version="1.0" encoding="UTF-8"?>
<!DOCTYPE html PUBLIC "-//W3C//DTD XHTML 1.0 Transitional//EN"
    "http://www.w3.org/TR/xhtml1/DTD/xhtml1-transitional.dtd">
<html xmlns="http://www.w3.org/1999/xhtml" xml:lang="en" lang="en">
 <head>
  <title>
</title>
<meta http-equiv="Content-Type" content="text/html;charset=utf-8" />
  <meta name='ocr-system' content='tesseract 3.04.00' />
  <meta name='ocr-capabilities' content='ocr_page ocr_carea ocr_par ocr_line ocrx_word'/>
</head>
<body>
  <div class='ocr_page' id='page_1' title='image "./p1operaomnia02ciceuoft_0448.png"; bbox 0 0 1907 3231; ppageno 0'>
   <div class='ocr_carea' id='block_1_1' title="bbox 323 104 1236 148">
    <p class='ocr_par' dir='ltr' id='par_1_1' title="bbox 323 104 1236 148">
     <span class='ocr_line' id='line_1_1' title="bbox 323 104 1236 148; baseline -0.001 -2"><span class='ocrx_word' id='word_1_1' title='bbox 323 112 402 146; x_wconf 73' lang='lat'>4‘24</span> <span class='ocrx_word' id='word_1_2' title='bbox 734 137 742 142; x_wconf 74' lang='grc'>.</span> <span class='ocrx_word' id='word_1_3' title='bbox 811 104 1236 148; x_wconf 74' lang='lat' dir='ltr'><strong>-1N·.VER-REM</strong></span> 
     </span>
    </p>
   </div>
   <div class='ocr_carea' id='block_1_2' title="bbox 197 211 1767 2335">
    <p class='ocr_par' dir='ltr' id='par_1_2' title="bbox 245 211 1767 955">
     <span class='ocr_line' id='line_1_2' title="bbox 326 211 1765 270; baseline 0.002 -18"><span class='ocrx_word' id='word_1_4' title='bbox 326 212 579 268; x_wconf 86' lang='lat' dir='ltr'>incertoque</span> <span class='ocrx_word' id='word_1_5' title='bbox 598 212 789 270; x_wconf 82' lang='lat' dir='ltr'>periculo</span> <span class='ocrx_word' id='word_1_6' title='bbox 819 214 934 265; x_wconf 86' lang='lat' dir='ltr'>belli,</span> <span class='ocrx_word' id='word_1_7' title='bbox 969 222 1022 254; x_wconf 50' lang='lat' dir='ltr'>et*</span> <span class='ocrx_word' id='word_1_8' title='bbox 1046 223 1172 264; x_wconf 84' lang='lat' dir='ltr'>terra,</span> <span class='ocrx_word' id='word_1_9' title='bbox 1203 220 1248 253; x_wconf 85' lang='lat' dir='ltr'>et</span> <span class='ocrx_word' id='word_1_10' title='bbox 1273 211 1385 253; x_wconf 84' lang='lat' dir='ltr'>mari</span> <span class='ocrx_word' id='word_1_11' title='bbox 1419 222 1534 269; x_wconf 81' lang='lat' dir='ltr'>saepe</span> <span class='ocrx_word' id='word_1_12' title='bbox 1566 212 1765 255; x_wconf 58' lang='lat' dir='ltr'>offende*</span> 
     </span>
     <span class='ocr_line' id='line_1_3' title="bbox 325 269 1767 326; baseline 0.001 -17"><span class='ocrx_word' id='word_1_13' title='bbox 325 269 425 310; x_wconf 89' lang='lat' dir='ltr'>rint.</span> <span class='ocrx_word' id='word_1_14' title='bbox 487 269 660 312; x_wconf 79' lang='lat' dir='ltr'>Nullam</span> <span class='ocrx_word' id='word_1_15' title='bbox 692 272 773 313; x_wconf 89' lang='lat' dir='ltr'>tibi</span> <span class='ocrx_word' id='word_1_16' title='bbox 803 271 966 326; x_wconf 77' lang='lat' dir='ltr'>objicio</span> <span class='ocrx_word' id='word_1_17' title='bbox 996 270 1229 310; x_wconf 79' lang='lat' dir='ltr'>fortunam.</span> <span class='ocrx_word' id='word_1_18' title='bbox 1260 269 1371 311; x_wconf 84' lang='lat' dir='ltr'>nihil</span> <span class='ocrx_word' id='word_1_19' title='bbox 1396 279 1474 320; x_wconf 85' lang='lat' dir='ltr'>est,</span> <span class='ocrx_word' id='word_1_20' title='bbox 1496 271 1612 325; x_wconf 90' lang='lat' dir='ltr'>quod</span> <span class='ocrx_word' id='word_1_21' title='bbox 1641 280 1767 312; x_wconf 33' lang='lat' dir='ltr'>cete-⁴</span> 
     </span>
     <span class='ocr_line' id='line_1_4' title="bbox 324 326 1759 383; baseline 0.002 -16"><span class='ocrx_word' id='word_1_22' title='bbox 324 341 469 368; x_wconf 88' lang='lat' dir='ltr'>rorum</span> <span class='ocrx_word' id='word_1_23' title='bbox 492 342 557 369; x_wconf 92' lang='lat' dir='ltr'>res</span> <span class='ocrx_word' id='word_1_24' title='bbox 578 329 719 370; x_wconf 89' lang='lat' dir='ltr'>minus</span> <span class='ocrx_word' id='word_1_25' title='bbox 741 327 968 370; x_wconf 86' lang='lat' dir='ltr'>commode</span> <span class='ocrx_word' id='word_1_26' title='bbox 993 338 1140 382; x_wconf 79' lang='lat' dir='ltr'>gestas</span> <span class='ocrx_word' id='word_1_27' title='bbox 1161 326 1377 383; x_wconf 85' lang='lat' dir='ltr'>proferas:</span> <span class='ocrx_word' id='word_1_28' title='bbox 1410 327 1518 368; x_wconf 84' lang='lat' dir='ltr'>nihil</span> <span class='ocrx_word' id='word_1_29' title='bbox 1539 337 1619 379; x_wconf 90' lang='lat' dir='ltr'>est,</span> <span class='ocrx_word' id='word_1_30' title='bbox 1641 327 1759 383; x_wconf 90' lang='lat' dir='ltr'>quod</span> 
     </span>
     <span class='ocr_line' id='line_1_5' title="bbox 323 383 1762 441; baseline 0.001 -16"><span class='ocrx_word' id='word_1_31' title='bbox 323 384 558 426; x_wconf 84' lang='lat' dir='ltr'>multorum</span> <span class='ocrx_word' id='word_1_32' title='bbox 592 389 633 417; x_wconf 84' lang='lat'>50</span> <span class='ocrx_word' id='word_1_33' title='bbox 646 384 870 441; x_wconf 83' lang='lat' dir='ltr'>naufragia</span> <span class='ocrx_word' id='word_1_34' title='bbox 897 383 1085 425; x_wconf 77' lang='lat' dir='ltr'>fortunae</span> <span class='ocrx_word' id='word_1_35' title='bbox 1105 384 1313 440; x_wconf 81' lang='lat' dir='ltr'>colligas.</span> <span class='ocrx_word' id='word_1_36' title='bbox 1344 398 1426 440; x_wconf 87' lang='lat' dir='ltr'>ego</span> <span class='ocrx_word' id='word_1_37' title='bbox 1454 399 1585 426; x_wconf 85' lang='lat' dir='ltr'>naves</span> <span class='ocrx_word' id='word_1_38' title='bbox 1614 385 1762 426; x_wconf 75' lang='lat' dir='ltr'>inanes</span> 
     </span>
     <span class='ocr_line' id='line_1_6' title="bbox 325 439 1762 498; baseline 0.001 -16"><span class='ocrx_word' id='word_1_39' title='bbox 325 439 457 484; x_wconf 85' lang='lat' dir='ltr'>fuisse</span> <span class='ocrx_word' id='word_1_40' title='bbox 478 443 601 485; x_wconf 88' lang='lat' dir='ltr'>dico:</span> <span class='ocrx_word' id='word_1_41' title='bbox 633 442 814 497; x_wconf 82' lang='lat' dir='ltr'><strong>remiges</strong></span> <span class='ocrx_word' id='word_1_42' title='bbox 837 449 1073 496; x_wconf 79' lang='lat' dir='ltr'>nautasque</span> <span class='ocrx_word' id='word_1_43' title='bbox 1095 441 1320 483; x_wconf 84' lang='lat' dir='ltr'>dimissos:</span> <span class='ocrx_word' id='word_1_44' title='bbox 1350 442 1535 497; x_wconf 74' lang='lat' dir='ltr'>reliquos</span> <span class='ocrx_word' id='word_1_45' title='bbox 1554 442 1762 498; x_wconf 87' lang='lat' dir='ltr'>stirpibus</span> 
     </span>
     <span class='ocr_line' id='line_1_7' title="bbox 324 497 1760 556; baseline 0.001 -18"><span class='ocrx_word' id='word_1_46' title='bbox 324 499 486 542; x_wconf 83' lang='lat' dir='ltr'>vixisse</span> <span class='ocrx_word' id='word_1_47' title='bbox 522 501 780 556; x_wconf 86' lang='lat' dir='ltr'>palmarum:</span> <span class='ocrx_word' id='word_1_48' title='bbox 815 497 1038 554; x_wconf 84' lang='lat' dir='ltr'>praefuisse</span> <span class='ocrx_word' id='word_1_49' title='bbox 1070 498 1191 539; x_wconf 83' lang='lat' dir='ltr'>classi</span> <span class='ocrx_word' id='word_1_50' title='bbox 1226 498 1374 554; x_wconf 90' lang='lat' dir='ltr'>populi</span> <span class='ocrx_word' id='word_1_51' title='bbox 1412 499 1598 540; x_wconf 87' lang='lat' dir='ltr'>Romani</span> <span class='ocrx_word' id='word_1_52' title='bbox 1635 500 1760 541; x_wconf 89' lang='lat' dir='ltr'>Sicu-</span> 
     </span>
     <span class='ocr_line' id='line_1_8' title="bbox 325 554 1762 612; baseline 0.001 -16"><span class='ocrx_word' id='word_1_53' title='bbox 325 554 428 607; x_wconf 79' lang='lat' dir='ltr'>lum,</span> <span class='ocrx_word' id='word_1_54' title='bbox 460 560 493 587; x_wconf 86' lang='lat'>5¹</span> <span class='ocrx_word' id='word_1_55' title='bbox 510 555 757 612; x_wconf 80' lang='lat' dir='ltr'>[perpetuo]</span> <span class='ocrx_word' id='word_1_56' title='bbox 781 554 909 596; x_wconf 87' lang='lat' dir='ltr'>sociis</span> <span class='ocrx_word' id='word_1_57' title='bbox 931 564 1059 610; x_wconf 83' lang='lat' dir='ltr'>atque</span> <span class='ocrx_word' id='word_1_58' title='bbox 1076 555 1227 596; x_wconf 83' lang='lat' dir='ltr'>amicis</span> <span class='ocrx_word' id='word_1_59' title='bbox 1248 556 1592 611; x_wconf 80' lang='lat' dir='ltr'>Syracusanum:</span> <span class='ocrx_word' id='word_1_60' title='bbox 1623 566 1666 597; x_wconf 90' lang='lat' dir='ltr'>te</span> <span class='ocrx_word' id='word_1_61' title='bbox 1688 556 1762 598; x_wconf 88' lang='lat' dir='ltr'>illo</span> 
     </span>
     <span class='ocr_line' id='line_1_9' title="bbox 329 612 1762 669; baseline 0.001 -16"><span class='ocrx_word' id='word_1_62' title='bbox 329 623 522 669; x_wconf 87' lang='lat' dir='ltr'>tempore</span> <span class='ocrx_word' id='word_1_63' title='bbox 559 614 668 669; x_wconf 90' lang='lat' dir='ltr'>ipso,</span> <span class='ocrx_word' id='word_1_64' title='bbox 700 612 1076 668; x_wconf 80' lang='lat' dir='ltr'>superioribusque</span> <span class='ocrx_word' id='word_1_65' title='bbox 1117 612 1268 653; x_wconf 89' lang='lat' dir='ltr'>diebus</span> <span class='ocrx_word' id='word_1_66' title='bbox 1306 613 1522 665; x_wconf 88' lang='lat' dir='ltr'>omnibus,</span> <span class='ocrx_word' id='word_1_67' title='bbox 1553 614 1597 655; x_wconf 88' lang='lat' dir='ltr'>in</span> <span class='ocrx_word' id='word_1_68' title='bbox 1635 614 1762 655; x_wconf 84' lang='lat' dir='ltr'>litore</span> 
     </span>
     <span class='ocr_line' id='line_1_10' title="bbox 329 668 1761 727; baseline 0.001 -16"><span class='ocrx_word' id='word_1_69' title='bbox 329 686 428 712; x_wconf 89' lang='lat' dir='ltr'>cum</span> <span class='ocrx_word' id='word_1_70' title='bbox 468 668 727 711; x_wconf 81' lang='lat' dir='ltr'>mulierculis</span> <span class='ocrx_word' id='word_1_71' title='bbox 765 679 1012 727; x_wconf 77' lang='lat' dir='ltr'>perpotasse</span> <span class='ocrx_word' id='word_1_72' title='bbox 1048 669 1172 711; x_wconf 89' lang='lat' dir='ltr'>dico:</span> <span class='ocrx_word' id='word_1_73' title='bbox 1212 669 1364 710; x_wconf 90' lang='lat' dir='ltr'>harum</span> <span class='ocrx_word' id='word_1_74' title='bbox 1399 685 1537 712; x_wconf 88' lang='lat' dir='ltr'>rerum</span> <span class='ocrx_word' id='word_1_75' title='bbox 1567 672 1761 713; x_wconf 87' lang='lat' dir='ltr'>omnium</span> 
     </span>
     <span class='ocr_line' id='line_1_11' title="bbox 245 727 1761 783; baseline 0.001 -15"><span class='ocrx_word' id='word_1_76' title='bbox 245 728 318 762; x_wconf 64' lang='lat'>13⁶2</span> <span class='ocrx_word' id='word_1_77' title='bbox 329 738 523 769; x_wconf 83' lang='lat' dir='ltr'>auctores</span> <span class='ocrx_word' id='word_1_78' title='bbox 544 736 758 782; x_wconf 86' lang='lat' dir='ltr'>testesque</span> <span class='ocrx_word' id='word_1_79' title='bbox 780 728 987 783; x_wconf 83' lang='lat' dir='ltr'>produco.</span> <span class='ocrx_word' id='word_1_80' title='bbox 1049 727 1163 768; x_wconf 84' lang='lat' dir='ltr'>Num</span> <span class='ocrx_word' id='word_1_81' title='bbox 1197 727 1276 768; x_wconf 86' lang='lat' dir='ltr'>tibi</span> <span class='ocrx_word' id='word_1_82' title='bbox 1298 727 1501 769; x_wconf 85' lang='lat' dir='ltr'>insultare</span> <span class='ocrx_word' id='word_1_83' title='bbox 1522 728 1565 769; x_wconf 91' lang='lat' dir='ltr'>in</span> <span class='ocrx_word' id='word_1_84' title='bbox 1586 728 1761 770; x_wconf 83' lang='lat' dir='ltr'>calami-</span> 
     </span>
     <span class='ocr_line' id='line_1_12' title="bbox 328 783 1762 841; baseline 0.001 -16"><span class='ocrx_word' id='word_1_85' title='bbox 328 795 429 835; x_wconf 84' lang='lat' dir='ltr'>tate,</span> <span class='ocrx_word' id='word_1_86' title='bbox 452 799 554 825; x_wconf 87' lang='lat' dir='ltr'>num</span> <span class='ocrx_word' id='word_1_87' title='bbox 578 784 859 825; x_wconf 81' lang='lat' dir='ltr'>intercludere</span> <span class='ocrx_word' id='word_1_88' title='bbox 890 783 1137 841; x_wconf 83' lang='lat' dir='ltr'>perfugium</span> <span class='ocrx_word' id='word_1_89' title='bbox 1168 783 1368 834; x_wconf 73' lang='lat' dir='ltr'>fortunae,</span> <span class='ocrx_word' id='word_1_90' title='bbox 1390 799 1495 825; x_wconf 90' lang='lat' dir='ltr'>num</span> <span class='ocrx_word' id='word_1_91' title='bbox 1519 785 1762 838; x_wconf 67' lang='lat' dir='ltr'>casus-‘bel-</span> 
     </span>
     <span class='ocr_line' id='line_1_13' title="bbox 324 841 1762 898; baseline 0 -15"><span class='ocrx_word' id='word_1_92' title='bbox 324 842 430 884; x_wconf 87' lang='lat' dir='ltr'>lieos</span> <span class='ocrx_word' id='word_1_93' title='bbox 451 843 712 898; x_wconf 83' lang='lat' dir='ltr'>exprobrare</span> <span class='ocrx_word' id='word_1_94' title='bbox 733 852 808 883; x_wconf 84' lang='lat' dir='ltr'>aut</span> <span class='ocrx_word' id='word_1_95' title='bbox 835 842 1025 898; x_wconf 82' lang='lat' dir='ltr'>objicere</span> <span class='ocrx_word' id='word_1_96' title='bbox 1047 842 1218 883; x_wconf 87' lang='lat' dir='ltr'>videor?</span> <span class='ocrx_word' id='word_1_97' title='bbox 1249 842 1419 882; x_wconf 88' lang='lat' dir='ltr'>tametsi</span> <span class='ocrx_word' id='word_1_98' title='bbox 1449 841 1587 883; x_wconf 86' lang='lat' dir='ltr'>solent</span> <span class='ocrx_word' id='word_1_99' title='bbox 1606 842 1653 883; x_wconf 80' lang='lat' dir='ltr'>hi</span> <span class='ocrx_word' id='word_1_100' title='bbox 1673 842 1762 884; x_wconf 82' lang='lat' dir='ltr'>for-</span> 
     </span>
     <span class='ocr_line' id='line_1_14' title="bbox 327 898 1760 955; baseline 0.001 -15"><span class='ocrx_word' id='word_1_101' title='bbox 327 910 475 941; x_wconf 83' lang='lat' dir='ltr'>tunam</span> <span class='ocrx_word' id='word_1_102' title='bbox 509 900 590 940; x_wconf 91' lang='lat' dir='ltr'>sibi</span> <span class='ocrx_word' id='word_1_103' title='bbox 625 899 757 955; x_wconf 77' lang='lat' dir='ltr'>objici</span> <span class='ocrx_word' id='word_1_104' title='bbox 788 899 914 950; x_wconf 90' lang='lat' dir='ltr'>nolle,</span> <span class='ocrx_word' id='word_1_105' title='bbox 937 899 1010 955; x_wconf 89' lang='lat' dir='ltr'>qui</span> <span class='ocrx_word' id='word_1_106' title='bbox 1036 913 1080 940; x_wconf 85' lang='lat' dir='ltr'>se</span> <span class='ocrx_word' id='word_1_107' title='bbox 1112 898 1298 940; x_wconf 84' lang='lat' dir='ltr'>fortunae</span> <span class='ocrx_word' id='word_1_108' title='bbox 1331 899 1654 950; x_wconf 81' lang='lat' dir='ltr'>commiserunt,</span> <span class='ocrx_word' id='word_1_109' title='bbox 1684 899 1760 955; x_wconf 93' lang='lat' dir='ltr'>qui</span> 
     </span>
    </p>

    <p class='ocr_par' dir='ltr' id='par_1_3' title="bbox 246 955 1763 1467">
     <span class='ocr_line' id='line_1_15' title="bbox 326 955 1761 1012; baseline 0 -14"><span class='ocrx_word' id='word_1_110' title='bbox 326 957 371 999; x_wconf 91' lang='lat' dir='ltr'>in</span> <span class='ocrx_word' id='word_1_111' title='bbox 392 957 485 1012; x_wconf 83' lang='lat' dir='ltr'>ejus</span> <span class='ocrx_word' id='word_1_112' title='bbox 508 956 706 1012; x_wconf 85' lang='lat' dir='ltr'>periculis</span> <span class='ocrx_word' id='word_1_113' title='bbox 730 966 830 997; x_wconf 85' lang='lat' dir='ltr'>sunt</span> <span class='ocrx_word' id='word_1_114' title='bbox 850 972 900 998; x_wconf 82' lang='lat' dir='ltr'>ac</span> <span class='ocrx_word' id='word_1_115' title='bbox 928 957 1132 997; x_wconf 82' lang='lat' dir='ltr'>varietate</span> <span class='ocrx_word' id='word_1_116' title='bbox 1157 955 1327 997; x_wconf 87' lang='lat' dir='ltr'>versati.</span> <span class='ocrx_word' id='word_1_117' title='bbox 1348 956 1472 997; x_wconf 90' lang='lat' dir='ltr'>istius</span> <span class='ocrx_word' id='word_1_118' title='bbox 1493 957 1667 1012; x_wconf 86' lang='lat' dir='ltr'>quidem</span> <span class='ocrx_word' id='word_1_119' title='bbox 1689 972 1761 1003; x_wconf 79' lang='lat' dir='ltr'>ca-</span> 
     </span>
     <span class='ocr_line' id='line_1_16' title="bbox 326 1013 1760 1070; baseline 0 -15"><span class='ocrx_word' id='word_1_120' title='bbox 326 1015 530 1056; x_wconf 80' lang='lat' dir='ltr'>lamitatis</span> <span class='ocrx_word' id='word_1_121' title='bbox 554 1024 640 1054; x_wconf 79' lang='lat' dir='ltr'>tuae</span> <span class='ocrx_word' id='word_1_122' title='bbox 663 1014 834 1055; x_wconf 85' lang='lat' dir='ltr'>fortuna</span> <span class='ocrx_word' id='word_1_123' title='bbox 857 1014 1070 1070; x_wconf 84' lang='lat' dir='ltr'>particeps</span> <span class='ocrx_word' id='word_1_124' title='bbox 1104 1028 1190 1054; x_wconf 88' lang='lat' dir='ltr'>non</span> <span class='ocrx_word' id='word_1_125' title='bbox 1220 1014 1317 1054; x_wconf 91' lang='lat' dir='ltr'>fuit.</span> <span class='ocrx_word' id='word_1_126' title='bbox 1340 1013 1536 1055; x_wconf 82' lang='lat' dir='ltr'>homines</span> <span class='ocrx_word' id='word_1_127' title='bbox 1568 1014 1684 1055; x_wconf 85' lang='lat' dir='ltr'>enim</span> <span class='ocrx_word' id='word_1_128' title='bbox 1714 1015 1760 1056; x_wconf 88' lang='lat' dir='ltr'>in</span> 
     </span>
     <span class='ocr_line' id='line_1_17' title="bbox 327 1070 1762 1128; baseline -0.001 -15"><span class='ocrx_word' id='word_1_129' title='bbox 327 1072 502 1128; x_wconf 83' lang='lat' dir='ltr'>praeliis,</span> <span class='ocrx_word' id='word_1_130' title='bbox 533 1086 620 1113; x_wconf 89' lang='lat' dir='ltr'>non</span> <span class='ocrx_word' id='word_1_131' title='bbox 659 1071 701 1112; x_wconf 90' lang='lat' dir='ltr'>in</span> <span class='ocrx_word' id='word_1_132' title='bbox 737 1071 964 1122; x_wconf 90' lang='lat' dir='ltr'>conviviis,</span> <span class='ocrx_word' id='word_1_133' title='bbox 995 1070 1094 1111; x_wconf 86' lang='lat' dir='ltr'>belli</span> <span class='ocrx_word' id='word_1_134' title='bbox 1127 1070 1343 1111; x_wconf 87' lang='lat' dir='ltr'>fortunam</span> <span class='ocrx_word' id='word_1_135' title='bbox 1384 1080 1561 1122; x_wconf 88' lang='lat' dir='ltr'>tentare,</span> <span class='ocrx_word' id='word_1_136' title='bbox 1592 1071 1762 1128; x_wconf 90' lang='lat' dir='ltr'>pericli-</span> 
     </span>
     <span class='ocr_line' id='line_1_18' title="bbox 328 1126 1761 1171; baseline 0 -1"><span class='ocrx_word' id='word_1_137' title='bbox 328 1129 409 1170; x_wconf 81' lang='lat' dir='ltr'>tari</span> <span class='ocrx_word' id='word_1_138' title='bbox 432 1129 583 1170; x_wconf 87' lang='lat' dir='ltr'>solent.</span> <span class='ocrx_word' id='word_1_139' title='bbox 603 1129 646 1169; x_wconf 89' lang='lat' dir='ltr'>in</span> <span class='ocrx_word' id='word_1_140' title='bbox 666 1128 738 1169; x_wconf 90' lang='lat' dir='ltr'>illa</span> <span class='ocrx_word' id='word_1_141' title='bbox 755 1138 898 1169; x_wconf 89' lang='lat' dir='ltr'>autem</span> <span class='ocrx_word' id='word_1_142' title='bbox 916 1126 1160 1169; x_wconf 84' lang='lat' dir='ltr'>calamitate</span> <span class='ocrx_word' id='word_1_143' title='bbox 1177 1143 1264 1168; x_wconf 90' lang='lat' dir='ltr'>non</span> <span class='ocrx_word' id='word_1_144' title='bbox 1285 1127 1474 1170; x_wconf 73' lang='lat' dir='ltr'>Martem</span> <span class='ocrx_word' id='word_1_145' title='bbox 1493 1128 1625 1170; x_wconf 87' lang='lat' dir='ltr'>fuisse</span> <span class='ocrx_word' id='word_1_146' title='bbox 1641 1143 1761 1171; x_wconf 64' lang='lat' dir='ltr'>com⁴</span> 
     </span>
     <span class='ocr_line' id='line_1_19' title="bbox 328 1185 1762 1242; baseline 0.001 -15"><span class='ocrx_word' id='word_1_147' title='bbox 328 1201 518 1237; x_wconf 86' lang='lat' dir='ltr'>munem,</span> <span class='ocrx_word' id='word_1_148' title='bbox 550 1187 622 1227; x_wconf 86' lang='lat' dir='ltr'>sed</span> <span class='ocrx_word' id='word_1_149' title='bbox 645 1186 856 1227; x_wconf 85' lang='lat' dir='ltr'>Venerem</span> <span class='ocrx_word' id='word_1_150' title='bbox 885 1200 1110 1242; x_wconf 88' lang='lat' dir='ltr'>possumus</span> <span class='ocrx_word' id='word_1_151' title='bbox 1137 1185 1292 1227; x_wconf 87' lang='lat' dir='ltr'>dicere.</span> <span class='ocrx_word' id='word_1_152' title='bbox 1355 1186 1521 1231; x_wconf 84' lang='lat' dir='ltr'>Quodsi</span> <span class='ocrx_word' id='word_1_153' title='bbox 1543 1185 1762 1228; x_wconf 83' lang='lat' dir='ltr'>fortunam</span> 
     </span>
     <span class='ocr_line' id='line_1_20' title="bbox 330 1242 1762 1300; baseline -0.001 -15"><span class='ocrx_word' id='word_1_154' title='bbox 330 1244 464 1300; x_wconf 76' lang='lat' dir='ltr'>objici</span> <span class='ocrx_word' id='word_1_155' title='bbox 495 1244 574 1284; x_wconf 85' lang='lat' dir='ltr'>tibi</span> <span class='ocrx_word' id='word_1_156' title='bbox 610 1258 696 1284; x_wconf 91' lang='lat' dir='ltr'>non</span> <span class='ocrx_word' id='word_1_157' title='bbox 731 1253 918 1299; x_wconf 85' lang='lat' dir='ltr'>oportet,</span> <span class='ocrx_word' id='word_1_158' title='bbox 949 1257 1024 1284; x_wconf 81' lang='lat' dir='ltr'>cur</span> <span class='ocrx_word' id='word_1_159' title='bbox 1060 1252 1105 1283; x_wconf 89' lang='lat' dir='ltr'>tu</span> <span class='ocrx_word' id='word_1_160' title='bbox 1139 1242 1324 1284; x_wconf 82' lang='lat' dir='ltr'>fortunae</span> <span class='ocrx_word' id='word_1_161' title='bbox 1355 1242 1524 1284; x_wconf 90' lang='lat' dir='ltr'>illorum</span> <span class='ocrx_word' id='word_1_162' title='bbox 1556 1243 1762 1285; x_wconf 84' lang='lat' dir='ltr'>innocen-</span> 
     </span>
     <span class='ocr_line' id='line_1_21' title="bbox 246 1299 1762 1356; baseline -0.001 -13"><span class='ocrx_word' id='word_1_163' title='bbox 246 1302 317 1337; x_wconf 84' lang='lat'>133</span> <span class='ocrx_word' id='word_1_164' title='bbox 331 1302 440 1343; x_wconf 88' lang='lat' dir='ltr'>tium</span> <span class='ocrx_word' id='word_1_165' title='bbox 462 1302 631 1342; x_wconf 88' lang='lat' dir='ltr'>veniam</span> <span class='ocrx_word' id='word_1_166' title='bbox 662 1316 713 1342; x_wconf 90' lang='lat' dir='ltr'>ac</span> <span class='ocrx_word' id='word_1_167' title='bbox 743 1301 886 1342; x_wconf 86' lang='lat' dir='ltr'>locum</span> <span class='ocrx_word' id='word_1_168' title='bbox 919 1315 1005 1342; x_wconf 90' lang='lat' dir='ltr'>non</span> <span class='ocrx_word' id='word_1_169' title='bbox 1037 1300 1218 1342; x_wconf 86' lang='lat' dir='ltr'>dedisti?</span> <span class='ocrx_word' id='word_1_170' title='bbox 1250 1299 1394 1340; x_wconf 87' lang='lat' dir='ltr'>Etiam</span> <span class='ocrx_word' id='word_1_171' title='bbox 1427 1300 1530 1341; x_wconf 89' lang='lat' dir='ltr'>illud</span> <span class='ocrx_word' id='word_1_172' title='bbox 1553 1301 1762 1356; x_wconf 82' lang='lat' dir='ltr'>praecidas</span> 
     </span>
     <span class='ocr_line' id='line_1_22' title="bbox 327 1357 1763 1414; baseline -0.001 -14"><span class='ocrx_word' id='word_1_173' title='bbox 327 1359 443 1410; x_wconf 85' lang='lat' dir='ltr'>licet,</span> <span class='ocrx_word' id='word_1_174' title='bbox 473 1359 589 1414; x_wconf 88' lang='lat' dir='ltr'>quod</span> <span class='ocrx_word' id='word_1_175' title='bbox 611 1357 871 1414; x_wconf 88' lang='lat' dir='ltr'>supplicium</span> <span class='ocrx_word' id='word_1_176' title='bbox 899 1373 1018 1399; x_wconf 88' lang='lat' dir='ltr'>more</span> <span class='ocrx_word' id='word_1_177' title='bbox 1049 1357 1263 1412; x_wconf 77' lang='lat' dir='ltr'>majorum</span> <span class='ocrx_word' id='word_1_178' title='bbox 1296 1358 1510 1409; x_wconf 68' lang='lat' dir='ltr'>sumeris,</span> <span class='ocrx_word' id='word_1_179' title='bbox 1541 1358 1763 1413; x_wconf 86' lang='lat' dir='ltr'>securique</span> 
     </span>
     <span class='ocr_line' id='line_1_23' title="bbox 360 1415 1761 1467; baseline -0.001 -10"><span class='ocrx_word' id='word_1_180' title='bbox 360 1417 600 1467; x_wconf 80' lang='lat' dir='ltr'>ercusseriS,</span> <span class='ocrx_word' id='word_1_181' title='bbox 632 1417 793 1457; x_wconf 87' lang='lat' dir='ltr'>idcirco</span> <span class='ocrx_word' id='word_1_182' title='bbox 829 1431 855 1457; x_wconf 90' lang='lat' dir='ltr'>a</span> <span class='ocrx_word' id='word_1_183' title='bbox 889 1430 957 1456; x_wconf 91' lang='lat' dir='ltr'>me</span> <span class='ocrx_word' id='word_1_184' title='bbox 994 1415 1037 1456; x_wconf 90' lang='lat' dir='ltr'>in</span> <span class='ocrx_word' id='word_1_185' title='bbox 1074 1415 1236 1456; x_wconf 86' lang='lat' dir='ltr'>crimen</span> <span class='ocrx_word' id='word_1_186' title='bbox 1269 1423 1314 1455; x_wconf 90' lang='lat' dir='ltr'>et</span> <span class='ocrx_word' id='word_1_187' title='bbox 1353 1415 1559 1456; x_wconf 85' lang='lat' dir='ltr'>invidiam</span> <span class='ocrx_word' id='word_1_188' title='bbox 1582 1415 1761 1457; x_wconf 83' lang='lat' dir='ltr'>.vocari.</span> 
     </span>
    </p>

    <p class='ocr_par' dir='ltr' id='par_1_4' title="bbox 328 1433 1763 1530">
     <span class='ocr_line' id='line_1_24' title="bbox 328 1433 1763 1530; baseline -0.001 -14"><span class='ocrx_word' id='word_1_189' title='bbox 328 1433 369 1516; x_wconf 47' lang='grc' dir='ltr'>ΞΤ</span> <span class='ocrx_word' id='word_1_190' title='bbox 375 1489 431 1516; x_wconf 91' lang='lat' dir='ltr'>on</span> <span class='ocrx_word' id='word_1_191' title='bbox 454 1474 496 1515; x_wconf 89' lang='lat' dir='ltr'>in</span> <span class='ocrx_word' id='word_1_192' title='bbox 515 1473 727 1530; x_wconf 87' lang='lat' dir='ltr'>supplicio</span> <span class='ocrx_word' id='word_1_193' title='bbox 742 1474 905 1514; x_wconf 85' lang='lat' dir='ltr'>crimen</span> <span class='ocrx_word' id='word_1_194' title='bbox 924 1487 1068 1514; x_wconf 88' lang='lat' dir='ltr'>meum</span> <span class='ocrx_word' id='word_1_195' title='bbox 1087 1472 1288 1513; x_wconf 79' lang='lat' dir='ltr'>vertitur:</span> <span class='ocrx_word' id='word_1_196' title='bbox 1319 1487 1406 1513; x_wconf 90' lang='lat' dir='ltr'>non</span> <span class='ocrx_word' id='word_1_197' title='bbox 1428 1486 1510 1528; x_wconf 88' lang='lat' dir='ltr'>ego</span> <span class='ocrx_word' id='word_1_198' title='bbox 1533 1473 1669 1514; x_wconf 89' lang='lat' dir='ltr'>securi</span> <span class='ocrx_word' id='word_1_199' title='bbox 1687 1487 1763 1515; x_wconf 89' lang='lat' dir='ltr'>ne-</span> 
     </span>
    </p>

    <p class='ocr_par' dir='ltr' id='par_1_5' title="bbox 326 1529 1762 1644">
     <span class='ocr_line' id='line_1_25' title="bbox 327 1529 1762 1588; baseline -0.001 -15"><span class='ocrx_word' id='word_1_200' title='bbox 327 1548 384 1588; x_wconf 83' lang='lat' dir='ltr'>go</span> <span class='ocrx_word' id='word_1_201' title='bbox 407 1546 665 1588; x_wconf 87' lang='lat' dir='ltr'>quemquam</span> <span class='ocrx_word' id='word_1_202' title='bbox 687 1531 804 1572; x_wconf 89' lang='lat' dir='ltr'>feriri</span> <span class='ocrx_word' id='word_1_203' title='bbox 826 1531 1002 1572; x_wconf 89' lang='lat' dir='ltr'>debere:</span> <span class='ocrx_word' id='word_1_204' title='bbox 1035 1544 1122 1570; x_wconf 89' lang='lat' dir='ltr'>non</span> <span class='ocrx_word' id='word_1_205' title='bbox 1142 1544 1224 1585; x_wconf 82' lang='lat' dir='ltr'>ego</span> <span class='ocrx_word' id='word_1_206' title='bbox 1242 1538 1405 1570; x_wconf 89' lang='lat' dir='ltr'>metum</span> <span class='ocrx_word' id='word_1_207' title='bbox 1427 1543 1483 1570; x_wconf 82' lang='lat' dir='ltr'>ex</span> <span class='ocrx_word' id='word_1_208' title='bbox 1505 1544 1549 1570; x_wconf 89' lang='lat' dir='ltr'>re</span> <span class='ocrx_word' id='word_1_209' title='bbox 1569 1529 1762 1580; x_wconf 86' lang='lat' dir='ltr'>militari,</span> 
     </span>
     <span class='ocr_line' id='line_1_26' title="bbox 326 1586 1762 1644; baseline -0.001 -14"><span class='ocrx_word' id='word_1_210' title='bbox 326 1604 414 1630; x_wconf 89' lang='lat' dir='ltr'>non</span> <span class='ocrx_word' id='word_1_211' title='bbox 456 1588 727 1631; x_wconf 84' lang='lat' dir='ltr'>severitatem</span> <span class='ocrx_word' id='word_1_212' title='bbox 765 1588 949 1644; x_wconf 89' lang='lat' dir='ltr'>imperii,</span> <span class='ocrx_word' id='word_1_213' title='bbox 990 1602 1077 1629; x_wconf 91' lang='lat' dir='ltr'>non</span> <span class='ocrx_word' id='word_1_214' title='bbox 1117 1601 1293 1643; x_wconf 87' lang='lat' dir='ltr'>poenam</span> <span class='ocrx_word' id='word_1_215' title='bbox 1333 1586 1504 1643; x_wconf 78' lang='lat' dir='ltr'>flagitii,</span> <span class='ocrx_word' id='word_1_216' title='bbox 1534 1586 1625 1628; x_wconf 87' lang='lat' dir='ltr'>tolli</span> <span class='ocrx_word' id='word_1_217' title='bbox 1662 1587 1762 1629; x_wconf 88' lang='lat' dir='ltr'>dico</span> 
     </span>
    </p>

    <p class='ocr_par' dir='ltr' id='par_1_6' title="bbox 197 1643 1763 2335">
     <span class='ocr_line' id='line_1_27' title="bbox 197 1643 1761 1703; baseline 0.001 -18"><span class='ocrx_word' id='word_1_218' title='bbox 197 1665 230 1697; x_wconf 78' lang='lat' dir='ltr'>p.</span> <span class='ocrx_word' id='word_1_219' title='bbox 243 1656 314 1686; x_wconf 71' lang='lat'>263.</span> <span class='ocrx_word' id='word_1_220' title='bbox 330 1655 542 1703; x_wconf 86' lang='lat' dir='ltr'>oportere.</span> <span class='ocrx_word' id='word_1_221' title='bbox 602 1646 758 1687; x_wconf 88' lang='lat' dir='ltr'>Fateor</span> <span class='ocrx_word' id='word_1_222' title='bbox 778 1661 866 1686; x_wconf 90' lang='lat' dir='ltr'>non</span> <span class='ocrx_word' id='word_1_223' title='bbox 888 1645 1018 1686; x_wconf 76' lang='lat' dir='ltr'>:nodo</span> <span class='ocrx_word' id='word_1_224' title='bbox 1049 1645 1092 1686; x_wconf 90' lang='lat' dir='ltr'>in</span> <span class='ocrx_word' id='word_1_225' title='bbox 1123 1644 1277 1694; x_wconf 89' lang='lat' dir='ltr'>socios,</span> <span class='ocrx_word' id='word_1_226' title='bbox 1307 1643 1381 1684; x_wconf 88' lang='lat' dir='ltr'>sed</span> <span class='ocrx_word' id='word_1_227' title='bbox 1409 1643 1539 1684; x_wconf 86' lang='lat' dir='ltr'>etiam</span> <span class='ocrx_word' id='word_1_228' title='bbox 1572 1644 1615 1685; x_wconf 92' lang='lat' dir='ltr'>in</span> <span class='ocrx_word' id='word_1_229' title='bbox 1645 1645 1761 1686; x_wconf 86' lang='lat' dir='ltr'>cives</span> 
     </span>
     <span class='ocr_line' id='line_1_28' title="bbox 289 1701 1762 1759; baseline -0.002 -14"><span class='ocrx_word' id='word_1_230' title='bbox 289 1708 318 1728; x_wconf 85' lang='lat' dir='ltr'>a.</span> <span class='ocrx_word' id='word_1_231' title='bbox 329 1705 573 1759; x_wconf 86' lang='lat' dir='ltr'>militesque</span> <span class='ocrx_word' id='word_1_232' title='bbox 595 1713 778 1753; x_wconf 79' lang='lat' dir='ltr'>nostrOS‚</span> <span class='ocrx_word' id='word_1_233' title='bbox 810 1717 1001 1759; x_wconf 71' lang='lat' dir='ltr'>persaepe</span> <span class='ocrx_word' id='word_1_234' title='bbox 1022 1716 1112 1742; x_wconf 89' lang='lat' dir='ltr'>esse</span> <span class='ocrx_word' id='word_1_235' title='bbox 1135 1715 1278 1742; x_wconf 79' lang='lat' dir='ltr'>severe</span> <span class='ocrx_word' id='word_1_236' title='bbox 1299 1716 1349 1742; x_wconf 89' lang='lat' dir='ltr'>ac</span> <span class='ocrx_word' id='word_1_237' title='bbox 1371 1701 1646 1744; x_wconf 87' lang='lat' dir='ltr'>vehementer</span> <span class='ocrx_word' id='word_1_238' title='bbox 1666 1702 1762 1742; x_wconf 73' lang='lat' dir='ltr'>vin-</span> 
     </span>
     <span class='ocr_line' id='line_1_29' title="bbox 247 1757 1762 1816; baseline -0.002 -13"><span class='ocrx_word' id='word_1_239' title='bbox 247 1762 312 1811; x_wconf 79' lang='grc'>51</span> <span class='ocrx_word' id='word_1_240' title='bbox 331 1763 536 1803; x_wconf 84' lang='lat' dir='ltr'>dicatum.</span> <span class='ocrx_word' id='word_1_241' title='bbox 589 1761 733 1807; x_wconf 83' lang='lat' dir='ltr'>Quare</span> <span class='ocrx_word' id='word_1_242' title='bbox 756 1761 850 1801; x_wconf 82' lang='lat' dir='ltr'>haec</span> <span class='ocrx_word' id='word_1_243' title='bbox 869 1774 1042 1816; x_wconf 89' lang='lat' dir='ltr'>quoque</span> <span class='ocrx_word' id='word_1_244' title='bbox 1064 1758 1368 1815; x_wconf 69' lang='lat' dir='ltr'>praetermittas</span> <span class='ocrx_word' id='word_1_245' title='bbox 1390 1757 1504 1799; x_wconf 89' lang='lat' dir='ltr'>licet.</span> <span class='ocrx_word' id='word_1_246' title='bbox 1554 1757 1649 1815; x_wconf 84' lang='lat' dir='ltr'>Ego</span> <span class='ocrx_word' id='word_1_247' title='bbox 1671 1759 1762 1800; x_wconf 89' lang='lat' dir='ltr'>cul-</span> 
     </span>
     <span class='ocr_line' id='line_1_30' title="bbox 331 1816 1762 1875; baseline -0.001 -15"><span class='ocrx_word' id='word_1_248' title='bbox 331 1834 429 1875; x_wconf 83' lang='lat' dir='ltr'>pam</span> <span class='ocrx_word' id='word_1_249' title='bbox 448 1834 533 1860; x_wconf 89' lang='lat' dir='ltr'>non</span> <span class='ocrx_word' id='word_1_250' title='bbox 557 1818 600 1859; x_wconf 91' lang='lat' dir='ltr'>in</span> <span class='ocrx_word' id='word_1_251' title='bbox 625 1817 864 1869; x_wconf 66' lang='lat' dir='ltr'>nami-obis,</span> <span class='ocrx_word' id='word_1_252' title='bbox 885 1818 958 1858; x_wconf 87' lang='lat' dir='ltr'>sed</span> <span class='ocrx_word' id='word_1_253' title='bbox 979 1818 1022 1858; x_wconf 89' lang='lat' dir='ltr'>in</span> <span class='ocrx_word' id='word_1_254' title='bbox 1039 1826 1080 1857; x_wconf 88' lang='lat' dir='ltr'>te</span> <span class='ocrx_word' id='word_1_255' title='bbox 1104 1816 1233 1857; x_wconf 85' lang='lat' dir='ltr'>fuisse</span> <span class='ocrx_word' id='word_1_256' title='bbox 1249 1816 1518 1857; x_wconf 88' lang='lat' dir='ltr'>demonstro:</span> <span class='ocrx_word' id='word_1_257' title='bbox 1550 1825 1592 1856; x_wconf 86' lang='lat' dir='ltr'>te</span> <span class='ocrx_word' id='word_1_258' title='bbox 1613 1818 1653 1847; x_wconf 73' lang='lat'>5⁶2</span> <span class='ocrx_word' id='word_1_259' title='bbox 1667 1831 1762 1872; x_wconf 83' lang='lat' dir='ltr'>pre·</span> 
     </span>
     <span class='ocr_line' id='line_1_31' title="bbox 327 1872 1763 1931; baseline -0.002 -13"><span class='ocrx_word' id='word_1_260' title='bbox 327 1878 391 1918; x_wconf 88' lang='lat' dir='ltr'>tio</span> <span class='ocrx_word' id='word_1_261' title='bbox 411 1877 567 1918; x_wconf 85' lang='lat' dir='ltr'>milites</span> <span class='ocrx_word' id='word_1_262' title='bbox 589 1875 857 1931; x_wconf 84' lang='lat' dir='ltr'>remigesque</span> <span class='ocrx_word' id='word_1_263' title='bbox 878 1875 1089 1916; x_wconf 86' lang='lat' dir='ltr'>dimisisse</span> <span class='ocrx_word' id='word_1_264' title='bbox 1106 1888 1256 1930; x_wconf 81' lang='lat' dir='ltr'>arguo.</span> <span class='ocrx_word' id='word_1_265' title='bbox 1318 1872 1418 1914; x_wconf 88' lang='lat' dir='ltr'>Hoc</span> <span class='ocrx_word' id='word_1_266' title='bbox 1441 1873 1644 1914; x_wconf 79' lang='lat' dir='ltr'>navarchi</span> <span class='ocrx_word' id='word_1_267' title='bbox 1668 1873 1763 1915; x_wconf 86' lang='lat' dir='ltr'>reli·-</span> 
     </span>
     <span class='ocr_line' id='line_1_32' title="bbox 327 1930 1760 1990; baseline -0.001 -15"><span class='ocrx_word' id='word_1_268' title='bbox 327 1935 400 1990; x_wconf 88' lang='lat' dir='ltr'>qui</span> <span class='ocrx_word' id='word_1_269' title='bbox 423 1935 598 1975; x_wconf 88' lang='lat' dir='ltr'>dicunt:</span> <span class='ocrx_word' id='word_1_270' title='bbox 631 1933 714 1974; x_wconf 89' lang='lat' dir='ltr'>hoc</span> <span class='ocrx_word' id='word_1_271' title='bbox 737 1933 995 1973; x_wconf 81' lang='lat' dir='ltr'>Netinorum</span> <span class='ocrx_word' id='word_1_272' title='bbox 1020 1931 1232 1973; x_wconf 80' lang='lat' dir='ltr'>foederata</span> <span class='ocrx_word' id='word_1_273' title='bbox 1253 1930 1404 1971; x_wconf 81' lang='lat' dir='ltr'>civitas</span> <span class='ocrx_word' id='word_1_274' title='bbox 1429 1930 1600 1986; x_wconf 88' lang='lat' dir='ltr'>publice</span> <span class='ocrx_word' id='word_1_275' title='bbox 1628 1931 1760 1973; x_wconf 88' lang='lat' dir='ltr'>dicit:</span> 
     </span>
     <span class='ocr_line' id='line_1_33' title="bbox 326 1987 1762 2045; baseline -0.003 -11"><span class='ocrx_word' id='word_1_276' title='bbox 326 1992 411 2034; x_wconf 86' lang='lat' dir='ltr'>hoc</span> <span class='ocrx_word' id='word_1_277' title='bbox 435 1991 732 2040; x_wconf 85' lang='lat' dir='ltr'>Herbitenses,</span> <span class='ocrx_word' id='word_1_278' title='bbox 754 1990 837 2031; x_wconf 85' lang='lat' dir='ltr'>hoc</span> <span class='ocrx_word' id='word_1_279' title='bbox 859 1989 1155 2039; x_wconf 86' lang='lat' dir='ltr'>Amestratini,</span> <span class='ocrx_word' id='word_1_280' title='bbox 1177 1988 1260 2029; x_wconf 91' lang='lat' dir='ltr'>hoc</span> <span class='ocrx_word' id='word_1_281' title='bbox 1283 1987 1517 2039; x_wconf 90' lang='lat' dir='ltr'>Ennenses,</span> <span class='ocrx_word' id='word_1_282' title='bbox 1539 1987 1622 2029; x_wconf 85' lang='lat' dir='ltr'>hoc</span> <span class='ocrx_word' id='word_1_283' title='bbox 1640 1987 1712 2045; x_wconf 85' lang='lat' dir='ltr'>Ag</span> <span class='ocrx_word' id='word_1_284' title='bbox 1743 2012 1762 2022; x_wconf 89' lang='lat'>-</span> 
     </span>
     <span class='ocr_line' id='line_1_34' title="bbox 327 2044 1762 2104; baseline -0.003 -13"><span class='ocrx_word' id='word_1_285' title='bbox 327 2050 531 2099; x_wconf 88' lang='lat' dir='ltr'>rinenses,</span> <span class='ocrx_word' id='word_1_286' title='bbox 553 2047 851 2104; x_wconf 87' lang='lat' dir='ltr'>Tyndaritani,</span> <span class='ocrx_word' id='word_1_287' title='bbox 874 2046 1147 2101; x_wconf 87' lang='lat' dir='ltr'>[Locrenses]</span> <span class='ocrx_word' id='word_1_288' title='bbox 1171 2045 1342 2102; x_wconf 89' lang='lat' dir='ltr'>publice</span> <span class='ocrx_word' id='word_1_289' title='bbox 1363 2044 1538 2088; x_wconf 87' lang='lat' dir='ltr'>dicunt:</span> <span class='ocrx_word' id='word_1_290' title='bbox 1571 2055 1669 2087; x_wconf 85' lang='lat' dir='ltr'>tuus</span> <span class='ocrx_word' id='word_1_291' title='bbox 1689 2046 1762 2087; x_wconf 84' lang='lat' dir='ltr'>de·</span> 
     </span>
     <span class='ocr_line' id='line_1_35' title="bbox 325 2102 1762 2162; baseline -0.003 -14"><span class='ocrx_word' id='word_1_292' title='bbox 325 2109 458 2162; x_wconf 79' lang='lat' dir='ltr'>:nique</span> <span class='ocrx_word' id='word_1_293' title='bbox 480 2106 616 2157; x_wconf 86' lang='lat' dir='ltr'>testis,</span> <span class='ocrx_word' id='word_1_294' title='bbox 637 2115 734 2146; x_wconf 87' lang='lat' dir='ltr'>tuus</span> <span class='ocrx_word' id='word_1_295' title='bbox 751 2105 996 2160; x_wconf 87' lang='lat' dir='ltr'>imperator,</span> <span class='ocrx_word' id='word_1_296' title='bbox 1020 2114 1116 2145; x_wconf 88' lang='lat' dir='ltr'>tuus</span> <span class='ocrx_word' id='word_1_297' title='bbox 1140 2104 1294 2158; x_wconf 87' lang='lat' dir='ltr'>hospes</span> <span class='ocrx_word' id='word_1_298' title='bbox 1319 2102 1571 2144; x_wconf 86' lang='lat' dir='ltr'>Cleomenes</span> <span class='ocrx_word' id='word_1_299' title='bbox 1591 2102 1675 2144; x_wconf 90' lang='lat' dir='ltr'>hoc</span> <span class='ocrx_word' id='word_1_300' title='bbox 1697 2102 1762 2144; x_wconf 84' lang='lat' dir='ltr'>di-</span> 
     </span>
     <span class='ocr_line' id='line_1_36' title="bbox 327 2159 1762 2217; baseline -0.002 -13"><span class='ocrx_word' id='word_1_301' title='bbox 327 2165 402 2214; x_wconf 87' lang='lat' dir='ltr'>cit,</span> <span class='ocrx_word' id='word_1_302' title='bbox 422 2168 515 2204; x_wconf 62' lang='lat' dir='ltr'>‘sese</span> <span class='ocrx_word' id='word_1_303' title='bbox 546 2164 587 2203; x_wconf 89' lang='lat' dir='ltr'>in</span> <span class='ocrx_word' id='word_1_304' title='bbox 620 2172 775 2203; x_wconf 88' lang='lat' dir='ltr'>terram</span> <span class='ocrx_word' id='word_1_305' title='bbox 808 2177 898 2203; x_wconf 88' lang='lat' dir='ltr'>esse</span> <span class='ocrx_word' id='word_1_306' title='bbox 924 2176 1159 2217; x_wconf 83' lang='lat' dir='ltr'>egressum,</span> <span class='ocrx_word' id='word_1_307' title='bbox 1182 2160 1243 2201; x_wconf 86' lang='lat' dir='ltr'>uti</span> <span class='ocrx_word' id='word_1_308' title='bbox 1281 2159 1505 2215; x_wconf 83' lang='lat' dir='ltr'>Pachyno,</span> <span class='ocrx_word' id='word_1_309' title='bbox 1527 2174 1550 2201; x_wconf 91' lang='lat' dir='ltr'>e</span> <span class='ocrx_word' id='word_1_310' title='bbox 1575 2160 1762 2201; x_wconf 81' lang='lat' dir='ltr'>terrestri</span> 
     </span>
     <span class='ocr_line' id='line_1_37' title="bbox 327 2216 1762 2278; baseline -0.003 -16"><span class='ocrx_word' id='word_1_311' title='bbox 327 2221 544 2278; x_wconf 67' lang='lat' dir='ltr'>praesidio,</span> <span class='ocrx_word' id='word_1_312' title='bbox 586 2220 743 2261; x_wconf 82' lang='lat' dir='ltr'>milites</span> <span class='ocrx_word' id='word_1_313' title='bbox 784 2219 1020 2276; x_wconf 82' lang='lat' dir='ltr'>colligeret,</span> <span class='ocrx_word' id='word_1_314' title='bbox 1067 2233 1175 2274; x_wconf 91' lang='lat' dir='ltr'>quos</span> <span class='ocrx_word' id='word_1_315' title='bbox 1214 2217 1257 2258; x_wconf 90' lang='lat' dir='ltr'>in</span> <span class='ocrx_word' id='word_1_316' title='bbox 1299 2217 1481 2258; x_wconf 80' lang='lat' dir='ltr'>navibus</span> <span class='ocrx_word' id='word_1_317' title='bbox 1519 2216 1762 2259; x_wconf 87' lang='lat' dir='ltr'>collocaret.</span> 
     </span>
     <span class='ocr_line' id='line_1_38' title="bbox 326 2273 1760 2335; baseline -0.002 -16"><span class='ocrx_word' id='word_1_318' title='bbox 326 2280 443 2335; x_wconf 89' lang='lat' dir='ltr'>quod</span> <span class='ocrx_word' id='word_1_319' title='bbox 465 2288 581 2320; x_wconf 86' lang='lat' dir='ltr'>certe</span> <span class='ocrx_word' id='word_1_320' title='bbox 605 2292 691 2318; x_wconf 89' lang='lat' dir='ltr'>non</span> <span class='ocrx_word' id='word_1_321' title='bbox 715 2276 900 2329; x_wconf 86' lang='lat' dir='ltr'>fecisset,</span> <span class='ocrx_word' id='word_1_322' title='bbox 932 2277 965 2318; x_wconf 90' lang='lat' dir='ltr'>si</span> <span class='ocrx_word' id='word_1_323' title='bbox 991 2290 1115 2317; x_wconf 89' lang='lat' dir='ltr'>suum</span> <span class='ocrx_word' id='word_1_324' title='bbox 1137 2289 1364 2317; x_wconf 87' lang='lat' dir='ltr'>numerum</span> <span class='ocrx_word' id='word_1_325' title='bbox 1385 2289 1515 2316; x_wconf 77' lang='lat' dir='ltr'>naves</span> <span class='ocrx_word' id='word_1_326' title='bbox 1538 2273 1760 2316; x_wconf 85' lang='lat' dir='ltr'>haberent.</span> 
     </span>
    </p>
   </div>
   <div class='ocr_carea' id='block_1_3' title="bbox 313 2434 1763 2901">
    <p class='ocr_par' dir='ltr' id='par_1_7' title="bbox 313 2434 1763 2728">
     <span class='ocr_line' id='line_1_39' title="bbox 359 2434 1763 2480; baseline -0.003 -10"><span class='ocrx_word' id='word_1_327' title='bbox 359 2443 400 2470; x_wconf 88' lang='grc'>50</span> <span class='ocrx_word' id='word_1_328' title='bbox 414 2439 748 2480; x_wconf 64' lang='lat' dir='ltr'>natffragiasortunoe</span> <span class='ocrx_word' id='word_1_329' title='bbox 757 2436 905 2478; x_wconf 74' lang='lat' dir='ltr'>colligas]</span> <span class='ocrx_word' id='word_1_330' title='bbox 921 2438 1020 2469; x_wconf 82' lang='lat' dir='ltr'>Nau·</span> <span class='ocrx_word' id='word_1_331' title='bbox 1064 2437 1115 2467; x_wconf 86' lang='lat' dir='ltr'>nit</span> <span class='ocrx_word' id='word_1_332' title='bbox 1130 2436 1164 2467; x_wconf 87' lang='lat' dir='ltr'>in</span> <span class='ocrx_word' id='word_1_333' title='bbox 1180 2440 1326 2467; x_wconf 85' lang='lat' dir='ltr'>mentem</span> <span class='ocrx_word' id='word_1_334' title='bbox 1342 2434 1441 2465; x_wconf 78' lang='lat' dir='ltr'>fuisse</span> <span class='ocrx_word' id='word_1_335' title='bbox 1457 2434 1494 2465; x_wconf 88' lang='lat' dir='ltr'>P.</span> <span class='ocrx_word' id='word_1_336' title='bbox 1507 2434 1546 2466; x_wconf 86' lang='lat' dir='ltr'>R.</span> <span class='ocrx_word' id='word_1_337' title='bbox 1562 2444 1639 2465; x_wconf 88' lang='lat' dir='ltr'>nam</span> <span class='ocrx_word' id='word_1_338' title='bbox 1655 2435 1763 2466; x_wconf 76' lang='lat' dir='ltr'>effica-</span> 
     </span>
     <span class='ocr_line' id='line_1_40' title="bbox 313 2476 1761 2521; baseline -0.001 -11"><span class='ocrx_word' id='word_1_339' title='bbox 313 2480 597 2521; x_wconf 27' lang='lat' dir='ltr'>fragia-stratum</span> <span class='ocrx_word' id='word_1_340' title='bbox 619 2482 672 2512; x_wconf 88' lang='lat' dir='ltr'>hic</span> <span class='ocrx_word' id='word_1_341' title='bbox 693 2480 800 2512; x_wconf 66' lang='lat' dir='ltr'>alie&#39;na</span> <span class='ocrx_word' id='word_1_342' title='bbox 825 2486 923 2518; x_wconf 78' lang='lat' dir='ltr'>sunt3</span> <span class='ocrx_word' id='word_1_343' title='bbox 947 2490 1021 2519; x_wconf 83' lang='lat' dir='ltr'>quae</span> <span class='ocrx_word' id='word_1_344' title='bbox 1064 2480 1147 2509; x_wconf 83' lang='lat' dir='ltr'>citer</span> <span class='ocrx_word' id='word_1_345' title='bbox 1185 2488 1262 2508; x_wconf 87' lang='lat' dir='ltr'>sane</span> <span class='ocrx_word' id='word_1_346' title='bbox 1290 2481 1493 2518; x_wconf 80' lang='lat' dir='ltr'>repeteretur</span> <span class='ocrx_word' id='word_1_347' title='bbox 1513 2477 1628 2517; x_wconf 77' lang='lat' dir='ltr'>populi</span> <span class='ocrx_word' id='word_1_348' title='bbox 1665 2476 1761 2508; x_wconf 83' lang='lat' dir='ltr'>Rom.</span> 
     </span>
     <span class='ocr_line' id='line_1_41' title="bbox 326 2519 1559 2563; baseline -0.005 -9"><span class='ocrx_word' id='word_1_349' title='bbox 326 2526 491 2563; x_wconf 62' lang='lat' dir='ltr'>pertinent</span> <span class='ocrx_word' id='word_1_350' title='bbox 515 2524 555 2554; x_wconf 78' lang='lat' dir='ltr'>ad</span> <span class='ocrx_word' id='word_1_351' title='bbox 579 2535 646 2554; x_wconf 77' lang='lat' dir='ltr'>rem</span> <span class='ocrx_word' id='word_1_352' title='bbox 666 2524 860 2554; x_wconf 74' lang='lat' dir='ltr'>familiarem</span> <span class='ocrx_word' id='word_1_353' title='bbox 874 2535 880 2552; x_wconf 70' lang='grc' dir='ltr'>ι</span> <span class='ocrx_word' id='word_1_354' title='bbox 905 2523 943 2552; x_wconf 75' lang='lat' dir='ltr'>de</span> <span class='ocrx_word' id='word_1_355' title='bbox 958 2533 1022 2561; x_wconf 84' lang='lat' dir='ltr'>qua</span> <span class='ocrx_word' id='word_1_356' title='bbox 1064 2522 1150 2561; x_wconf 86' lang='lat' dir='ltr'>quod</span> <span class='ocrx_word' id='word_1_357' title='bbox 1166 2521 1207 2550; x_wconf 79' lang='lat' dir='ltr'>ad</span> <span class='ocrx_word' id='word_1_358' title='bbox 1223 2521 1326 2551; x_wconf 84' lang='lat' dir='ltr'>socios</span> <span class='ocrx_word' id='word_1_359' title='bbox 1342 2519 1559 2550; x_wconf 82' lang='lat' dir='ltr'>referendum.</span> 
     </span>
     <span class='ocr_line' id='line_1_42' title="bbox 325 2561 1762 2603; baseline -0.003 -7"><span class='ocrx_word' id='word_1_360' title='bbox 325 2566 459 2596; x_wconf 79' lang='lat' dir='ltr'>hicnon</span> <span class='ocrx_word' id='word_1_361' title='bbox 484 2573 533 2596; x_wconf 75' lang='lat' dir='ltr'>est</span> <span class='ocrx_word' id='word_1_362' title='bbox 557 2577 675 2603; x_wconf 70' lang='lat' dir='ltr'>sermo,</span> <span class='ocrx_word' id='word_1_363' title='bbox 702 2576 761 2596; x_wconf 83' lang='lat' dir='ltr'>nec</span> <span class='ocrx_word' id='word_1_364' title='bbox 776 2566 813 2595; x_wconf 85' lang='lat' dir='ltr'>de</span> <span class='ocrx_word' id='word_1_365' title='bbox 830 2565 1019 2595; x_wconf 73' lang='lat' dir='ltr'>mercatori·</span> <span class='ocrx_word' id='word_1_366' title='bbox 1106 2566 1145 2595; x_wconf 72' lang='lat'>5⁶2</span> <span class='ocrx_word' id='word_1_367' title='bbox 1163 2564 1270 2602; x_wconf 78' lang='lat' dir='ltr'>pretio</span> <span class='ocrx_word' id='word_1_368' title='bbox 1296 2563 1415 2592; x_wconf 74' lang='lat' dir='ltr'>milites</span> <span class='ocrx_word' id='word_1_369' title='bbox 1439 2561 1511 2601; x_wconf 83' lang='lat' dir='ltr'>&amp;c.]</span> <span class='ocrx_word' id='word_1_370' title='bbox 1542 2561 1724 2592; x_wconf 81' lang='lat' dir='ltr'>Lambinus</span> <span class='ocrx_word' id='word_1_371' title='bbox 1744 2571 1762 2592; x_wconf 83' lang='lat' dir='ltr'>e</span> 
     </span>
     <span class='ocr_line' id='line_1_43' title="bbox 324 2603 1762 2648; baseline -0.002 -12"><span class='ocrx_word' id='word_1_372' title='bbox 324 2609 395 2638; x_wconf 73' lang='lat' dir='ltr'>bus.</span> <span class='ocrx_word' id='word_1_373' title='bbox 440 2609 626 2639; x_wconf 73' lang='lat' dir='ltr'>Delendum</span> <span class='ocrx_word' id='word_1_374' title='bbox 649 2608 870 2648; x_wconf 64' lang='lat' dir='ltr'>estsorthta</span> <span class='ocrx_word' id='word_1_375' title='bbox 897 2607 1019 2637; x_wconf 83' lang='lat' dir='ltr'>intelli·</span> <span class='ocrx_word' id='word_1_376' title='bbox 1063 2606 1145 2636; x_wconf 78' lang='lat' dir='ltr'>Mss.</span> <span class='ocrx_word' id='word_1_377' title='bbox 1162 2606 1252 2636; x_wconf 81' lang='lat' dir='ltr'>addit</span> <span class='ocrx_word' id='word_1_378' title='bbox 1275 2609 1317 2642; x_wconf 78' lang='lat' dir='ltr'>te,</span> <span class='ocrx_word' id='word_1_379' title='bbox 1340 2603 1426 2644; x_wconf 82' lang='lat' dir='ltr'>quod</span> <span class='ocrx_word' id='word_1_380' title='bbox 1445 2609 1578 2634; x_wconf 68' lang='lat' dir='ltr'>secutus</span> <span class='ocrx_word' id='word_1_381' title='bbox 1600 2609 1650 2633; x_wconf 83' lang='lat' dir='ltr'>est</span> <span class='ocrx_word' id='word_1_382' title='bbox 1671 2604 1762 2634; x_wconf 77' lang='lat' dir='ltr'>Grae-</span> 
     </span>
     <span class='ocr_line' id='line_1_44' title="bbox 324 2645 1762 2689; baseline -0.003 -9"><span class='ocrx_word' id='word_1_383' title='bbox 324 2650 428 2689; x_wconf 68' lang='lat' dir='ltr'>gvnda</span> <span class='ocrx_word' id='word_1_384' title='bbox 458 2651 918 2689; x_wconf 19' lang='lat' dir='ltr'>naufragia.maritima,ssquae</span> <span class='ocrx_word' id='word_1_385' title='bbox 934 2649 1019 2680; x_wconf 79' lang='lat' dir='ltr'>eala-</span> <span class='ocrx_word' id='word_1_386' title='bbox 1063 2649 1144 2678; x_wconf 64' lang='lat' dir='ltr'>iius.</span> <span class='ocrx_word' id='word_1_387' title='bbox 1189 2647 1301 2678; x_wconf 86' lang='lat' dir='ltr'>Habet</span> <span class='ocrx_word' id='word_1_388' title='bbox 1325 2651 1359 2677; x_wconf 80' lang='lat' dir='ltr'>et</span> <span class='ocrx_word' id='word_1_389' title='bbox 1385 2645 1448 2675; x_wconf 90' lang='lat' dir='ltr'>Gu.</span> <span class='ocrx_word' id='word_1_390' title='bbox 1473 2646 1566 2676; x_wconf 82' lang='lat' dir='ltr'>bene.</span> <span class='ocrx_word' id='word_1_391' title='bbox 1602 2645 1681 2676; x_wconf 89' lang='lat' dir='ltr'>Mox</span> <span class='ocrx_word' id='word_1_392' title='bbox 1696 2645 1762 2676; x_wconf 79' lang='lat' dir='ltr'>Lo—</span> 
     </span>
     <span class='ocr_line' id='line_1_45' title="bbox 325 2687 1763 2728; baseline -0.003 -6"><span class='ocrx_word' id='word_1_393' title='bbox 325 2693 480 2723; x_wconf 68' lang='lat' dir='ltr'>mitatem</span> <span class='ocrx_word' id='word_1_394' title='bbox 493 2693 647 2723; x_wconf 63' lang='lat' dir='ltr'>classibus</span> <span class='ocrx_word' id='word_1_395' title='bbox 662 2693 859 2723; x_wconf 68' lang='lat' dir='ltr'>attulerunt.</span> <span class='ocrx_word' id='word_1_396' title='bbox 1062 2701 1187 2720; x_wconf 76' lang='lat' dir='ltr'>crenses</span> <span class='ocrx_word' id='word_1_397' title='bbox 1200 2689 1321 2720; x_wconf 76' lang='lat' dir='ltr'>delevit</span> <span class='ocrx_word' id='word_1_398' title='bbox 1333 2688 1493 2724; x_wconf 72' lang='lat' dir='ltr'>Graevius,</span> <span class='ocrx_word' id='word_1_399' title='bbox 1503 2687 1589 2728; x_wconf 88' lang='lat' dir='ltr'>quod</span> <span class='ocrx_word' id='word_1_400' title='bbox 1603 2688 1639 2718; x_wconf 86' lang='lat' dir='ltr'>in</span> <span class='ocrx_word' id='word_1_401' title='bbox 1650 2687 1763 2718; x_wconf 78' lang='lat' dir='ltr'>Sicilia</span> 
     </span>
    </p>

    <p class='ocr_par' dir='ltr' id='par_1_8' title="bbox 323 2729 1761 2901">
     <span class='ocr_line' id='line_1_46' title="bbox 341 2729 1761 2775; baseline -0.004 -10"><span class='ocrx_word' id='word_1_402' title='bbox 341 2742 343 2744; x_wconf 83' lang='lat'>&#39;</span> <span class='ocrx_word' id='word_1_403' title='bbox 367 2738 403 2765; x_wconf 83' lang='lat'>51</span> <span class='ocrx_word' id='word_1_404' title='bbox 424 2740 581 2775; x_wconf 69' lang='lat' dir='ltr'>perpetuo</span> <span class='ocrx_word' id='word_1_405' title='bbox 595 2736 685 2765; x_wconf 68' lang='lat' dir='ltr'>sociis</span> <span class='ocrx_word' id='word_1_406' title='bbox 705 2735 778 2774; x_wconf 58' lang='grc' dir='ltr'>δια]</span> <span class='ocrx_word' id='word_1_407' title='bbox 797 2734 960 2774; x_wconf 77' lang='lat' dir='ltr'>Perpetuo</span> <span class='ocrx_word' id='word_1_408' title='bbox 975 2734 1020 2763; x_wconf 79' lang='lat' dir='ltr'>vi·</span> <span class='ocrx_word' id='word_1_409' title='bbox 1064 2732 1147 2763; x_wconf 84' lang='lat' dir='ltr'>nulli</span> <span class='ocrx_word' id='word_1_410' title='bbox 1163 2731 1339 2763; x_wconf 72' lang='lat' dir='ltr'>Lam-emes</span> <span class='ocrx_word' id='word_1_411' title='bbox 1349 2743 1357 2759; x_wconf 89' lang='lat'>.·</span> <span class='ocrx_word' id='word_1_412' title='bbox 1373 2730 1549 2769; x_wconf 71' lang='lat' dir='ltr'>aberatque</span> <span class='ocrx_word' id='word_1_413' title='bbox 1563 2729 1625 2761; x_wconf 84' lang='lat' dir='ltr'>boc</span> <span class='ocrx_word' id='word_1_414' title='bbox 1639 2739 1761 2760; x_wconf 88' lang='lat' dir='ltr'>nomen</span> 
     </span>
     <span class='ocr_line' id='line_1_47' title="bbox 323 2771 1760 2816; baseline -0.003 -10"><span class='ocrx_word' id='word_1_415' title='bbox 323 2777 447 2807; x_wconf 61' lang='lat' dir='ltr'>trusum</span> <span class='ocrx_word' id='word_1_416' title='bbox 468 2784 540 2815; x_wconf 47' lang='grc' dir='ltr'>»θεῆς</span> <span class='ocrx_word' id='word_1_417' title='bbox 564 2776 675 2816; x_wconf 71' lang='lat' dir='ltr'>itaque</span> <span class='ocrx_word' id='word_1_418' title='bbox 705 2777 798 2807; x_wconf 78' lang='lat' dir='ltr'>uncis</span> <span class='ocrx_word' id='word_1_419' title='bbox 823 2776 951 2807; x_wconf 71' lang='lat' dir='ltr'>inclusi.</span> <span class='ocrx_word' id='word_1_420' title='bbox 977 2785 1020 2806; x_wconf 83' lang='lat' dir='ltr'>an</span> <span class='ocrx_word' id='word_1_421' title='bbox 1063 2774 1291 2813; x_wconf 72' lang='lat' dir='ltr'>aMs.Reg.ut</span> <span class='ocrx_word' id='word_1_422' title='bbox 1305 2771 1444 2803; x_wconf 81' lang='lat' dir='ltr'>aGuelf.</span> <span class='ocrx_word' id='word_1_423' title='bbox 1471 2772 1622 2803; x_wconf 87' lang='lat' dir='ltr'>Arbitror</span> <span class='ocrx_word' id='word_1_424' title='bbox 1633 2776 1760 2809; x_wconf 75' lang='lat' dir='ltr'>tamen,</span> 
     </span>
     <span class='ocr_line' id='line_1_48' title="bbox 324 2814 1760 2856; baseline -0.003 -8"><span class='ocrx_word' id='word_1_425' title='bbox 324 2819 413 2849; x_wconf 76' lang='lat' dir='ltr'>aliud</span> <span class='ocrx_word' id='word_1_426' title='bbox 428 2819 561 2849; x_wconf 76' lang='lat' dir='ltr'>v&#39;erbum</span> <span class='ocrx_word' id='word_1_427' title='bbox 583 2821 617 2849; x_wconf 75' lang='lat' dir='ltr'>in</span> <span class='ocrx_word' id='word_1_428' title='bbox 632 2830 669 2849; x_wconf 87' lang='lat' dir='ltr'>eo</span> <span class='ocrx_word' id='word_1_429' title='bbox 689 2819 805 2856; x_wconf 80' lang='lat' dir='ltr'>lateat,</span> <span class='ocrx_word' id='word_1_430' title='bbox 828 2818 902 2850; x_wconf 74' lang='lat' dir='ltr'>libri</span> <span class='ocrx_word' id='word_1_431' title='bbox 927 2817 1020 2848; x_wconf 60' lang='lat' dir='ltr'>meli·</span> <span class='ocrx_word' id='word_1_432' title='bbox 1063 2817 1096 2847; x_wconf 89' lang='lat' dir='ltr'>in</span> <span class='ocrx_word' id='word_1_433' title='bbox 1113 2828 1152 2847; x_wconf 78' lang='lat' dir='ltr'>en</span> <span class='ocrx_word' id='word_1_434' title='bbox 1167 2816 1301 2846; x_wconf 76' lang='lat' dir='ltr'>nomine</span> <span class='ocrx_word' id='word_1_435' title='bbox 1311 2814 1404 2846; x_wconf 77' lang='lat' dir='ltr'>aliud</span> <span class='ocrx_word' id='word_1_436' title='bbox 1417 2814 1532 2846; x_wconf 70' lang='lat' dir='ltr'>latere.</span> <span class='ocrx_word' id='word_1_437' title='bbox 1570 2814 1760 2854; x_wconf 72' lang='lat' dir='ltr'>ltaqueun-</span> 
     </span>
     <span class='ocr_line' id='line_1_49' title="bbox 324 2858 1364 2901; baseline -0.001 -11"><span class='ocrx_word' id='word_1_438' title='bbox 324 2871 394 2892; x_wconf 70' lang='lat' dir='ltr'>ores</span> <span class='ocrx_word' id='word_1_439' title='bbox 410 2862 546 2892; x_wconf 72' lang='lat' dir='ltr'>fortasse</span> <span class='ocrx_word' id='word_1_440' title='bbox 562 2862 736 2901; x_wconf 82' lang='lat' dir='ltr'>aliquando</span> <span class='ocrx_word' id='word_1_441' title='bbox 751 2862 926 2892; x_wconf 80' lang='lat' dir='ltr'>docebunt.</span> <span class='ocrx_word' id='word_1_442' title='bbox 957 2860 1021 2891; x_wconf 81' lang='lat' dir='ltr'>Vc·</span> <span class='ocrx_word' id='word_1_443' title='bbox 1063 2859 1108 2889; x_wconf 80' lang='lat' dir='ltr'>cis</span> <span class='ocrx_word' id='word_1_444' title='bbox 1124 2858 1223 2890; x_wconf 83' lang='lat' dir='ltr'>modo</span> <span class='ocrx_word' id='word_1_445' title='bbox 1237 2858 1364 2890; x_wconf 78' lang='lat' dir='ltr'>inclusi.</span> 
     </span>
    </p>
   </div>
  </div>
 </body>
</html>
