1907 3231
464 136 581 175 PRO
608 135 731 173 SEX.
759 132 979 172 ROSCIO
1006 134 1299 173 AMERINO.
1549 137 1602 176 47

168 240 339 292 scelere,
363 240 549 296 judices,
571 240 702 281 etiam
723 253 822 280 cum
851 237 1000 280 multae
1024 253 1164 279 causae
1188 237 1437 278 convenisse
1466 252 1601 278 unum

168 295 215 339 in
244 298 401 348 locum,
432 306 560 352 atque
591 297 702 337 inter
735 310 778 336 se
809 309 1046 351 congruere
1076 295 1300 346 videntur3
1343 303 1484 334 tamen
1514 309 1601 334 non

166 364 325 396 temere
355 354 556 405 creditur,
578 367 717 408 neque
746 352 828 393 levi
851 353 1101 408 conjectura
1130 366 1195 392 res
1229 350 1442 407 penditur,
1464 365 1601 405 neque

166 411 285 453 testis
317 411 502 453 incertus
534 411 719 461 auditur,
745 424 884 465 neque
915 409 1173 451 accusatoris
1196 407 1371 464 ingenio
1394 421 1458 447 res
1482 406 1602 461 judi-

165 477 302 510 catur.
362 468 475 510 Cum
499 468 633 509 multa
653 476 779 508 antea
801 467 1030 508 commissa
1051 466 1276 516 maleficia,
1300 474 1391 505 tum
1415 465 1503 504 vita
1524 463 1602 504 ho-

165 525 293 566 minis
325 525 625 581 perditissima,
656 536 747 565 tum
779 524 1004 581 singularis
1036 524 1213 565 audacia
1247 522 1496 563 ostendatur
1530 535 1604 561 ne-

165 597 283 623 cesse
313 593 401 623 est:
434 597 572 638 neque
603 582 782 623 audacia
812 582 964 632 solum,
996 581 1066 623 sed
1099 595 1289 621 summus
1320 579 1438 619 furor
1475 587 1603 633 atque

164 640 365 680 amentia.
397 639 491 680 haec
523 654 621 680 cum
653 639 739 680 sint
769 639 929 690 omnia,
952 648 1094 679 tamen
1125 646 1298 679 exstent
1327 644 1498 692 oportet
1527 649 1604 675 ex-

164 710 310 752 pressa
347 697 514 737 sceleris
554 696 750 753 vestigia,
780 696 870 747 ubi,
908 711 993 751 qua
1025 696 1204 746 ratione,
1244 709 1318 751 per
1355 707 1477 748 quos,
1515 707 1602 747 quo

164 763 359 810 tempore
387 753 646 795 maleficium
669 754 725 795 sit
746 753 994 794 admissum.
1016 768 1113 808 quae
1145 752 1226 793 nisi
1248 751 1383 792 multa
1403 759 1446 790 et
1466 750 1603 790 mani-

164 809 276 851 festa
296 821 409 862 sunt,
432 811 628 867 profecto
650 825 714 852 res
737 819 825 852 tam
849 810 1040 861 scelesta,
1063 819 1149 850 tam
1172 818 1312 860 atrox,
1333 818 1420 848 tam
1442 806 1605 847 nefaria

166 868 282 910 credi
313 883 400 909 non
432 878 589 924 potest.
650 867 818 924 Magna
839 876 904 908 est
925 867 1040 907 enim
1064 867 1126 907 vis
1157 865 1460 907 humanitatis:
1495 864 1602 905 mul-
1615 872 1663 905 63

168 934 261 966 tum
283 925 396 967 valet
421 925 668 967 communio
692 924 938 981 sanguinis:
971 924 1211 965 reclamitat
1240 921 1482 964 istiusmodi
1515 936 1604 962 sus-

166 982 412 1038 picionibus
435 983 527 1039 ipsa
548 991 723 1024 natura:
757 991 1007 1038 portentum
1037 991 1166 1037 atque
1195 990 1436 1024 monstrum
1458 979 1605 1019 certis-

167 1040 323 1081 simum
344 1051 426 1092 est,
447 1055 537 1081 esse
569 1039 754 1095 aliquem
785 1039 975 1080 humana
1005 1039 1146 1095 specie
1168 1048 1211 1079 et
1242 1038 1393 1094 figura,
1416 1037 1490 1092 qui
1514 1045 1607 1076 tan-

167 1106 259 1138 tum
291 1098 559 1139 immanitate
590 1097 749 1138 bestias
772 1097 938 1147 vicerit,
958 1106 1019 1147 ut,
1043 1106 1217 1152 propter
1238 1110 1344 1151 quos
1377 1095 1488 1135 hanc
1513 1108 1608 1134 sua-

165 1154 384 1196 vissimam
407 1154 544 1196 lucem
568 1155 828 1210 adspexerit,
851 1169 923 1195 eos
947 1154 1245 1210 indignissime
1276 1152 1369 1193 luce
1400 1150 1603 1207 privarit:

166 1226 265 1252 cum
287 1213 418 1253 etiam
440 1211 549 1253 feras
582 1212 692 1253 inter
714 1226 804 1252 sese
835 1219 981 1267 partus
1012 1221 1139 1266 atque
1161 1211 1360 1251 educatio
1382 1218 1426 1249 et
1455 1217 1609 1249 natura

166 1269 260 1325 ipsa
281 1269 497 1311 conciliet.
550 1269 652 1310 Non
689 1269 751 1309 ita
778 1268 925 1309 multis
955 1277 1053 1308 ante
1091 1268 1227 1319 annis,
1250 1267 1387 1321 ajunt,
1409 1265 1460 1307 T.
1486 1265 1606 1306 Cloe-
1619 1257 1689 1304 23

165 1326 270 1367 lium
292 1327 506 1382 quendam
524 1325 875 1367 Tarracinensem
894 1326 1115 1366 hominem
1137 1339 1223 1366 non
1242 1325 1488 1373 obscurum,
1507 1337 1605 1363 cum
1617 1328 1668 1361 64

164 1393 363 1424 coenatus
387 1384 582 1425 cubitum
604 1384 649 1424 in
679 1383 794 1424 idem
815 1382 1021 1424 conclave
1042 1398 1142 1423 cum
1164 1382 1332 1423 duobus
1363 1380 1608 1422 adolescen-
1618 1377 1713 1416 p·.‘29.

167 1440 282 1481 tibus
305 1441 403 1481 filiis
431 1442 547 1491 isset,
570 1441 790 1481 inventum
827 1454 918 1481 esse
947 1455 1074 1481 mane
1096 1439 1373 1496 jugulatum:
1405 1452 1504 1479 cum
1535 1452 1608 1478 ne·
1620 1429 1649 1449 a.

167 1512 251 1553 que
281 1512 425 1540 servus
458 1499 685 1553 quisquam
716 1498 987 1553 reperiretur,
1009 1512 1148 1553 neque
1178 1497 1300 1547 liber,
1331 1496 1384 1536 ad
1410 1509 1537 1550 quem
1561 1509 1612 1535 ea.

167 1555 355 1611 suspicio
378 1556 624 1612 pertineret,
648 1555 691 1596 id
715 1555 855 1596 aetatis
879 1564 1024 1596 autem
1043 1556 1127 1596 duo
1152 1554 1227 1595 filii
1250 1563 1426 1609 propter
1448 1553 1610 1593 cuban-

166 1621 229 1653 tes
251 1626 305 1653 ne
327 1613 506 1653 sensisse
528 1613 701 1668 quidem
721 1627 765 1653 se
786 1612 1005 1664 dicerent3
1036 1613 1213 1653 nomina
1232 1611 1418 1651 filiorum
1440 1609 1492 1650 de
1515 1624 1611 1665 par-

168 1669 321 1711 ricidio
343 1670 483 1711 delata
505 1680 617 1711 sunt.
669 1674 707 1702 41
726 1670 844 1716 Quid
867 1673 1043 1726 postea?
1075 1679 1165 1711 erat
1187 1684 1287 1710 sane
1309 1667 1610 1724 suspiciosum.

165 1736 366 1768 neutrum
400 1728 608 1770 sensisse?
639 1742 789 1768 ausum
819 1737 964 1768 autem
1002 1742 1092 1768 esse
1130 1740 1390 1782 quemquam
1421 1739 1464 1765 se
1494 1724 1536 1764 in
1568 1723 1611 1765 id

166 1784 371 1826 conclave
401 1786 685 1836 committere,
708 1800 758 1826 eo
783 1785 1056 1841 potissimum
1089 1796 1295 1840 tempore,
1319 1797 1415 1824 cuin
1450 1781 1610 1823 ibidem

165 1851 308 1882 essent
345 1842 431 1882 duo
464 1843 754 1884 adolescentes
792 1842 884 1894 filii,
918 1842 992 1897 qui
1031 1852 1074 1883 et
1112 1842 1268 1882 sentire
1301 1850 1345 1881 et
1382 1839 1610 1884 defendere

167 1897 294 1940 facile
315 1902 517 1955 possent?
551 1899 654 1941 Erat
675 1914 803 1956 porro
826 1914 968 1951 nemo,
991 1900 1034 1940 in
1057 1914 1185 1955 quem
1215 1913 1266 1939 ea
1295 1897 1483 1953 suspicio
1505 1910 1610 1937 con-

166 1956 346 1997 veniret.
382 1956 545 1997 Tamen
568 1973 667 1999 cum
688 1957 863 2014 planum
880 1957 1104 2013 judicibus
1126 1965 1236 1997 esset
1259 1955 1438 2006 factum,
1460 1962 1608 2009 aperto
1622 1960 1671 1993 65

168 2013 281 2055 ostio
304 2013 564 2055 dormientes
587 2030 659 2056 eos
681 2024 872 2071 repertos
895 2029 1011 2067 esse3
1036 2014 1206 2070 judicio
1229 2012 1416 2055 absoluti
1447 2010 1613 2052 adoles-

167 2081 328 2122 centeS,
352 2082 394 2112 et
418 2072 662 2128 suspicione
685 2073 800 2113 omni
825 2073 994 2113 liberati
1017 2082 1130 2113 sunt.
1184 2071 1326 2112 Nemo
1348 2070 1465 2110 enim
1487 2078 1612 2124 puta-

170 2128 259 2180 bat,
281 2143 541 2185 quemquam
564 2144 669 2181 esse,
691 2130 780 2185 qui,
802 2144 901 2171 cum
925 2131 1072 2170 omnia
1092 2129 1240 2171 divina
1265 2138 1394 2183 atque
1425 2126 1615 2166 humana

160 2185 265 2240 jura
306 2187 462 2227 scelere
507 2187 669 2228 nefario
708 2186 944 2243 polluisset,
981 2189 1023 2218 42
1036 2201 1235 2228 somnum
1274 2185 1420 2227 statim
1461 2196 1614 2238 capere

169 2253 338 2299 posset:
372 2254 599 2300 propterea
632 2244 748 2299 quod
782 2245 857 2300 qui
891 2253 1060 2286 tantum
1090 2244 1257 2286 facinus
1289 2240 1612 2291 commiserunt,

167 2314 257 2341 non
280 2301 409 2342 modo
432 2303 522 2343 sine
544 2317 647 2343 cura
668 2302 900 2357 quiescere,
923 2301 995 2343 sed
1018 2317 1071 2343 ne
1094 2303 1253 2358 spirare
1275 2299 1449 2355 quidem
1470 2300 1511 2329 43
1522 2297 1613 2337 sine

168 2367 286 2400 metu
326 2368 520 2415 possunt.
576 2359 814 2412 Videtisne,
847 2374 955 2415 quos
987 2360 1113 2402 nobis
1146 2358 1290 2415 po'e'tae
1331 2336 1697 2441 tradiclerunt‚62gl⁴

209 2502 247 2530 41
273 2499 370 2540 ‚Quid
391 2502 529 2540 postea?
552 2501 638 2540 erat]
665 2501 717 2531 Sic
743 2501 868 2542 primus
953 2503 994 2533 42
1015 2511 1165 2532 somnum
1184 2509 1298 2540 capere
1306 2497 1427 2539 posset]
1453 2497 1505 2526 Sic
1527 2496 1612 2527 edidi

165 2541 269 2572 edidit
290 2543 325 2573 P.
348 2543 531 2574 Manutius.
576 2544 658 2574 Edd.
682 2551 763 2574 vett.
786 2544 871 2583 quod
910 2553 970 2584 pro
986 2545 1156 2584 potuisset,
1179 2543 1346 2573 latinitate
1369 2539 1542 2571 manifeste
1556 2540 1611 2579 ju-

162 2588 295 2623 poterat
320 2595 398 2616 sane
426 2585 503 2624 (vel,
527 2591 564 2617 ut
591 2586 654 2618 ΜΕ.
684 2586 746 2617 Gu.
772 2587 864 2625 satis)
910 2586 1020 2616 bente.
1034 2596 1099 2616 non
1115 2585 1202 2616 enim
1219 2586 1274 2624 qui
1289 2584 1410 2625 pendet
1428 2592 1468 2614 ex
1477 2582 1612 2622 polluis·

167 2627 388 2666 suspiciosmn.
432 2628 492 2659 Ed.
509 2629 605 2659 dunt.
620 2628 786 2669 satisjam
804 2638 869 2658 esse
910 2633 969 2665 set,
984 2628 1040 2659 sed
1054 2629 1094 2658 ab
1103 2628 1246 2668 putabat
1259 2637 1335 2658 esse.

160 2678 253 2714 susp.
299 2669 359 2700 Ed.
378 2671 416 2702 R.
433 2678 467 2701 et
481 2672 537 2702 ΒΓ.
554 2672 633 2710 qnid
647 2676 777 2711 poterat
789 2673 870 2701 satis
952 2674 993 2702 43
1015 2672 1084 2701 sine
1096 2675 1185 2701 metu
1192 2671 1341 2710 possunt]
1361 2667 1422 2699 Ed.
1435 2666 1530 2697 Junt.
1539 2677 1612 2707 pos-

160 2720 241 2751 yam
250 2713 794 2752 estsuspieiosum,undevictorius
803 2713 869 2743 edi·
911 2714 989 2751 sint,
1012 2724 1029 2744 e
1052 2713 1209 2752 vestigiis,
1228 2718 1267 2742 ut
1289 2714 1418 2753 opinor,
1439 2709 1490 2739 ed.
1514 2710 1612 2740 Rom.

169 2752 236 2783 dit:
253 2763 282 2793 q.
286 2763 320 2793 p.
331 2765 409 2785 saue
417 2766 481 2786 esse
493 2757 712 2795 suspiciosum.
729 2755 769 2786 ln
782 2756 872 2785 libris
915 2755 972 2786 ΒΓ.
991 2758 1081 2786 1480.
1096 2755 1152 2785 sed
1161 2759 1296 2795 possunt
1310 2763 1423 2785 verum
1439 2757 1500 2782 est.
1537 2751 1614 2781 Non

169 2795 361 2834 quibusdam
375 2803 424 2828 est
438 2799 526 2838 quid.
571 2797 666 2829 Unde
681 2798 799 2836 conjici
814 2808 871 2838 po·
915 2798 1004 2828 enim
1025 2798 1095 2828 haec
1111 2797 1279 2838 cohaerent
1298 2807 1375 2827 cum
1391 2793 1615 2826 antecedenti-

168 2843 253 2869 test:
278 2839 371 2880 ‚Quid
380 2841 395 2869 ,Ἀ
408 2845 536 2879 poterat
550 2851 629 2871 sane
644 2851 707 2871 esse
720 2842 872 2880 suspicio·
916 2840 996 2877 bus;
1020 2840 1076 2870 sed
1096 2840 1185 2870 dicta
1205 2844 1283 2869 sunt
1298 2850 1315 2869 e
1330 2847 1469 2879 persona
1486 2837 1616 2867 Cicero-

166 2890 251 2910 seme.
914 2890 975 2912 nis.
