1907 3231
138 1280 170 1311 P.

261 94 339 128 408
792 94 863 132 IN
890 92 1166 131 VERREM

259 210 334 238 mo
356 202 463 248 tum,
482 210 582 238 cum
602 197 851 254 navigaret3
884 197 955 238 sed
977 197 1106 237 etiam
1130 194 1312 236 libenter
1327 208 1425 236 cum
1447 207 1606 250 magno
1621 192 1702 235 ho-

263 268 368 295 nore
390 254 686 310 beneficioque
708 256 895 297 abesset:
929 254 1021 309 ipse
1053 261 1211 303 autem,
1234 261 1414 303 remoto,
1437 260 1565 307 atque
1585 251 1702 293 able-

267 320 370 367 gato
405 311 512 364 viro,
544 327 633 353 non
667 312 854 361 liberius,
887 325 1016 365 quam
1058 319 1172 360 ante,
1204 309 1317 365 (quis
1349 309 1464 350 enim
1496 323 1702 364 umquam

267 369 575 411 istiuslibidini
597 370 768 411 obstitit
783 371 816 418 ἓ)
847 368 919 408 sed
934 365 1077 423 paullo
1101 367 1303 408 solutiore
1318 376 1460 408 tamen
1474 367 1618 408 animo
1638 380 1704 407 se-

269 441 370 468 cum
407 426 522 468 illam
553 426 744 476 haberet,
780 426 813 465 si
846 440 933 465 non
965 434 1184 479 tamquam
1216 424 1370 475 virum,
1409 434 1453 465 at
1483 434 1705 479 tamquam

207 486 257 521 83
275 484 477 525 aemulum
500 483 764 525 removisset.
822 480 1000 537 Accipit
1019 496 1174 522 navem
1204 482 1419 523 sociorum
1448 495 1577 537 atque
1598 480 1706 523 ami-

185 543 255 592 32
270 556 418 583 corum
453 541 704 595 Cleomenes
738 539 1046 594 Syracusanus.
1107 538 1225 585 Quid
1255 538 1441 594 primum
1473 548 1547 581 aut
1579 553 1706 580 accu-

270 613 375 650 sem,
407 607 481 639 aut
500 611 667 653 querar,
684 596 880 652 judices?
913 595 1115 638 Siculone
1144 596 1326 647 homini,
1348 596 1494 653 legati,
1516 605 1705 653 quaesto-

267 657 341 706 ris,
378 655 576 711 praetoris
616 654 801 709 denique
840 663 1114 710 potestatem,
1146 653 1372 704 honorem,
1402 655 1706 696 auctoritatem

267 713 384 754 dari?
416 712 460 752 Si
494 722 535 752 te
567 712 830 767 impediebat
851 712 934 752 ista
962 712 1263 752 conviviorum
1292 710 1604 767 mulierumque
1633 726 1707 752 oc-

268 769 469 825 cupati03
502 769 573 810 uhi
606 771 866 824 quaestores?
898 769 973 810 ubi
1013 769 1144 825 legati
1164 771 1175 810 ἓ
1199 770 1323 823 2[ubi
1360 769 1491 810 ternis
1522 768 1706 811 denariis

269 827 530 868 aestimatum
554 826 842 868 frumentum?
873 827 947 868 ubi
967 826 1094 868 muli?
1126 827 1201 867 ubi
1218 826 1517 868 tabernacula?
1548 827 1622 867 ubi
1642 835 1709 867 tot

267 892 758 939 tantaque-ornamenta
787 885 1113 941 magistratibus
1146 894 1189 925 et
1220 884 1373 940 legatis
1396 899 1420 924 a
1450 892 1599 925 senatu
1630 898 1708 940 po-

268 941 457 998 puloque
481 941 682 983 Romano
715 943 922 997 permissa
952 951 996 983 et
1027 942 1169 995 dataff]
1200 941 1386 997 denique
1407 942 1481 982 ubi
1513 939 1709 997 praefecti

268 1008 313 1039 et
335 998 496 1040 tribuni
521 999 611 1040 tui?
644 999 689 1040 Si
711 999 818 1040 civis
844 999 1066 1040 Romanus
1089 1000 1245 1056 dignus
1267 999 1352 1040 isto
1372 999 1550 1056 negotio
1581 1012 1709 1039 nemo

270 1056 375 1108 fuit3
408 1057 510 1111 quid
542 1056 754 1107 civitates,
786 1072 883 1112 quae
916 1058 958 1097 in
997 1057 1190 1098 amicitia
1225 1057 1394 1112 fideque
1430 1056 1579 1113 populi
1621 1055 1711 1097 Ro-

268 1114 386 1154 mani
409 1122 617 1170 perpetuo
640 1116 907 1156 manserant?
940 1115 1012 1155 ubi
1033 1114 1295 1171 Segestana?
1326 1114 1399 1155 ubi
1424 1114 1713 1170 Centuripina

271 1170 447 1213 civitas?
477 1186 574 1227 quae
598 1181 689 1212 tum
713 1172 882 1222 officiis,
906 1172 1004 1223 fide,
1035 1182 1264 1222 vetustate,
1288 1180 1378 1212 tum
1397 1172 1527 1212 etiam
1549 1185 1712 1228 cogna-

185 1221 258 1290 wffl
273 1229 389 1269 tione
415 1229 560 1284 populi
586 1228 772 1270 Romani
795 1244 952 1271 nomen
976 1229 1213 1286 attingunt.
1275 1229 1315 1270 O
1338 1229 1397 1271 dii
1421 1229 1708 1270 immortales!

186 1273 420 1344 ‘³{Jquid?
452 1287 486 1326 si
508 1286 661 1327 harum
683 1287 872 1342 ipsarum
894 1288 1122 1328 civitatum
1156 1286 1381 1337 militibus,
1407 1287 1605 1338 navibus,
1636 1301 1712 1328 na-

272 1343 455 1395 varchis,
487 1343 780 1399 Syracusanus
814 1344 1067 1386 Cleomenes
1083 1345 1230 1400 jussus
1262 1354 1326 1385 est
1357 1346 1595 1400 imperare?
1625 1359 1712 1385 non

271 1401 410 1442 omnis
433 1401 568 1442 honos
599 1402 653 1442 ab
686 1402 768 1443 isto
799 1402 1041 1458 dignitatis,
1074 1402 1306 1457 aequitatis,
1328 1402 1548 1456 officiique
1571 1401 1713 1443 subla-

270 1472 339 1499 tus
357 1460 449 1500 est?
483 1458 662 1514 Ecquod
687 1460 729 1500 in
754 1459 902 1501 Sicilia
925 1460 1082 1501 bellum
1106 1460 1330 1515 gessimus,
1345 1460 1448 1514 quin
1465 1459 1714 1516 Centuripi-

269 1516 336 1556 nis
353 1516 495 1567 sociis,
521 1517 800 1572 Syracusanis
820 1517 1017 1558 hostibus
1038 1520 1277 1559 uteremur?
1301 1527 1430 1572 atque
1451 1517 1546 1558 haec
1568 1517 1715 1558 omnia

270 1573 596 1614 admemoriam
628 1576 869 1625 vetustatis,
893 1590 979 1615 non
1013 1576 1066 1616 ad
1098 1574 1406 1616 contumeliam
1438 1575 1628 1616 civitatis
1649 1589 1713 1615 re-

270 1630 372 1671 ferri
403 1631 515 1672 volo.
578 1631 729 1686 Itaque
749 1632 818 1672 ille
844 1633 905 1673 vir
927 1633 1201 1683 clarissimus,
1233 1647 1510 1687 summusque
1532 1632 1716 1688 impera-

271 1698 354 1739 tor,
389 1687 456 1728 M.
481 1688 728 1740 Marcellus,
764 1690 904 1745 cujus>
923 1690 1082 1731 virtute
1111 1701 1266 1746 captae,
1290 1690 1583 1731 misericordia
1613 1704 1716 1731 con-

274 1756 454 1786 servatae
479 1756 578 1786 sunt
601 1746 840 1801 Syracusae,
864 1747 1058 1789 habitare
1089 1749 1132 1788 in
1165 1762 1214 1788 ea
1236 1756 1357 1802 parte
1380 1747 1511 1798 urbis,
1531 1762 1627 1803 quae
1651 1747 1716 1788 in-

276 1802 368 1843 sula
395 1812 474 1854 est,
499 1803 817 1859 Syracusanum
857 1806 1070 1846 neminem
1106 1805 1258 1846 voluit.
1338 1804 1499 1855 Hodie,
1524 1805 1715 1860 inquam,

278 1859 594 1915 Syracusanum
618 1861 661 1902 in
684 1876 734 1902 ea
764 1873 884 1918 parte
906 1862 1102 1904 habitare
1136 1878 1221 1903 non
1254 1862 1370 1903 licet.
1393 1864 1490 1903 3est
1517 1863 1632 1904 cnim
1655 1863 1717 1903 lo-

277 1932 367 1968 cus,
390 1933 518 1973 quem
542 1918 608 1959 vel
630 1919 756 1975 pauci
779 1921 946 1976 possint
973 1921 1217 1963 defendere.
1278 1919 1563 1962 Committere
1585 1920 1718 1976 igitur

276 1989 374 2016 eum
397 1990 484 2016 non
507 1975 764 2018 fidelissimis
801 1977 1049 2019 hominibus
1077 1978 1235 2019 noluit:
1269 1978 1394 2019 simul
1417 1978 1531 2034 quod
1561 1979 1616 2019 ab
1650 1977 1718 2019 illa

277 2041 399 2088 parte
434 2033 550 2074 urbis
586 2034 768 2075 navibus
800 2036 941 2076 aditus
974 2050 1028 2076 ex
1061 2036 1147 2077 alto
1170 2045 1248 2077 est.
1310 2036 1606 2082 Quamobrem
1643 2035 1717 2090 qui

278 2099 447 2131 nostros
465 2092 680 2132 exercitus
704 2107 818 2148 sae-pe
840 2093 1126 2144 excluserant,
1145 2094 1195 2135 iis
1209 2094 1393 2135 claustra
1414 2094 1495 2134 loci
1518 2094 1719 2135 commit-

215 2149 265 2183 85
280 2148 409 2188 tenda
437 2163 523 2188 non
555 2149 836 2191 existimavit.
901 2151 1023 2201 Vide,
1046 2152 1149 2207 quid
1173 2151 1342 2192 intersit
1366 2151 1510 2192 4inter
1529 2160 1647 2192 tuam
1669 2150 1720 2192 li-

279 2205 469 2246 bidinem
492 2206 791 2262 majorumque
807 2209 1131 2251 auctoritatem:
1166 2209 1276 2250 inter
1297 2223 1487 2250 amorem
1510 2208 1719 2250 furorem-

274 2277 358 2317 que
383 2274 520 2313 tuum,
538 2274 581 2304 et
603 2263 772 2305 illorum
795 2265 1020 2306 eonsilium
1046 2277 1175 2322 atque
1199 2266 1486 2323 prudentiam.
1547 2265 1720 2308 Illiadi-

276 2328 368 2360 tum
410 2321 546 2362 litoris
585 2321 864 2376 Syracusanis
895 2323 1170 2366 ademerunt:
1204 2335 1250 2365 tu
1286 2324 1550 2365 maritimum
1584 2324 1721 2382 impe-

276 2377 387 2418 rium
421 2379 687 2420 concessisti.
761 2380 828 2421 Illi
866 2380 1063 2422 habitare
1094 2381 1137 2422 in
1170 2397 1221 2423 eo
1260 2381 1356 2422 loco
1387 2381 1719 2436 Syracusanum,

277 2449 363 2489 quo
386 2450 514 2476 naves
536 2436 739 2478 accedere
761 2448 951 2494 possent,
974 2439 1223 2482 noluerunt:
1258 2447 1304 2480 tu
1327 2438 1450 2480 classi
1473 2449 1516 2480 et
1537 2439 1720 2481 navibus

323 2593 343 2623 9
377 2592 430 2622 ubi
452 2594 552 2623 ternis
576 2593 924 2635 denariis—permissa
950 2600 980 2626 et
1026 2597 1174 2627 Graevius
1189 2607 1206 2627 e
1222 2597 1358 2627 Ms.suo
1380 2596 1460 2637 Reg.
1481 2602 1623 2635 possent,
1637 2598 1724 2637 quod

281 2634 376 2674 data]
403 2634 442 2664 In
466 2634 516 2664 his
539 2636 641 2665 miror
655 2637 823 2668 neminem
840 2638 978 2670 haesisse.
1024 2645 1073 2669 est
1088 2646 1122 2669 et
1148 2641 1182 2670 in
1209 2639 1272 2670 Gu.
1298 2640 1423 2671 vitiose.
1469 2639 1576 2670 lnnno
1584 2641 1723 2680 possint,

280 2675 326 2706 At
342 2676 418 2716 quid
442 2676 505 2706 ista
530 2678 590 2708 sibi
618 2679 670 2709 hic
688 2680 819 2717 volunt,
843 2681 897 2710 ubi
921 2681 980 2711 ho·
1024 2686 1160 2722 propter
1173 2687 1230 2713 est.

280 2719 385 2749 mines
399 2725 610 2756 enarrantur,
624 2721 740 2760 quibus
753 2722 856 2752 honos
873 2723 934 2754 iste
946 2729 980 2754 et
1067 2727 1086 2755 4
1108 2725 1195 2754 iuter
1209 2730 1304 2755 tuam
1318 2724 1483 2756 libidinem
1497 2724 1725 2765 majorumque

278 2765 425 2800 potestas
460 2761 609 2792 mandari
652 2763 800 2803 legitime
843 2768 972 2806 posset?
1019 2765 1266 2805 auctoritatem]
1293 2766 1354 2797 Est
1377 2766 1459 2798 nihil
1488 2767 1590 2807 aliud,
1624 2777 1723 2808 quam

278 2803 376 2834 Certe
392 2803 454 2834 ista
465 2802 595 2834 aliunde
610 2805 675 2836 huc
689 2807 925 2846 migraverunt.
1019 2808 1105 2850 quod
1118 2810 1279 2850 sequitur.

320 2848 339 2879 3
362 2850 409 2877 est
433 2856 460 2877 e.
479 2847 500 2876 l.
520 2855 615 2887 quem
636 2858 666 2879 v.
687 2854 869 2890 p.possunt
892 2849 973 2891 defi]
