1907 3231
360 139 385 173 k·

951 136 1193 176 ORATIO

415 242 624 277 conveniret.
682 243 851 277 (cnvenit
885 243 997 289 igitur
1028 248 1066 278 ut
1105 244 1219 279 idibus
1249 243 1424 290 Septemb.
1458 243 1495 279 id
1523 246 1586 282 est,
1620 251 1680 278 nex·
1703 252 1782 290 sep—

416 297 526 328 {emre‘
569 298 649 341 post
694 294 866 329 mensibus
914 295 955 330 Ρ.
1004 297 1170 335 Quintius
1205 295 1346 341 judicio
1389 308 1425 331 sc
1465 297 1616 331 sisteret.
1680 293 1784 329 Vem'l

417 345 596 385 Quinam,
634 346 731 381 rebus
762 358 852 393 sa’pe
885 347 1021 387 dilatis,
1057 348 1210 386 tandem,
1241 349 1275 382 in
1300 346 1363 393 jus
1390 348 1439 383 ad
1472 348 1514 383 P.
1550 345 1784 382 Dolabellam

420 396 611 432 I'rwtorrm
633 398 739 437 urbis,
763 397 813 432 Μ.
842 396 972 439 Tullio,
995 397 1056 434 Cn.
1078 397 1273 434 Dolabella
1295 401 1387 434 (foss.
1408 401 1490 434 itur.
1547 398 1601 433 Ibi
1628 397 1785 438 Naevius,

406 446 583 494 judicium
605 451 778 484 communi
795 450 988 485 dividundo
1007 451 1183 498 postulat,
1201 463 1278 487 cum
1298 464 1350 492 eo,
1370 456 1409 486 ut
1428 451 1594 491 Quintius
1619 449 1785 491 salisclet,

416 502 547 548 quippe
563 499 659 545 cujus
679 502 767 537 bona
789 513 829 535 cr
847 503 960 536 edicto
983 507 1141 549 possessa
1158 505 1241 538 sint.
1298 504 1464 542 Quintius
1485 502 1663 537 satisdare
1683 512 1782 536 recu-

414 557 485 593 sat,
506 554 606 599 quasi
625 566 688 588 suu
708 553 796 588 bonu
815 566 855 588 cx
874 554 988 589 edicio
1005 566 1161 601 possessa
1181 567 1247 589 uon
1266 555 1349 590 sint.
1406 553 1600 589 Dolabella
1615 553 1783 591 decernit.

415 609 454 638 ut
471 610 533 639 aut
549 606 710 646 satisdvt,
728 610 789 639 1111!
806 606 1050 652 sponsionem
1069 605 1193 646 faciat,
1214 607 1235 641 i.
1255 618 1282 642 e.
1301 611 1433 641 certam
1448 606 1637 653 pecuniam
1653 605 1784 639 consti-

416 660 508 697 tuat,
532 669 636 703 quam
662 658 802 703 perdat,
822 657 851 691 si
869 669 936 693 sua
960 656 1058 692 bona
1082 669 1129 693 cx
1145 658 1269 693 edicto
1294 668 1457 705 possessa
1473 658 1560 693 sint.
1615 656 1785 703 Sponsio-

415 707 629 755 m’msurere
647 708 813 748 Quintius
834 709 971 745 maluit.
1025 709 1209 744 Juclicium
1223 722 1306 756 ergo
1325 711 1554 744 constituitur
1568 723 1580 744 .·
1609 709 1787 755 daturque

415 760 479 794 hoc
501 763 679 806 nogotium
709 762 745 795 C.
772 761 918 808 Aquilio
951 761 1070 802 Gallo,
1093 766 1164 796 tum
1185 759 1281 805 juris
1307 761 1420 796 civilis
1446 762 1593 796 scientia
1622 760 1785 807 inprimis

413 812 510 846 claro
527 828 538 847 .·
559 814 618 859 qni
635 817 704 847 ires
719 824 834 847 secum
854 814 889 847 in
905 813 1086 848 consilium
1103 813 1205 849 Jurts
1218 814 1394 848 consultos
1411 812 1586 854 adhibuit,
1606 811 1660 847 M.
1679 811 1786 846 Mar-

413 864 553 906 cellum,
576 865 618 900 P.
640 864 855 904 Quintilium
872 869 907 900 et
926 865 968 901 L.
986 865 1188 907 Lucullum,
1203 877 1323 901 coram
1341 865 1465 912 quibus
1480 876 1521 899 ca
1536 876 1590 900 res
1605 867 1690 899 acta
1706 867 1770 899 est.

275 944 528 1017 r-1-QUAE
567 987 630 1012 res
669 973 710 1012 in
745 972 919 1012 civitate
950 972 1045 1013 duae
1081 972 1309 1028 plurimum
1350 984 1542 1029 possunt,
1576 970 1642 1012 hae
1680 984 1789 1012 con«-

319 1027 422 1067 a'tra
456 1043 529 1068 nos
563 1030 700 1069 ambae
734 1028 895 1069 faciunt
939 1029 979 1069 in
1015 1029 1096 1070 hoc
1127 1039 1208 1070 tem
1245 1045 1330 1079 orc,
1364 1043 1529 1070 summa
1561 1027 1712 1084 gratia,
1741 1036 1785 1068 et

359 1084 624 1139 eloquentia:
667 1100 844 1140 quarum
878 1085 1072 1136 alterum,
1107 1085 1158 1126 C.
1230 1087 1372 1141 ·quilli,
1403 1099 1570 1136 vereor,
1608 1084 1782 1126 alteram

328 1139 520 1182 lmetuo.
582 1141 837 1197 Eloquentia
868 1142 924 1188 Q.
965 1141 1186 1183 Hortensii
1219 1157 1272 1183 ne
1292 1158 1360 1183 me
1386 1144 1457 1183 lin
1488 1141 1668 1184 dicendo
1702 1141 1783 1181 im-

362 1198 519 1251 pediat,
551 1199 746 1239 nonnihil
786 1212 1082 1240 commoveor:
1134 1200 1271 1255 gratia
1313 1202 1413 1240 SeX.
1447 1198 1588 1240 Naevii
1611 1199 1697 1239 2ne
1729 1196 1780 1238 P.

322 1269 349 1305 ρ
363 1254 544 1300 Quintio
566 1266 732 1306 noceat,
753 1256 793 1296 id
818 1269 915 1296 vero
939 1270 1023 1297 non
1042 1257 1311 1297 mediocriter
1330 1256 1597 1312 pertimesco.
1629 1254 1781 1309 Neque

360 1314 379 1341 3
403 1310 485 1353 hoc
509 1322 730 1369 tantopere
764 1313 1024 1367 querendum
1056 1313 1283 1364 videretur,
1309 1313 1401 1354 liaec
1433 1326 1596 1352 summa
1626 1311 1669 1352 in
1698 1311 1779 1352 illis

359 1382 463 1419 esse,
487 1369 519 1409 si
543 1370 587 1410 in
611 1370 734 1410 nobis
755 1379 894 1410 essent
921 1369 1068 1410 saltem
1099 1370 1343 1412 mediocria.
1375 1383 1521 1411 verum
1552 1369 1612 1409 ita
1642 1382 1686 1409 se
1714 1381 1780 1409 res

359 1423 502 1476 habet,
526 1435 573 1466 ut
602 1442 697 1483 ego,
721 1427 792 1481 qui
816 1431 984 1481 4neque
1016 1442 1090 1467 usu
1115 1427 1230 1478 satis,
1252 1437 1295 1468 et
1317 1427 1489 1483 ingenio
1513 1439 1661 1482 parum
1682 1439 1781 1481 pos·-

360 1496 468 1533 Sum,
489 1498 586 1524 cum
612 1494 790 1539 patrono
817 1483 1093 1525 disertissimo
1118 1499 1361 1540 comparer:
1396 1483 1445 1524 P.
1471 1483 1691 1533 Quintius,
1709 1481 1779 1523 cui

362 1547 507 1580 tenues
526 1555 643 1595 opes,
663 1540 787 1582 nullae
808 1539 1045 1591 facultates,
1064 1541 1234 1597 exiguae
1254 1541 1488 1583 amicorum
1507 1539 1646 1595 copiae
1665 1547 1778 1589 sunt,

323 1607 457 1643 3cum
479 1597 718 1638 adversario
741 1598 1049 1653 gratiosissimo
1072 1598 1317 1639 contendat.
1378 1597 1487 1638 Illud
1510 1610 1680 1652 quoque
1701 1609 1778 1636 no-

362 1652 424 1693 bis
449 1654 614 1695 accedit
645 1654 978 1706 incommodum,
1003 1655 1117 1709 quod
1149 1654 1216 1695 M.
1240 1654 1410 1705 ,lun-iuS,
1433 1653 1505 1710 qui
1539 1655 1648 1694 lianc
1677 1667 1778 1694 cau-

356 1723 460 1760 sam,
482 1709 659 1766 Aquini,
682 1711 938 1766 5aliquoties
961 1713 1074 1767 apud
1099 1720 1138 1753 te
1159 1713 1263 1768 egit,
1286 1712 1417 1753 homo
1440 1721 1483 1752 et
1504 1711 1547 1751 in
1568 1710 1660 1751 aliis
1678 1723 1778 1750 cau-

355 1766 410 1806 sis
429 1768 702 1818 exercitatus,
715 1769 814 1808 etin
834 1768 914 1808 hac
936 1769 1131 1820 multum,
1152 1778 1196 1809 et
1214 1783 1328 1826 saepe
1345 1777 1549 1818 versatus,
1567 1767 1651 1808 hoc
1670 1775 1778 1807 tem-

353 1836 457 1879 pore
479 1825 613 1875 abest,
636 1839 747 1865 nova
769 1825 982 1881 legatione
1004 1826 1255 1883 impeditus:
1280 1836 1323 1867 et
1343 1826 1396 1866 ad
1415 1838 1483 1865 me
1506 1833 1679 1865 ventum
1697 1833 1776 1875 est,

351 1880 441 1934 qui,
464 1890 511 1921 ut
534 1896 700 1923 summa
721 1881 920 1923 haberem
939 1894 1093 1933 cetera,
1116 1883 1135 1913 6
1150 1883 1352 1940 temporis
1370 1882 1543 1937 quidem
1565 1889 1680 1922 certe
1700 1880 1776 1922 vix

352 1939 452 1977 satis
487 1938 632 1989 habui,
663 1949 710 1979 ut
741 1952 829 1979 rem
861 1949 1037 1991 tantam,
1069 1949 1134 1981 tot
1164 1939 1464 1982 controversiis
1496 1936 1773 1994 implicatam,

313 2007 339 2043 4
351 2007 518 2050 possem
553 2010 826 2052 cognoscere.
886 1995 968 2048 Ita,
1001 1997 1116 2053 quod
1146 1997 1251 2040 mihi
1285 1996 1509 2039 consuevit
1547 1994 1592 2036 in
1622 1994 1774 2036 ceteris

392 2110 402 2137 1
430 2109 464 2138 in
489 2109 632 2150 dic-endo]
665 2111 717 2141 Sic
739 2110 808 2141 edd.
834 2108 873 2143 R.
897 2111 934 2143 B.
957 2112 1045 2143 Ven.-
1082 2110 1131 2141 et':
1154 2121 1220 2142 non
1233 2121 1360 2152 semper
1372 2110 1486 2142 Cicero
1497 2113 1531 2141 et
1543 2109 1598 2140 alii
1609 2107 1774 2140 Latinita-

350 2152 438 2181 1480.
456 2151 587 2182 Mediol.
602 2153 696 2183 dunt.
713 2154 770 2183 &cz
783 2156 860 2184 item
875 2154 953 2185 Mss.
970 2154 1039 2194 qui-

344 2191 429 2222 dam.
457 2194 662 2234 restituitque
690 2196 847 2226 (iraevius.
871 2196 978 2237 Vulgo
1003 2197 1038 2227 in

344 2233 451 2264 abest:
476 2235 562 2274 quod
575 2243 622 2266 est
639 2237 760 2267 durius.

385 2278 404 2306 2
426 2287 466 2306 ne
493 2278 535 2308 P.
562 2278 620 2319 Q]
653 2279 710 2309 Ed.
739 2279 844 2310 Wald.
871 2290 910 2310 ne
927 2281 1035 2320 potius

343 2316 489 2357 Quintio.
525 2330 621 2359 quam
657 2322 901 2362 corruptionem
940 2322 1034 2363 hujus

343 2363 552 2398 praenoininis
567 2367 600 2392 et
616 2363 649 2392 in
664 2364 736 2393 aliis
750 2365 839 2394 libris
855 2365 969 2404 reperi.

383 2404 401 2430 3
417 2403 592 2444 hoo—lufo]
606 2404 727 2435 Durior
739 2405 817 2436 mihi
828 2406 955 2436 videtur
967 2407 1036 2438 haec

341 2446 542 2489 pronominis
560 2446 705 2484 ejusdum
728 2448 804 2478 talis
825 2454 892 2478 tam
919 2450 1035 2489 exiguo

341 2486 513 2516 intervallo
535 2489 706 2528 repetiti03
731 2495 763 2519 et
781 2490 864 2520 hanc
881 2490 1033 2527 formam,

340 2526 396 2556 Ιιοε
406 2530 615 2566 querendum,
628 2532 774 2570 sequitur
784 2532 940 2572 legitime,
953 2535 1037 2572 quod

339 2568 440 2598 lueres.
458 2571 491 2599 z'n
512 2572 577 2601 iuis
589 2577 674 2602 sunt.
719 2572 815 2604 Forte
836 2580 892 2604 aut
907 2576 962 2605 hoc
980 2575 1033 2605 de-

340 2609 484 2647 lendum,
501 2619 558 2643 aut
572 2624 629 2653 pro
642 2624 680 2644 eo
694 2615 758 2645 laoec
770 2615 986 2654 scribendum,
999 2625 1033 2648 et

337 2650 476 2683 alterum
493 2655 558 2684 laec
571 2655 742 2686 delendum
756 2669 761 2686 ε
778 2664 836 2688 aut
847 2658 909 2688 sic:
933 2669 1033 2699 neque

337 2697 362 2722 t.
385 2704 412 2733 q.
437 2695 613 2733 videretur,
637 2699 720 2731 hm,
752 2705 809 2730 aut
836 2700 901 2730 sic:
932 2711 1032 2741 neque

336 2735 412 2773 liare,
432 2740 597 2778 tantopere
615 2749 643 2779 q.
659 2740 834 2779 videretur,
849 2752 980 2773 summu
996 2744 1031 2774 in

336 2777 401 2807 iuis
414 2787 487 2808 esse.

375 2821 405 2865 4⁴
418 2829 458 2849 ne
478 2830 518 2850 ue
530 2831 592 2851 usu
605 2832 630 2852 ε.
645 2827 675 2853 et
690 2824 772 2864 ing]
790 2825 841 2856 Ne
857 2835 953 2864 quein
969 2828 1028 2857 im-

335 2860 444 2902 pediat
470 2872 528 2893 iaec
540 2863 651 2903 paullo
665 2865 777 2898 durior
788 2868 872 2898 ratio
886 2878 1029 2907 neque—-

1081 2154 1123 2184 tis
1140 2159 1288 2185 auctores
1300 2154 1414 2184 dicunt
1429 2159 1689 2192 neque—neque.-
1717 2149 1776 2180 sed

1079 2196 1191 2232 etiam,
1207 2203 1244 2227 ut
1260 2195 1358 2227 semel
1377 2199 1510 2226 tantum
1531 2202 1631 2234 neque
1650 2193 1706 2230 sit,
1725 2190 1774 2223 al-

1080 2244 1150 2268 tero
1165 2238 1236 2268 loeo
1250 2238 1314 2269 alia
1326 2237 1498 2278 particula,
1515 2241 1554 2266 ut
1566 2235 1599 2266 h.
1614 2234 1637 2266 1.
1679 2235 1772 2274 Saepe

1079 2285 1229 2310 notatum
1245 2280 1306 2311 hoc
1321 2279 1459 2311 Criticis.
1471 2278 1535 2310 vid.
1550 2288 1579 2308 v.
1594 2287 1622 2308 e.
1639 2276 1772 2308 Coi-tius

1076 2321 1116 2352 ad
1132 2322 1208 2363 Sall.
1221 2322 1301 2362 Jug.
1316 2324 1367 2355 74.
1382 2331 1429 2362 pr.

1120 2367 1138 2395 5
1160 2364 1327 2404 aliquoties
1347 2363 1438 2404 apud
1462 2366 1494 2393 ee
1519 2360 1600 2401 egit]
1625 2359 1696 2391 Nec
1722 2363 1774 2390 ta-

1078 2416 1154 2436 men
1178 2406 1350 2446 peroravit,
1372 2410 1409 2436 ut
1426 2403 1544 2435 diserte
1565 2403 1645 2434 dicit
1666 2411 1695 2432 c.
1723 2403 1772 2435 10.

1079 2449 1162 2479 male
1183 2442 1353 2478 Manutius
1366 2447 1408 2479 ad
1423 2445 1670 2487 ampliationem
1684 2443 1771 2484 judi-

1077 2500 1151 2520 cum
1166 2490 1274 2520 refert.

1117 2533 1137 2563 6
1157 2533 1308 2571 temporis
1341 2531 1469 2571 quidem
1499 2527 1598 2568 certe]
1627 2528 1679 2559 Sic
1709 2528 1770 2559 ite·

1076 2584 1148 2604 rum
1161 2585 1188 2605 c.
1208 2577 1254 2605 15.
1276 2574 1422 2604 Graevius
1435 2572 1477 2603 ibi
1491 2575 1577 2602 certe
1587 2569 1691 2600 delet:
1715 2570 1768 2601 hic

1076 2625 1160 2647 non:
1182 2624 1366 2655 quanquam
1389 2615 1431 2645 ibi
1453 2614 1555 2645 etiam
1573 2611 1685 2643 durius
1703 2618 1767 2649 est,

1074 2668 1170 2698 quam
1184 2658 1215 2688 h.
1231 2657 1252 2688 l.
1287 2658 1398 2688 Potest
1411 2657 1526 2696 utique
1539 2654 1649 2686 abesse
1661 2658 1766 2687 certe,-

1074 2709 1133 2731 nec
1153 2700 1321 2739 quisquam
1338 2699 1546 2734 desideraret,
1568 2697 1596 2727 si
1619 2695 1764 2727 abesset.

1071 2741 1126 2773 sed
1149 2741 1322 2782 respondet
1343 2741 1457 2772 Graeco
1478 2740 1528 2780 μὶν
1549 2736 1594 2775 δὲ,
1616 2737 1703 2778 quod
1724 2736 1766 2768 ad

1070 2791 1200 2824 tempus
1225 2783 1362 2821 attinet,
1387 2783 1456 2822 ejus
1489 2785 1577 2813 certe
1607 2781 1665 2811 ἃς.
1719 2778 1767 2810 Et

1069 2825 1216 2866 pluribus
1234 2825 1313 2857 locis
1339 2825 1498 2866 reperitur
1521 2824 1569 2854 sic
1592 2821 1679 2864 apud
1705 2829 1766 2853 no·

1069 2873 1184 2900 strum.
