1907 3231
335 117 413 151 448
943 117 1190 156 ORATIO

292 205 328 258 6
395 216 560 260 Athoc
582 217 697 261 Galli
722 228 906 276 negant:
938 229 984 260 at
1012 221 1120 261 ratio
1153 233 1294 259 rerum
1327 226 1371 259 et
1402 217 1466 260 vis
1494 227 1769 275 argumento-

294 278 325 308 b·
339 288 433 316 rum
461 277 671 332 coarguit.
734 277 884 319 Potest
913 277 1045 332 ioitur
1075 276 1255 318 testibus
1282 276 1420 330 judex
1454 291 1540 317 non
1543 253 1796 318 001··0(1010.Ρ·

277 324 322 358 ῙῙ
339 331 534 388 Cupidis,
556 342 599 374 et
619 334 752 385 iratis,
775 343 817 374 et
837 334 933 387 conj
943 348 989 372 111
992 343 1087 383 3113,
1108 341 1152 373 et
1170 334 1224 373 ab
1242 333 1449 389 religione
1471 333 1661 383 remotis,
1682 348 1770 374 non

338 389 476 430 solum
496 399 652 446 potest,
676 392 747 431 sed
766 391 895 431 etiam
917 390 1060 430 debet.
1094 389 1267 430 Etenim
1286 391 1336 441 si,
1354 391 1456 446 quia
1472 390 1587 432 Galli
1607 390 1772 440 dicunt,

333 446 496 488 idcirco
531 448 599 489 M.
631 447 834 488 Fonteius
868 461 1027 487 nocens
1060 446 1371 488 existimandus
1406 456 1495 489 est:
1527 447 1630 511 qnid
1663 446 1798 492 mihi

333 518 442 559 opus
465 514 529 544 est
562 503 944 559 sapientejudice?
975 503 1078 567 quid
1110 518 1234 558 aequo
1267 504 1520 558 quaesitore?
1550 504 1655 559 qnid
1676 518 1770 549 ora-

334 570 428 602 tore
448 576 535 602 non
555 560 712 602 stulto?
745 559 912 601 Dicunt
937 561 1052 601 enim
1086 560 1215 602 Galli.
1239 575 1396 616 negare
1418 576 1504 602 non
1526 575 1768 617 possumus.

333 616 424 659 Hic
457 618 490 658 si
520 617 747 681 ingeniosi,
769 626 813 658 et
844 617 985 673 periti,
1014 626 1057 657 et
1089 618 1203 672 aequi
1226 617 1388 673 judicis
1410 618 1485 659 has
1512 628 1652 674 partes
1679 632 1770 659 esse

331 674 603 725 existimatis,
627 683 688 724 ut,
708 674 911 729 quoniam
933 674 1109 739 quidem
1130 684 1257 716 testes
1280 675 1444 726 dicunt,
1474 676 1565 716 sine
1585 675 1670 716 ulla
1691 676 1770 717 du-

332 731 543 772 bitatione
565 732 824 773 credendum
847 731 925 773 sit:
959 731 1070 772 salus
1100 732 1194 788 ipsa
1216 733 1403 772 vii-mum
1433 706 1614 773 'fortium
1645 733 1770 774 inno-

331 788 519 829 centiam
553 788 661 829 tueri
694 804 781 829 non
813 798 978 844 potest:
1011 789 1076 829 sin
1106 799 1250 830 autem
1283 789 1327 829 in
1364 789 1491 830 rebus
1521 788 1769 843 judicandis

331 847 368 875 §.¹1
382 860 468 886 non
491 845 712 887 minimam
730 855 893 902 partem
912 847 965 888 ad
980 860 1325 910 unamquamque
1346 860 1436 886 rem
1458 846 1771 899 aestimandam,

331 913 637 957 momentoque
675 918 752 944 suo
801 904 964 959 ponder
967 905 1135 954 ¹indam,
1179 904 1389 960 sapientia
1422 903 1586 958 judicis
1627 912 1766 947 tenet:

359 961 450 1000 lnae
472 961 607 1000 multo
631 969 783 1001 vestrae
805 975 988 1015 maJmes
1011 962 1314 1017 gravioresque
1337 970 1478 1016 partes
1501 971 1601 1001 sunt
1620 961 1674 1002 ad
1695 976 1769 1002 co-

273 1025 321 1058 12
333 1016 573 1072 gitandum,
592 1032 721 1072 quam
743 1018 794 1058 ad
817 1018 1046 1058 dicendum
1062 1033 1185 1060 ineae.
1216 1018 1333 1059 Mihi
1350 1018 1464 1059 enim
1483 1032 1650 1074 semper
1666 1033 1771 1060 una-

332 1088 501 1129 quaque
521 1075 573 1115 de
597 1089 639 1115 10
670 1075 789 1115 testis
811 1089 897 1114 non
926 1075 1063 1116 solum
1087 1075 1229 1126 semel,
1251 1089 1399 1116 verum
1429 1075 1560 1116 etiam
1584 1076 1769 1118 breviter

331 1130 522 1193 interrog
526 1131 674 1182 andus,
708 1141 752 1172 et
792 1146 907 1188 saepe
942 1135 1072 1174 etiam
1108 1148 1194 1173 non
1230 1132 1579 1188 inte1·1ogandus;
1609 1147 1663 1174 ne
1684 1142 1771 1175 aut

331 1187 440 1229 irato
464 1188 643 1229 facultas
666 1189 719 1230 ad
741 1189 970 1230 dicendum
993 1190 1108 1253 dat-‘23
1125 1199 1200 1230 aut
1217 1189 1376 1245 cupido
1395 1189 1628 1230 auctoritas
1646 1191 1769 1232 attri—

330 1245 436 1286 buta
463 1261 554 1286 esse
583 1246 791 1297 videatur,
823 1261 898 1287 vos
932 1256 976 1287 et
1008 1247 1164 1311 saepius
1187 1247 1365 1288 eandem
1387 1261 1476 1287 rem
1498 1247 1652 1288 animis
1672 1248 1767 1304 agi-

329 1310 434 1354 tale,
455 1312 498 1344 et
515 1303 676 1344 diutius
697 1306 736 1335 23
750 1319 836 1344 uno
855 1303 907 1344 de
930 1313 1036 1345 teste
1057 1305 1250 1360 cogitare
1266 1304 1470 1360 potestis:
1501 1312 1559 1355 et,
1581 1305 1614 1345 si
1637 1319 1766 1359 quem

327 1373 406 1400 nos
429 1361 692 1417 interiooare
722 1361 953 1413 noluimus,
981 1376 1078 1417 quae
1106 1377 1235 1403 causa
1263 1361 1387 1402 nobis
1418 1361 1588 1402 tacendi
1621 1361 1766 1413 fuerit,

327 1417 575 1459 existimare
596 1418 775 1459 debetis.
836 1419 1145 1482 Quainobiem,
1174 1419 1258 1459 ‘24si
1289 1419 1372 1459 hoc
1397 1418 1540 1474 judici
1572 1420 1767 1475 praescri-

330 1483 453 1530 ptum
470 1474 564 1531 lege
582 1486 656 1515 aut
672 1475 816 1516 officio
835 1476 1010 1531 putatis,
1033 1476 1214 1517 testibus
1236 1476 1429 1518 crzedere
1460 1475 1569 1517 nihil
1590 1485 1669 1528 est,
1689 1491 1766 1519 cur

330 1531 436 1572 alins
458 1521 542 1572 alio
556 1532 706 1587 judice
727 1532 877 1573 melior
899 1542 973 1573 aut
990 1533 1224 1589 sapientior
1245 1532 1530 1574 existimetur.
1549 1547 1683 1574 unum
1701 1544 1766 1575 est

330 1589 446 1629 enim
467 1598 510 1629 et
532 1590 713 1645 simplex
735 1589 1150 1645 uiliuinjudiciu1113
1182 1600 1225 1631 et
1245 1590 1488 1646 promiscue
1507 1599 1550 1630 et
1571 1605 1766 1632 commu-

273 1646 443 1693 '13niter
465 1646 604 1687 stultis
626 1662 676 1688 ac
698 1647 962 1711 sapientibus
985 1649 1039 1689 ab
1061 1657 1214 1689 natura
1233 1650 1396 1688 datum.
1457 1647 1576 1693 Quid
1595 1656 1662 1689 est
1682 1648 1766 1704 igi-

333 1712 414 1754 tur,
437 1705 510 1744 ubi
533 1704 698 1745 elucere
720 1704 855 1759 possit
888 1705 1137 1760 prudentia?
1171 1705 1242 1746 ubi
1265 1705 1448 1745 discerni
1470 1704 1624 1745 stultus
1645 1705 1767 1748 audi-

330 1769 458 1801 toret
479 1761 673 1802 credulus
696 1763 750 1802 ab
783 1761 984 1817 religioso
1017 1770 1060 1803 et
1089 1762 1272 1818 sapienti
1287 1761 1693 1817 Jud1te?.n1muum
1715 1761 1765 1803 11-

327 1817 415 1870 iud,
447 1818 488 1858 in
511 1834 596 1873 quo
620 1834 682 1870 ea,
702 1833 797 1873 quae
821 1819 1022 1860 dicuntui
1040 1835 1066 1860 a
1087 1820 1282 1871 testibus,
1303 1821 1344 1851 25
1356 1818 1608 1874 conjectura
1626 1828 1671 1865 et
1691 1834 1769 1862 co-

372 1965 408 1993 c'1
445 1973 508 1994 non
541 1965 714 1995 minimam
747 1969 879 2004 parlem
919 1964 1018 2004 tenet]
1064 1965 1115 1996 l'r.
1130 1969 1164 1996 et
1189 1966 1383 2003 necessario,
1410 1964 1487 2005 quia
1505 1965 1667 2004 sequitur,
1710 1975 1762 1996 uoe

331 2005 459 2036 Haesit·
453 2016 488 2036 111
501 2007 598 2037 verbo
614 2012 698 2037 tenet
715 2007 1021 2043 La=115·111·1s‚-male
1065 2021 1079 2037 ι
1076 2017 1167 2038 ansa
1194 2008 1323 2038 tacendi
1335 2008 1461 2049 Juerit.
1504 2008 1593 2038 Nam
1614 2009 1767 2040 nolumus

330 2045 452 2087 batque
467 2050 566 2086 valet,
593 2054 651 2079 aut
674 2049 833 2088 eiusmodi
849 2049 943 2088 quid:
968 2049 1024 2080 sed
1065 2059 1124 2090 pos
1111 2049 1250 2080 tuiaret
1263 2051 1317 2081 sic.

330 2094 429 2128 tenet,
449 2091 536 2139 quod
550 2096 599 2121 est
613 2091 647 2122 in
665 2091 736 2122 cdd.
753 2102 802 2132 pr.
819 2099 869 2121 est
884 2093 1022 2130 exquisi-

328 2133 409 2169 tius.
424 2133 588 2172 mirorque
606 2134 640 2163 in
656 2144 694 2164 00
714 2134 843 2165 haesisse
860 2134 946 2164 viros
968 2135 1025 2164 do-

330 2180 410 2205 ctos.
456 2175 495 2205 In
523 2176 696 2207 Graeviana
718 2176 826 2207 abest:
851 2177 960 2207 nescio
982 2187 1025 2208 an

330 2217 495 2247 consulto.

370 2261 411 2290 22
432 2269 482 2289 πα·
495 2261 856 2300 ηταῑιο--ειιηΐ-ᾳιιαηι
872 2261 945 2300 &c.]
974 2262 1025 2292 Sic

327 2301 411 2332 edidi
437 2312 476 2331 ex
496 2302 567 2333 edd.
591 2313 641 2343 pr.
668 2303 755 2342 quia,
777 2309 816 2333 ut
838 2304 1025 2343 saepissime,

327 2344 362 2373 in
385 2344 456 2374 edd.
480 2355 529 2385 pr.
555 2346 654 2376 etiam
681 2345 760 2375 Mss.
788 2355 847 2385 pro
873 2355 899 2375 α’
925 2350 976 2376 est
996 2356 1025 2384 e,

326 2386 436 2425 sicque
451 2386 483 2417 h.
499 2387 521 2417 1.
537 2397 600 2425 ne;
624 2387 775 2428 explendi
801 2397 914 2418 caussa
935 2388 1025 2419 addi-

326 2434 400 2458 tum
414 2434 464 2458 est
478 2429 581 2460 videte
603 2433 637 2459 et
651 2440 690 2460 ex
709 2434 786 2460 sunt
807 2429 932 2460 factum
947 2431 1023 2462 sint.

326 2470 413 2501 Nam
427 2471 530 2501 videte
543 2471 673 2511 quidem
685 2481 752 2502 non
765 2476 815 2501 est
824 2473 927 2502 necin
940 2472 1021 2503 Mss.

326 2513 435 2542 necin
454 2513 529 2543 edd.
545 2523 595 2553 pr.
638 2513 766 2544 Primus
781 2513 952 2553 vulgatum
975 2516 1023 2545 vi-

324 2555 396 2584 dete
407 2564 446 2584 ne
452 2554 493 2586 de
507 2555 623 2586 Faerni
635 2556 801 2586 sententia
813 2554 914 2587 edidit
922 2556 1021 2588 Lam-

325 2597 432 2627 binus.

365 2641 405 2670 93
419 2649 484 2670 uno
497 2639 536 2669 de
547 2639 638 2679 teste]
652 2639 704 2669 Sic
717 2639 840 2670 habent
853 2638 924 2670 edd.
937 2643 1019 2670 vett.

322 2685 358 2712 et
373 2681 452 2712 Mss.
504 2681 708 2721 Unoqnoque,
723 2681 809 2721 quod
822 2682 924 2721 etiam
936 2682 1021 2712 Gru-

323 2729 414 2754 terus
441 2723 555 2761 edidit,
585 2724 712 2754 factum
738 2728 788 2754 est
818 2735 836 2754 e
863 2725 1022 2764 superiori

323 2775 524 2806 unaquaque
537 2767 576 2796 de
589 2776 634 2796 re.
659 2766 815 2797 Ceterum
833 2766 875 2797 ad
889 2775 1022 2800 sensum

324 2808 371 2838 nil
387 2807 566 2838 admodum
579 2808 690 2838 refert.
735 2808 895 2839 Dedimus
919 2809 1024 2846 etiam

322 2851 488 2882 noluimus
502 2859 578 2882 cum
597 2850 735 2890 FaernO,
751 2849 893 2892 Graevio,
915 2861 933 2883 e
956 2850 1020 2884 Ms.

1109 2093 1149 2123 24
1164 2093 1190 2122 si
1207 2091 1392 2133 hocjudici]
1407 2093 1460 2123 Sic
1473 2102 1549 2131 cum
1563 2093 1692 2124 Graevio
1705 2103 1762 2134 pa-

1068 2135 1160 2170 riter,
1176 2146 1194 2165 e
1209 2134 1324 2165 Faerni
1342 2134 1425 2165 libro
1443 2138 1503 2165 aut
1508 2134 1648 2174 judicio,
1663 2135 1761 2166 edidi.

1068 2177 1183 2208 Sermo
1197 2181 1248 2207 est
1262 2177 1351 2208 enim
1366 2176 1405 2207 de
1419 2186 1547 2216 gene-r&
1570 2177 1609 2207 In
1623 2177 1696 2208 edd.
1709 2187 1759 2218 pr.

1068 2224 1117 2249 est
1141 2229 1198 2260 per
1212 2219 1444 2259 compendium
1456 2218 1539 2256 ,Iud
1548 2229 1571 2257 e
1591 2229 1669 2258 quo,
1684 2220 1761 2260 quia

1068 2262 1209 2300 primam
1237 2260 1368 2292 literam
1403 2259 1616 2309 majusculam
1643 2262 1762 2299 fecere,

1060 2302 1192 2343 judices
1202 2303 1365 2334 fecerunt:
1379 2303 1533 2343 primusq
1514 2302 1762 2343 quidemAldus.

1070 2345 1156 2376 Nam
1171 2345 1278 2376 Junta
1288 2345 1394 2376 adhuc
1406 2345 1505 2376 habet
1517 2345 1600 2378 Jud.
1616 2376 1620 2380 ,

1109 2389 1150 2420 25
1173 2386 1362 2429 conjectura
1372 2388 1403 2418 et
1417 2388 1610 2435 cogitas-ione
1621 2388 1764 2426 tradun-

1067 2430 1137 2469 tur]
1153 2430 1223 2460 Viri
1233 2430 1322 2460 docti
1331 2428 1468 2460 Hotom.
1477 2426 1634 2467 Faernus,
1643 2430 1760 2461 Lamb.

1066 2482 1234 2503 correxere
1246 2477 1279 2502 et
1292 2472 1418 2506 edidere
1429 2470 1621 2512 conjectura>
1632 2476 1663 2502 et
1675 2472 1766 2511 cogi-

1066 2515 1229 2554 tatiom.‚q
1231 2513 1295 2546 uod
1308 2519 1344 2545 et
1357 2513 1524 2556 Graevius
1516 2523 1550 2547 ιιι
1562 2513 1629 2554 MS.
1643 2514 1760 2546 Frauc.

1065 2563 1232 2605 repertum
1248 2556 1359 2587 edidit.
1403 2555 1489 2586 Mihi
1515 2560 1628 2596 tamen
1648 2555 1763 2600 forma

1064 2598 1134 2638 ipsa
1146 2598 1304 2630 orationis
1317 2597 1576 2635 duriorvidetur,
1586 2608 1686 2638 quam
1701 2609 1764 2643 pro

1065 2641 1231 2671 Ciceronis
1246 2640 1420 2683 facilitate.
1458 2639 1568 2680 igitur
1581 2650 1650 2672 non
1663 2650 1764 2677 ausus

1063 2692 1136 2713 sum
1160 2682 1192 2713 id
1213 2675 1346 2712 imitari.
1389 2677 1466 2713 Mea
1480 2682 1672 2724 conjectura
1681 2683 1759 2721 fuit,

1065 2728 1258 2756 tractantur
1270 2718 1446 2768 legendum
1460 2724 1580 2766 wideri:
1595 2720 1690 2765 quod
1708 2729 1760 2756 est

1064 2767 1199 2798 verbum
1214 2760 1466 2805 Ciceronianum
1484 2767 1536 2809 iri
1533 2764 1608 2807 ha'c
1626 2771 1758 2801 senten-

1064 2809 1124 2845 tia,
1141 2809 1192 2840 cui
1208 2809 1303 2841 facile
1325 2809 1482 2840 substitui
1495 2807 1607 2852 potuit
1619 2804 1761 2842 traam·

1064 2855 1132 2882 tur.
