1907 3231
477 149 601 188 AcT.
628 143 682 189 11'.
724 148 914 188 LIBER
940 146 1223 189 QUINTUS.
1498 154 1578 190 41³

133 251 256 294 istius
295 252 575 310 improbitam
609 262 652 296 et
684 248 974 297 calamitatem
1006 252 1167 294 Siciliae
1201 262 1378 308 possent
1412 269 1579 312 cogno·

132 325 264 352 scere.
325 311 548 352 Siculosne
565 312 750 355 milites?
781 321 1052 353 aratorumne
1074 310 1256 352 liberos?
1287 325 1469 364 quorum
1501 328 1578 369 pa-

132 376 219 408 tres
241 376 410 409 tantum
442 368 588 410 labore
610 385 686 411 suo
709 369 916 410 frumenti
939 369 1190 418 exarabant,
1213 375 1263 407 ut
1291 368 1452 423 populo
1487 370 1578 410 Ro-

129 439 259 465 mano
281 425 446 479 totique
469 425 607 467 Italiae
633 430 668 461 17
680 427 953 484 suppeditare
974 433 1164 482 possent,
1194 438 1338 475 eosne,
1372 425 1415 465 in
1438 427 1576 467 insula
1590 449 1620 479 p.
1638 440 1709 471 256.

133 481 304 523 Cereris
325 491 467 533 natos,
490 485 565 525 ubi
589 485 773 540 primum
795 484 941 540 fruges
963 484 1153 525 inve-ntae
1175 496 1267 523 esse
1288 482 1506 534 dicuntur,
1525 499 1576 524 eo
1590 492 1620 512 a.

132 539 233 580 cibo
263 553 354 580 esse
376 555 490 592 us08‚
510 556 535 582 a
556 556 642 598 quo
664 542 850 597 majores
872 556 1021 582 eorum
1039 551 1204 582 ceteros
1231 554 1419 594 quoque,
1442 541 1579 597 frugi-

132 596 211 636 bus
243 596 445 649 inventis,
479 603 785 641 removerunt?
815 598 878 640 Te
907 608 1107 655 praetore,
1131 597 1264 639 Siculi
1297 597 1455 638 milites
1488 598 1580 655 pal-

132 667 299 694 marum
325 655 547 711 stirpibus,
570 657 796 713 praedones
821 657 966 697 Siculo
989 656 1208 697 frumento
1237 654 1477 697 alebantur.
1539 655 1579 696 O
1595 663 1669 696 loo

129 712 427 767 spectaculum
467 714 669 755 miserum
704 723 833 769 atque
867 715 1094 755 acerbum!
1128 713 1317 754 ludibrio
1347 727 1439 754 esse
1461 713 1580 754 urbis

130 768 313 824 gloriam
347 778 390 811 et
421 771 571 827 populi
606 772 792 813 Romani
827 786 1009 812 nomen:
1058 770 1335 812 18hominum
1364 781 1582 812 conventu

130 834 262 882 atque
283 828 584 870 multitudine:
616 829 800 885 piratico
823 841 1104 884 myoparone,
1128 829 1171 868 in
1191 838 1319 883 portu
1350 828 1583 884 Syracusa-

132 897 207 935 n0,
235 885 288 926 de
317 885 451 927 classe
484 886 633 942 populi
678 885 866 926 Romani
904 884 1173 940 triumphum
1204 899 1332 940 agere
1371 886 1580 941 piratam3

127 956 228 983 cum
258 944 456 999 praetoris
500 942 753 998 nequissimi
784 943 1119 998 inertissimique
1148 943 1296 983 oculos
1328 944 1583 999 praedonum

133 1000 241 1040 remi
264 1003 588 1056 respergerent?

189 1056 480 1113 Posteaquam
508 1072 531 1099 e
552 1067 682 1114 portu
707 1057 855 1113 piratae
879 1072 966 1098 non
1000 1065 1117 1098 metu
1141 1056 1286 1112 aliquo
1308 1056 1469 1109 affecti,
1493 1059 1582 1108 sed,

131 1115 330 1155 satietate
352 1116 573 1167 exierant;
606 1125 697 1156 tum
721 1125 951 1171 coeperunt
972 1129 1165 1170 quaerere
1188 1115 1386 1155 homines
1407 1131 1582 1156 causam

131 1171 243 1213 illius
266 1181 400 1214 tantae
424 1173 695 1214 calamitatis.
749 1172 906 1214 Dicere
928 1187 1092 1223 omnes,
1115 1182 1159 1213 et
1182 1172 1321 1228 palam
1344 1173 1581 1228 disputare,

130 1229 311 1271 minime
331 1245 423 1271 esse
444 1231 703 1282 mirandum,
729 1231 778 1281 si,
797 1230 1008 1271 militibus
1032 1230 1355 1287 remigibusque
1377 1231 1581 1282 dimissis,

131 1286 305 1343 reliquis
328 1297 520 1345 egestate
541 1298 584 1329 et
606 1288 720 1330 fame
743 1288 935 1344 perditis,
958 1297 1143 1343 praetore
1166 1296 1232 1328 tot
1253 1287 1343 1328 dies
1365 1303 1464 1330 cum
1486 1303 1581 1329 mu-

128 1344 315 1386 lierculis
349 1355 619 1403 perpotante,
651 1355 771 1387 tanta
795 1345 1036 1401 ignominia
1058 1354 1101 1386 et
1122 1345 1343 1386 calamitas
1372 1356 1485 1387 esset
1509 1362 1580 1388 ac-

131 1411 272 1458 cepta.
336 1403 449 1445 Haec
471 1413 614 1444 autem
638 1404 762 1444 istius
779 1403 1041 1459 vituperatio
1065 1412 1195 1458 atque
1218 1402 1397 1444 infamia
1420 1404 1578 1446 confir·
1593 1409 1664 1444 101

130 1461 332 1502 mabatur
352 1475 500 1502 eorum
525 1475 733 1512 sermone,
757 1461 829 1516 qui
855 1475 878 1501 a
902 1461 987 1501 suis
1011 1460 1263 1502 civitatibus
1292 1460 1374 1502 illis
1396 1462 1580 1503 navibus

129 1518 355 1575 praepositi
385 1517 581 1570 fuerant3
627 1519 701 1574 qui
734 1532 789 1560 ex
825 1517 898 1559 illo
932 1532 1113 1559 numero
1145 1518 1298 1573 reliqui
1332 1519 1581 1575 SyracusaS,

128 1574 264 1616 classe
293 1576 465 1627 amissa,
488 1575 751 1633 refugerant.
814 1574 1048 1627 Dicebant,
1080 1590 1188 1631 quos
1218 1590 1273 1616 ex
1303 1591 1379 1617 sua
1400 1578 1583 1633 quisque

127 1634 229 1674 navi
251 1633 404 1674 missos
427 1634 554 1675 sciret
570 1649 676 1675 esse.
730 1634 818 1675 Res
837 1642 929 1674 erat
951 1633 1088 1675 clara:
1121 1647 1261 1688 neque
1283 1633 1421 1675 solum
1453 1650 1581 1691 argu-

129 1691 302 1743 mentis,
326 1692 398 1733 sed
421 1692 553 1733 etiam
575 1693 704 1734 certis
727 1693 909 1733 testibus
936 1695 972 1726 19
987 1691 1110 1732 istius
1133 1691 1316 1732 avaritia
1337 1693 1578 1733 tenebatur.

131 1747 282 1790 Homo
312 1750 470 1791 certior
492 1750 557 1801 fit,
589 1751 660 1806 agi
693 1750 801 1791 nihil
832 1751 876 1790 in
911 1748 1006 1790 foro
1040 1758 1084 1789 et
1116 1758 1335 1790 conventu
1369 1759 1462 1791 tota
1495 1751 1664 1808 die,39

126 1805 212 1847 nisi
235 1806 319 1848 hoc
342 1808 477 1862 quaeri
500 1823 524 1848 a
546 1808 787 1859 navarchis,
808 1807 1174 1863 quemadmodum
1198 1806 1344 1848 classis
1374 1808 1430 1849 sit
1452 1809 1580 1849 amis-

131 1877 190 1915 sa,
213 1864 308 1905 illos
329 1866 601 1922 respondere,
621 1877 665 1907 et
697 1866 851 1907 docere
885 1879 1250 1920 unumquemque,
1281 1865 1486 1907 missione
1515 1881 1581 1907 re·-

128 1922 312 1978 migum‚
333 1922 446 1964 fame
468 1923 744 1979 reliquorum,
768 1924 1015 1965 Cleomenis
1038 1923 1193 1963 timore
1215 1932 1259 1963 et
1281 1923 1402 1980 fuga„
1446 1924 1578 1970 Quod

129 1989 411 2035 posteaquam
449 1981 529 2022 iste
564 1982 787 2038 cognovit,
829 1982 941 2022 hanc
982 1980 1196 2022 rationem
1227 1980 1385 2021 habere
1423 1982 1579 2037 coepit.

131 2036 318 2078 Causam
354 2039 435 2079 sibi
471 2039 697 2080 dicendam
730 2054 822 2080 esse
846 2047 1054 2080 statuerat
1078 2039 1173 2093 jam
1204 2048 1317 2090 ante,
1340 2054 1469 2094 quam
1493 2039 1578 2080 hoc

129 2109 208 2135 usu
252 2096 430 2147 veniret,
471 2097 531 2137 ita
565 2106 611 2137 ut
644 2097 785 2153 ipsum
818 2096 960 2152 priore
995 2097 1169 2137 actione
1203 2096 1346 2137 dicere
1379 2096 1575 2137 audistis.

130 2151 334 2205 Videbat,
367 2153 448 2195 illis
472 2155 697 2195 navarchis
727 2155 925 2205 testibus,
954 2162 1122 2195 tantum
1151 2153 1235 2195 hoc
1257 2153 1419 2195 crimen
1446 2156 1573 2195 susti-

127 2224 229 2251 nere
251 2226 294 2252 se
318 2212 433 2252 nullo
456 2213 586 2253 modo
609 2227 749 2269 posse.
813 2211 1055 2253 Consilium
1078 2212 1196 2267 capit
1218 2212 1358 2267 primo
1378 2212 1615 2264 stultum‚b-

128 2277 423 2311 verumtamen
463 2270 664 2311 clemens.
726 2270 1004 2312 Cleomenem
1026 2278 1070 2309 et
1098 2269 1336 2310 navarchos
1359 2270 1411 2311 ad
1434 2284 1478 2310 se
1501 2285 1575 2311 vo-
1593 2281 1665 2315 1052

130 2326 218 2366 cari
245 2326 389 2381 jubet.
423 2329 617 2369 veniunt.
660 2337 837 2370 accusat
874 2342 962 2377 eos,
995 2326 1111 2382 quod
1153 2327 1402 2382 hujusmodi
1444 2328 1498 2369 de
1536 2343 1580 2370 se

129 2397 347 2426 sermones
377 2386 639 2429 habuerintz·
660 2395 802 2443 rogat,
824 2395 873 2427 ut
895 2385 939 2426 id
966 2384 1107 2426 facere
1128 2385 1353 2437 desistant,
1373 2395 1417 2427 et
1437 2385 1483 2426 in
1505 2401 1582 2427 sua

176 2529 213 2561 17
238 2528 448 2568 suppeditare
469 2528 612 2569 possent]
642 2527 833 2558 Hotoman·
875 2526 1059 2557 Lambinus
1075 2531 1109 2557 et
1130 2527 1291 2557 Gruterus
1315 2525 1443 2558 edidere
1459 2537 1498 2558 ex
1513 2537 1579 2558 uno

129 2577 191 2600 nus
216 2571 361 2601 malebat
369 2575 488 2610 posset,
502 2577 541 2601 ut
556 2571 597 2602 ad
613 2570 833 2610 „frumentum
878 2570 941 2600 Ms-
958 2575 1149 2600 com·entum
1164 2580 1204 2600 ae
1214 2570 1478 2600 multitudinem:
1493 2570 1581 2611 quod

129 2612 324 2650 referretur;
349 2613 444 2653 idque
466 2613 617 2653 placebat
639 2614 779 2643 Graevio.
795 2619 830 2643 et
871 2612 1084 2642 commodum
1115 2621 1246 2642 sensum
1280 2622 1348 2642 non
1385 2613 1495 2644 habet.
1540 2613 1581 2643 In

130 2655 323 2693 exquisitius
347 2660 399 2686 est
425 2656 499 2692 hoc,
514 2667 613 2695 quam
635 2656 827 2695 vulgatum:
871 2654 930 2685 illo
943 2654 1050 2685 intell.
1067 2656 1114 2690 in,
1129 2655 1217 2694 quod
1239 2655 1324 2686 forte
1347 2655 1466 2686 excidit
1489 2656 1525 2686 in
1541 2656 1581 2686 li-

131 2696 188 2726 sed
201 2702 235 2727 et
249 2698 311 2728 hoc
326 2703 466 2735 rectum,
482 2709 542 2728 nec
566 2699 624 2729 illa
646 2698 832 2728 observatio
876 2698 953 2728 bris.
971 2699 1019 2728 ita
1040 2706 1154 2727 sensus
1177 2698 1323 2737 optimus
1348 2703 1415 2728 est:
1439 2699 1580 2729 testibus

132 2738 171 2768 de
190 2749 251 2770 usu
272 2741 361 2770 verbi
382 2742 591 2781 suppeditare
616 2741 833 2780 exquisitiori,
877 2740 993 2770 multis
1003 2739 1192 2770 hominibus
1201 2739 1403 2771 contumelia
1412 2740 1581 2773 adfectum

132 2781 230 2812 debet
254 2782 324 2813 sine
345 2783 437 2814 libris
463 2783 571 2814 valere
599 2784 640 2815 ad
668 2784 834 2823 corrigen-
879 2792 1002 2813 nomen
1014 2792 1090 2822 pop.
1107 2782 1147 2813 R.

132 2823 224 2854 dum.
925 2829 963 2859 19
984 2825 1078 2856 istius
1103 2824 1265 2864 avaritia]
1298 2826 1351 2856 Sic
1379 2826 1462 2857 bene
1488 2825 1579 2856 Grae-

178 2868 215 2897 18
238 2868 406 2898 hominum
417 2873 624 2898 conventum*
637 2867 746 2908 mult]
772 2868 836 2899 Re·
879 2868 950 2898 vius
978 2865 1084 2898 e⁴Ms.
1107 2868 1188 2907 Reg.
1213 2867 1314 2900 edidit
1339 2878 1399 2910 pro
1423 2869 1580 2907 audacia,

133 2909 228 2940 stitui
241 2919 318 2941 curn
334 2910 463 2944 Graevio
477 2911 654 2944 lectionem
665 2910 736 2944 edd.
753 2915 839 2944 vett„
879 2920 954 2950 quae
971 2911 1011 2945 ab
1025 2909 1057 2943 h,
1073 2909 1155 2943 test
1164 2909 1282 2942 aliena.
1559 2923 1566 2927 ·
