1907 3231
312 148 385 186 196
833 145 901 186 ΙΝ
939 147 1216 186 VERREM

312 248 508 308 praetoris
543 259 673 306 caput
708 251 1056 308 existimatioque
1102 259 1313 309 ageretur,
1351 250 1580 307 pecuniam
1620 263 1740 311 acce-

315 306 442 365 pisse,
477 306 655 348 Bidinos
684 317 826 350 autem
855 318 1005 349 contra
1035 308 1228 365 praetoris
1264 307 1422 349 famam
1461 323 1509 349 ac
1549 307 1741 348 fortunas

316 363 497 414 dedisse,
520 378 603 405 non
635 374 678 405 et
708 366 758 405 in·
781 380 893 414 eum,
916 366 988 420 qui
1021 366 1269 421 accepisset,
1300 364 1664 415 animadvertisse,
1684 373 1742 414 et,

319 420 363 461 in
385 434 472 471 eos,
493 421 565 475 qui
588 421 830 463 dedissent?
859 421 940 472 Tu,
959 423 1031 476 qui
1056 422 1297 463 institueras
1320 423 1362 463 in
1384 436 1455 463 cos
1479 421 1744 462 animadver—

321 484 422 527 tere,
453 478 525 532 qui
562 492 778 533 perperam
807 477 1088 533 judicassent,
1109 478 1222 534 quod
1253 493 1366 535 saepe
1396 493 1470 536 per
1502 477 1747 534 impruden-

321 533 423 574 tiam
449 534 521 586 fit3
554 534 629 575 hos
653 537 809 590 pateris
840 535 1013 590 impune
1035 535 1264 586 discedere,
1285 536 1358 590 qui
1381 537 1437 577 ob
1461 545 1581 576 tuum
1603 535 1748 576 decre-

323 598 428 640 tum,
451 592 506 631 ob
531 602 648 632 tuum
674 591 904 645 judicium,
928 592 1151 648 pecuniam
1174 602 1248 632 aut
1273 592 1470 642 dandam,
1493 602 1566 633 aut
1586 590 1747 647 accipi·-

261 647 473 688 secudum
500 652 724 702 putarant?
757 648 975 689 Volcatius
998 648 1111 689 idem
1132 649 1244 704 apud
1268 657 1310 689 te
1332 659 1480 705 postea
1501 649 1597 700 fuit,
1619 661 1748 704 eques

243 709 313 756 24,
328 705 561 754 Romanus,
585 713 703 745 tanta
723 714 901 761 accepta
922 705 1172 761 ignominia.
1234 705 1347 746 Nam
1368 706 1469 760 quid
1492 715 1556 746 est
1582 704 1748 761 turpius

325 762 526 817 ingenuo,
548 762 650 816 quid
673 762 812 803 minus
840 762 972 817 libero
996 762 1189 818 dignum,
1211 777 1338 818 quam
1361 762 1403 803 in
1426 770 1638 804 conventu
1663 775 1751 802 ma-

322 818 443 859 ximo
466 819 563 874 cogi
594 834 618 859 a
649 819 899 876 magistratu
923 819 1084 860 furtum
1115 819 1315 860 reddere?
1345 820 1433 874 qui,
1460 820 1494 860 si
1524 834 1575 861 eo
1604 818 1749 860 animo

322 886 447 926 esset,
469 890 554 930 quo
578 890 662 916 non
686 877 812 917 modo
831 891 958 932 eques
983 876 1218 927 Romanus,
1241 876 1313 917 sed
1332 877 1470 932 quivis
1492 876 1599 917 liber
1619 876 1750 917 debet

321 946 436 983 esse3
468 932 685 988 adspicere
719 942 760 974 te
797 943 946 989 postea
976 948 1061 974 non
1101 933 1324 989 potuisset,
1363 933 1575 984 inimicus,
1612 931 1750 974 hostis

323 1000 446 1039 esset,
481 999 600 1029 tanta
630 990 888 1031 contumelia
919 1000 1109 1046 accepta,
1143 990 1223 1031 nisi
1255 1000 1395 1031 tecum
1429 990 1680 1041 collusisset,
1700 996 1754 1044 <et

324 1056 409 1087 tuae
447 1047 588 1101 potius
622 1047 931 1087 existimationi
965 1047 1176 1098 servisset,
1209 1061 1337 1102 quam
1373 1062 1474 1088 suae.
1513 1047 1585 1103 qui
1624 1060 1753 1103 quam

323 1103 404 1143 tibi
436 1103 597 1143 amicus
628 1118 714 1144 non
744 1104 873 1144 modo
896 1113 986 1144 tum
1011 1104 1151 1156 fuerit,
1173 1105 1377 1159 quamdiu
1407 1113 1549 1145 tecum
1578 1104 1622 1145 in
1656 1117 1754 1160 pro-

325 1159 467 1201 vincia
488 1158 584 1211 fuit,
608 1175 753 1201 verum
776 1161 905 1201 etiam
928 1176 1040 1201 nunc
1063 1161 1132 1212 sit,
1154 1175 1249 1202 cum
1272 1161 1366 1216 jam
1387 1176 1412 1201 a
1433 1161 1583 1202 ceteris
1605 1158 1753 1202 amicis

326 1217 381 1257 sis
404 1216 589 1268 relictus,
611 1226 654 1258 et
675 1228 721 1259 tu
745 1218 961 1274 intelligis,
984 1229 1026 1258 et
1048 1233 1124 1258 nos
1146 1218 1392 1258 existimare
1413 1233 1651 1274 possumus.
1683 1215 1752 1258 An

327 1273 411 1315 hoc
443 1273 577 1315 solum
609 1284 905 1331 argumentum
929 1284 1006 1326 est,
1030 1275 1136 1316 nihil
1166 1275 1248 1315 isto
1277 1275 1546 1331 imprudente
1575 1274 1754 1324 factum,

329 1331 445 1387 quod
468 1330 686 1373 Volcatius
708 1333 745 1373 ei
771 1347 855 1373 non
878 1333 1146 1375 succensuit?
1176 1332 1291 1388 quod
1317 1333 1396 1373 iste
1424 1346 1503 1374 nec
1533 1332 1577 1373 in
1601 1330 1755 1373 Volca-

269 1394 317 1429 59
332 1389 454 1439 tium,
477 1402 554 1432 nec
577 1389 618 1429 in
644 1389 822 1430 Bidinos
843 1390 1172 1431 animadvertit?
1206 1388 1281 1430 Est
1301 1404 1507 1445 magnum
1529 1402 1754 1445 argumen-

311 1444 420 1502 tum
439 1462 447 1486 :
474 1459 618 1486 verum
641 1445 742 1487 illud
767 1447 1017 1497 maximum,
1037 1446 1150 1501 quod
1174 1446 1253 1486 illis
1277 1446 1377 1501 ipsis
1399 1446 1579 1498 Bidinis,
1598 1445 1753 1501 quibus

330 1502 461 1543 iratus
494 1517 584 1544 esse
613 1503 776 1554 debuit,
807 1514 853 1544 ut
886 1519 910 1544 a
941 1504 1095 1559 quibus
1119 1504 1344 1559 comperit,
1365 1504 1480 1559 quod
1500 1503 1600 1558 Jure
1629 1502 1755 1559 agere

330 1574 428 1601 cum
460 1557 659 1616 Epicrate
690 1560 797 1601 nihil
831 1570 1017 1616 possent,
1039 1561 1204 1601 etiamsi
1237 1561 1416 1612 adesset,
1442 1561 1602 1602 idcireo
1632 1574 1755 1601 suum

332 1616 550 1658 decretum
584 1618 764 1672 pecunia
791 1632 881 1658 esse
920 1627 1156 1669 tentatum;
1188 1618 1267 1668 his,
1308 1618 1497 1673 inquam,
1535 1617 1638 1673 ipsis
1672 1631 1758 1658 non

334 1673 463 1714 modo
487 1674 600 1714 illam
633 1675 925 1725 hereditatem,
948 1689 1044 1730 quae
1078 1674 1266 1730 Epicrati
1299 1683 1495 1727 venerat3
1526 1674 1613 1724 sed,
1636 1682 1684 1714 ut
1713 1674 1756 1715 in

336 1729 538 1771 Heraclio
570 1730 851 1786 Syracusano,
882 1732 983 1772 item
1020 1732 1062 1772 in
1094 1732 1190 1783 hoc,
1221 1732 1362 1787 paullo
1393 1732 1523 1772 etiam
1557 1729 1758 1783 atrocius,

334 1788 449 1843 quod
484 1787 704 1843 Epicrates
737 1789 971 1845 appellatus
1004 1790 1180 1830 omnino
1209 1804 1294 1829 non
1329 1798 1444 1841 erat;
1474 1789 1589 1829 bona
1621 1788 1762 1844 patria

208 1848 238 1875 Ρ·
255 1837 322 1907 ΗΞ·
335 1847 612 1899 fortunasque
633 1846 725 1901 ejus
750 1846 916 1887 Bidinis
936 1846 1124 1887 tradidit.
1144 1846 1331 1887 ostendit
1351 1847 1465 1887 enirn
1483 1859 1596 1886 novo
1613 1845 1759 1896 modo,

315 1899 368 1942 'si
391 1902 485 1956 quis
507 1902 609 1956 quid
633 1904 686 1943 ab
709 1904 884 1943 absente
907 1912 1082 1958 peteret,
1105 1918 1148 1944 se
1170 1903 1428 1944 auditurum.
1487 1902 1661 1943 Adeunt
1685 1902 1761 1943 Bi-

304 1990 308 1993 .
334 1959 439 2009 dini,
465 1968 617 2013 petunt
648 1959 953 2001 hereditatem:
985 1971 1280 2016 procuratores
1311 1959 1542 2016 postulant,
1564 1968 1612 2000 ut
1633 1973 1677 2000 se
1706 1958 1760 2000 ad

334 2015 448 2070 leges
472 2030 566 2056 suas
589 2016 768 2072 rejiciat,
792 2027 865 2058 aut
886 2031 939 2058 ex
963 2017 1055 2073 lege
1088 2018 1261 2073 Rupilia
1283 2018 1422 2058 dicam
1446 2016 1573 2057 scribi
1589 2016 1759 2071 jubeat.

336 2071 578 2113 Adversarii
604 2088 687 2114 non
711 2074 926 2115 audebant
946 2075 1275 2116 contradicere:
1307 2075 1448 2115 exitus
1479 2073 1616 2114 nullus
1641 2087 1761 2129 repe—

336 2130 539 2171 riebatur.
588 2129 844 2172 Insimulant
865 2131 1083 2172 hominem
1106 2132 1327 2172 fraudandi
1350 2145 1477 2172 causa
1497 2131 1760 2172 discessisse:

278 2186 571 2241 Sopostulant‚
613 2197 658 2227 ut
699 2189 812 2229 bona
843 2189 1059 2244 possidere
1099 2189 1238 2230 liceat.
1300 2188 1499 2230 Debebat
1542 2186 1769 2243 Epicrates,

339 2244 378 2274 65
390 2243 551 2283 nullum
574 2259 750 2285 numum
782 2246 957 2286 nemini.
979 2246 1120 2296 amici,
1143 2247 1176 2286 si
1205 2246 1298 2300 quis
1322 2245 1423 2301 quid
1446 2253 1622 2300 peteret,
1643 2244 1764 2300 66'ju-

340 2299 500 2340 dicium
525 2315 568 2342 se
591 2317 811 2356 passuros3
834 2302 1078 2357 judicatum
1104 2303 1209 2344 solvi
1241 2302 1516 2343 satisdaturos
1537 2314 1627 2342 esse
1647 2300 1763 2342 dice·

260 2354 328 2403 ‘25
342 2356 460 2397 bant.
517 2358 681 2399 67Cu1u
712 2360 856 2400 omnia
887 2360 1103 2415 [judicia]
1128 2358 1357 2416 frigerent,
1389 2358 1610 2400 admonitu
1641 2357 1762 2400 istius

379 2502 419 2532 65
440 2504 546 2533 ullum
564 2513 702 2535 numum
723 2504 860 2544 nemini]
886 2505 1032 2536 Graevius
1075 2508 1126 2538 28.
1143 2510 1176 2536 et
1196 2505 1284 2538 alibi.
1329 2505 1446 2536 Secum
1467 2504 1526 2544 agi
1547 2507 1597 2534 est
1616 2514 1633 2534 e
1656 2505 1764 2544 conje-

339 2543 438 2574 edidit
454 2545 581 2576 mellum
598 2556 629 2575 n.
644 2556 728 2576 nem.
742 2557 758 2576 e
775 2547 836 2576 ΜΞ.
860 2547 983 2578 Nannii
998 2553 1031 2579 et
1074 2554 1179 2586 ctura,
1202 2558 1334 2587 eamque
1356 2547 1478 2588 primus
1504 2546 1539 2576 in
1559 2550 1688 2576 textum
1714 2547 1764 2576 in-

339 2584 453 2616 Frane.
481 2587 532 2616 Sic
547 2587 644 2618 habet
659 2589 759 2618 etiam
774 2589 822 2619 ed.
836 2589 875 2619 R.
890 2590 1032 2620 videtur·
1074 2591 1153 2621 tulit
1174 2591 1348 2620 Victorius.
1391 2589 1461 2628 Ego
1486 2588 1594 2628 potius
1619 2591 1764 2619 veterem

339 2637 400 2665 que
422 2632 546 2658 temere
568 2634 734 2660 mutatum
757 2631 790 2660 in
812 2630 862 2661 ed.
878 2630 933 2662 Br.
957 2633 1031 2662 inde
1073 2631 1247 2663 lectionem
1277 2642 1344 2662 una
1362 2631 1500 2671 'syllaba
1525 2634 1689 2660 mutatam
1717 2639 1766 2660 re-

341 2668 374 2697 in
390 2670 515 2699 ceteris.
559 2669 671 2710 ltaque
688 2673 802 2712 recepi.
1076 2675 1166 2715 cepi3
1190 2674 1284 2713 idque
1314 2684 1365 2704 me
1392 2674 1532 2703 arbitror
1558 2671 1633 2703 viris
1660 2671 1766 2702 doctis

383 2710 424 2741 66
434 2710 564 2755 judit-io
577 2723 681 2743 seeum
698 2714 754 2752 ogi
764 2714 933 2754 passuros]
951 2714 1032 2745 Edd.
1075 2716 1300 2756 probaturum.
1354 2716 1438 2746 Nam
1466 2718 1499 2744 et
1527 2713 1603 2745 alibi
1628 2714 1666 2745 ,in
1692 2713 1768 2744 edd.

341 2761 389 2791 pr.
416 2754 544 2791 judicio
578 2765 610 2785 se
639 2765 804 2794 passuros,
838 2758 918 2787 item
946 2757 1032 2795 Aldi,
1075 2768 1121 2798 pr.
1150 2759 1196 2789 sic
1224 2761 1410 2798 peccatum:
1435 2766 1531 2797 supra
1555 2767 1582 2786 c.
1613 2758 1665 2787 29.
1692 2754 1766 2786 edd.

342 2794 428 2832 quod
462 2795 557 2825 credo
586 2797 666 2826 vitio
694 2807 868 2837 operarum
895 2807 962 2829 esse
999 2799 1032 2830 in
1074 2810 1123 2840 pr.
1139 2799 1261 2831 habent
1274 2810 1334 2840 quo
1344 2799 1596 2840 praesensissent,
1611 2808 1669 2839 pro
1683 2796 1768 2838 quod

341 2834 392 2865 ed.
408 2846 454 2876 pr.
471 2847 528 2877 pro
541 2837 710 2878 judicium
728 2850 760 2869 se
776 2850 943 2880 passm-05,
960 2851 1034 2879 quae
1078 2844 1136 2873 ἃς.

343 2881 392 2908 est
413 2878 538 2919 phrasis
560 2879 785 2920 Ciceroniana,
801 2892 832 2913 v.
854 2883 946 2916 Verr.
967 2882 1032 2922 111,
1117 2885 1157 2918 67
1185 2883 1266 2916 Cum
1294 2884 1402 2917 omnia
1427 2882 1560 2925 judicia
1577 2879 1766 2924 fingerent]
