1907 3231
307 158 383 197 718
905 156 1166 194 ORATIO

309 258 564 323 Sulpicium,
586 273 710 323 quem
746 260 941 317 intelligo
963 275 1046 301 non
1072 260 1229 315 injuria
1262 260 1310 301 L
1336 257 1550 312 Murenae,
1574 260 1658 303 sed
1666 260 1745 303 ho⁴

307 318 422 356 noris
445 317 722 358 contentione
744 328 1011 380 permotum:
1044 327 1216 358 accusat
1238 327 1439 374 patemus
1459 318 1635 369 amicus,
1659 318 1742 359 Cn.

261 383 292 414 b.
311 372 573 424 Postumius
609 383 742 424 vetus,
775 384 821 414 ut
850 375 910 413 ait
939 374 1044 428 ipse,
1077 374 1239 415 vicinus
1273 390 1322 416 ac
1353 375 1636 417 necessarius.
1668 375 1742 430 qui

307 431 631 471 necessitudinis
656 446 803 471 causas
832 431 1071 485 complures
1103 431 1295 485 protulit,
1327 432 1555 472 simultatis
1584 431 1742 472 nullam

305 501 639 528 commemotfflale
678 487 838 542 potuit:
871 496 1044 528 accusat
1078 487 1167 527 Ser.
1202 487 1435 552 Sulpicius,
1459 488 1614 529 sodalis
1649 488 1742 539 filii,

303 544 428 598 cujus
461 545 636 600 ingenio
671 544 833 598 paterni
857 558 1005 584 omnes
1036 558 1262 584 necessarn
1286 546 1536 586 munitiores
1558 558 1648 586 esse
1669 545 1748 585 de·⁴
1853 571 1856 615 Ι

304 601 484 642 bebant:
518 611 690 641 accusat
721 600 787 640 M.
813 600 939 651 Cato,
962 601 1032 656 qui
1065 615 1324 655 quamquam
1355 616 1380 642 a
1409 602 1596 643 Murena
1625 601 1742 642 nulla
1854 637 1855 652 J

302 672 347 698 re
370 672 571 712 umquam
598 657 758 697 alienus
788 657 884 707 fuit,
907 667 1049 698 tamen
1081 672 1131 698 ea
1161 658 1410 699 conditione
1431 660 1555 699 nobis
1583 668 1673 700 erat
1695 659 1740 699 in
1854 691 1857 714 ἲ

303 715 383 756 1130
406 715 581 754 civitate
603 723 741 764 natus,
764 724 812 754 ut
833 714 924 769 ejus
947 729 1049 770 opes
1067 723 1111 755 et
1129 715 1350 769 ingenium
1371 715 1571 771 praesidio
1591 715 1737 756 multis
1848 722 1857 762 Ἰ,

302 772 431 812 etiam
454 770 738 821 alienissimis,
763 772 864 812 5vix
889 786 1087 825 cuiquam
1114 772 1304 821 1111111160,
1334 772 1470 812 exitio
1500 786 1591 812 esse
1611 772 1740 813 debe·
1854 768 1856 801 ἶ

240 840 287 877 57
302 836 410 868 rent.
455 827 743 883 Respondebo
766 828 898 885 igitur
922 828 1146 869 Postumio
1168 829 1367 883 primum,
1389 829 1463 883 qui
1483 829 1630 870 nescio
1652 843 1738 884 quo

301 894 427 948 pacto
465 885 570 925 mihi
607 862 807 925 videtur0
813 886 1039 940 praetorius
1077 886 1328 926 candidatus
1370 886 1413 925 in
1456 885 1738 936 consularem,

299 957 419 1004 quasi
440 941 724 982 desultorius
715 957 757 982 in
782 943 1116 998 unadiigarum
1135 942 1421 983 curriculum
1413 956 1639 983 incur1e1·.e
1661 957 1743 983 cu-·

289 1013 364 1053 Jus
386 999 688 1054 competitores
712 999 745 1039 si
770 999 876 1039 nihil
899 1000 1193 1055 deliquerunt:
1226 999 1429 1055 dignitati
1460 1013 1608 1040 eorum
1629 1014 1734 1040 con-

295 1056 438 1107 cessit,
460 1071 559 1096 cum
582 1066 725 1111 petere
755 1056 933 1096 destitit.
957 1057 1021 1097 sin
1043 1064 1187 1097 autem
1209 1070 1356 1097 eorum
1379 1056 1532 1112 aliquis
1554 1056 1734 1112 largitus

295 1122 380 1154 est:
412 1113 677 1168 expetendus
711 1113 873 1154 amicus
907 1125 984 1165 est,
1019 1114 1093 1169 qui
1124 1113 1303 1154 alienam
1334 1114 1478 1170 potius
1513 1113 1738 1168 injuriam,-

294 1184 424 1225 quam
447 1185 565 1210 suam
588 1179 879 1226 persequatur.

296 1241 364 1283 Ea
391 1243 540 1293 omnia,
563 1258 649 1299 quce
681 1250 719 1283 et
749 1242 976 1294 Postumio,
997 1249 1035 1283 et
1058 1242 1146 1284 Ser.
1172 1241 1370 1298 Sulpicio,
1392 1240 1647 1294 adolescenti,
1669 1257 1732 1284 re-

348 1314 490 1355 sponsa
510 1308 616 1351 sunt,
639 1299 930 1341 desiderantur.

209 1371 280 1419 28
351 1373 490 1414 Venio
534 1389 648 1414 nunc
688 1374 742 1414 ad
784 1372 851 1414 M.
889 1373 1115 1424 Catonem,
1152 1373 1267 1428 quod
1308 1385 1372 1413 est
1413 1372 1731 1414 firmamentum

231 1443 279 1476 55
293 1445 342 1471 ac
365 1431 494 1471 robur
516 1431 648 1471 totius
673 1431 982 1472 accusationis:
1015 1431 1088 1485 qui
1111 1439 1254 1470 tamen
1276 1430 1336 1470 ita
1359 1430 1501 1485 gravis
1519 1439 1584 1470 est
1602 1444 1730 1471 accu—

293 1497 408 1527 sator
429 1498 472 1528 et
494 1487 736 1538 vehemens,
766 1497 813 1528 ut
834 1487 969 1528 multo
990 1487 1128 1542 magis
1151 1488 1242 1542 ejus
1265 1486 1581 1538 auctoritatem,
1600 1501 1729 1542 quam

162 1575 193 1606 p
213 1567 278 1596 138
293 1544 637 1586 criminationem
669 1545 981 1600 peitimescam.
1043 1544 1094 1583 In
1118 1559 1203 1598 quo
1226 1559 1342 1599 ego
1330 1553 1594 1596 accusatore,
1609 1544 1730 1599 judi·
1765 1542 1772 1547 ’

248 1618 278 1638 a
291 1616 376 1652 ceS‚
399 1603 582 1658 primum
607 1601 709 1642 illud
732 1601 1007 1657 deprecabor,
1030 1615 1082 1641 ne
1107 1600 1208 1655 quid
1241 1601 1290 1641 L
1315 1600 1513 1641 Murenae
1537 1600 1726 1656 dignitas

290 1634 424 1710 1111115,
439 1673 491 1699 ne
524 1658 626 1714 quid
653 1659 922 1714 exspectatio
955 1659 1211 1707 tribunatus,
1243 1672 1296 1697 ne
1328 1657 1431 1712 quid
1462 1657 1594 1698 totius
1625 1657 1726 1699 vitae

288 1716 488 1771 splendor
510 1726 553 1755 et
574 1716 761 1770 gravitas
784 1725 958 1757 noce-at:
990 1714 1174 1769 denique
1204 1729 1257 1755 ne
1280 1729 1329 1754 ea
1351 1713 1428 1754 soli
1458 1713 1560 1755 huic
1581 1715 1727 1755 obsint

287 1774 400 1813 bona
423 1772 490 1812 Μ.
515 1772 708 1823 Catonis,
730 1788 827 1827 quae
858 1772 927 1813 ille
956 1772 1135 1827 adeptus
1169 1779 1247 1823 est,
1279 1782 1326 1812 ut
1356 1770 1500 1811 multis
1523 1771 1723 1827 prodesse

285 1838 444 1884 posset.
506 1829 582 1869 Bis
617 1828 765 1870 consul
798 1829 937 1870 fuerat
968 1828 1016 1869 P.
1052 1827 1299 1879 Africanus,
1332 1837 1386 1869 et
1405 1827 1512 1868 duos
1546 1836 1727 1870 terrores

282 1886 443 1941 hujus
434 1886 618 1942 imperii,
640 1886 953 1942 Karthaginem
978 1886 1357 1941 Numantiamque,
1375 1884 1602 1937 delevelat
1625 1901 1724 1927 cum

283 1943 501 1984 accusavit
528 1943 573 1984 L.
599 1943 790 1984 Cottam.
812 1957 902 1984 erat
929 1944 972 1983 in
1002 1957 1052 1983 eo
1087 1957 1254 1983 summa
1275 1942 1532 1997 eloquentia,
1559 1957 1726 1984 summa

282 2000 402 2052 fides,
436 2015 602 2042 summa
637 2000 875 2057 integritas,
907 2000 1140 2041 auctoritas
1175 2009 1308 2050 tanta,
1331 2003 1522 2054 7quanta
1553 2000 1597 2040 in
1628 1999 1723 2056 ipso

282 2057 462 2113 imperio
485 2057 633 2113 populi
658 2035 859 2109 Romani,
881 2057 996 2113 quod
1016 2056 1127 2097 illius
1150 2071 1280 2113 opera
1302 2057 1542 2098 tenebatur.
1577 2056 1721 2120 Saepe

280 2113 364 2156 hoc
393 2114 574 2169 majores
603 2124 707 2156 natu
733 2115 874 2156 dicere
904 2115 1064 2165 audivi,
1087 2113 1197 2155 hanc
1227 2114 1487 2155 accusatoris
1516 2113 1729 2158 eximiam.

281 2172 538 2227 (lignitatem
572 2172 803 2228 plurimum
841 2172 889 2212 L.
914 2171 1058 2213 Cottae
1092 2171 1317 2226 profuisse.
1379 2170 1624 2212 Noluelunt
1653 2187 1720 2212 sa-

282 2229 538 2284 pientissimi
580 2229 788 2279 homines,
830 2229 903 2284 qui
941 2238 1032 2269 tum
1073 2243 1163 2268 rem
1206 2228 1320 2269 illam
1356 2227 1629 2292 judicabant,
1660 2229 1721 2269 ita

282 2300 539 2348 quemquam
562 2285 771 2327 caderem
787 2286 970 2341 judicio,
989 2295 1034 2326 ut
1053 2284 1197 2325 nimiis
1216 2285 1296 2326 adx
1300 2300 1444 2326 6153111
1466 2284 1626 2326 viribus
1643 2286 1718 2326 ab-

222 2343 420 2397 59jectus
446 2343 672 2384 vider·etui
736 2343 878 2389 Quid?
911 2342 1001 2383 Sel.
1025 2342 1210 2383 Galbam
1240 2346 1358 2395 (nam
1392 2341 1596 2383 traditum
1629 2356 1720 2383 me-

282 2400 431 2441 11101135
454 2402 535 2450 est)
558 2415 699 2441 nonne
718 2415 878 2456 proavo
898 2408 987 2450 tuo,
1007 2398 1241 2440 fortissimo
1264 2409 1392 2464 atque
1414 2399 1718 2440 florentissimo

281 2471 307 2498 v
312 2457 389 2509 110,
412 2456 479 2498 Μ.
504 2457 676 2510 Catoni,
692 2457 958 2499 incumbenti
977 2456 1029 2498 ad
1048 2456 1139 2512 ejus
1156 2457 1404 2512 perniciem,
1428 2455 1610 2513 populus
1629 2455 1718 2497 Ro-

321 2604 338 2632 5
357 2602 411 2631 vis·
425 2603 577 2642 cuiquam
590 2602 721 2632 inimico
735 2602 831 2632 eoeitz'o
845 2611 909 2631 esse
923 2601 976 2631 de·
1019 2600 1084 2631 Ms.
1102 2601 1165 2632 Gu.
1182 2601 1237 2632 sed
1251 2612 1271 2632 a
1285 2611 1330 2633 m.
1345 2612 1409 2632 sec.
1573 2594 1580 2613 ³
1601 2606 1615 2616 ‘

279 2643 378 2682 beret]
400 2644 479 2674 Haec
501 2644 598 2674 lectio
622 2650 671 2674 est
695 2644 735 2674 ab
754 2643 929 2680 Lambino,
958 2653 976 2673 e
1061 2646 1079 2676 7
1095 2649 1220 2683 quanta
1235 2645 1271 2674 in
1284 2645 1350 2684 ipso
1364 2644 1401 2683 ιζ]
1419 2643 1493 2683 Ipso
1507 2642 1599 2674 abest
1612 2653 1632 2674 a
1645 2643 1718 2682 qui-

277 2686 420 2725 vestigiis
436 2686 630 2716 Memmiani
645 2686 733 2723 libri,
748 2696 846 2724 quam
862 2695 975 2716 omnes
1021 2685 1155 2715 busdam
1169 2686 1240 2716 edd.
1258 2697 1304 2726 pr.
1327 2691 1361 2716 et
1385 2686 1464 2716 Mss.
1487 2686 1588 2716 etiam
1603 2692 1717 2716 nostro

276 2735 364 2758 recte
378 2729 481 2758 secuti
495 2734 584 2758 sunt.
630 2728 692 2758 Sed
713 2727 768 2758 ille
784 2728 872 2758 dedit
886 2729 976 2757 debe·
1019 2737 1038 2757 a
1062 2738 1105 2758 m.
1122 2738 1171 2767 pr.
1194 2727 1376 2767 delevitque
1400 2729 1557 2758 Graevius.
1602 2728 1715 2758 Posset

275 2775 359 2800 rent.
371 2770 509 2801 refertur
519 2770 607 2800 enim
617 2770 657 2800 ad
666 2780 737 2810 opes
748 2774 778 2800 et
791 2771 971 2809 ingenium.
1014 2778 1092 2800 sane
1106 2771 1227 2806 abesse,
1244 2771 1299 2801 sed
1313 2771 1473 2801 efficacius
1486 2776 1598 2801 tamen
1615 2773 1664 2800 est
1676 2771 1718 2803 in⁴

275 2811 391 2852 ltaque
405 2813 450 2843 sic
463 2812 560 2843 edidi.
1013 2812 1080 2850 ‘ipso
1094 2813 1116 2842 i.
1128 2823 1162 2853 p.
1180 2812 1222 2843 R.
1267 2812 1382 2851 Itaque
1405 2823 1472 2844 non
1493 2812 1634 2843 sustinui
1649 2811 1715 2841 tol·

316 2855 337 2885 6
358 2855 601 2894 quadrigarum
614 2853 831 2893 curriculum]
851 2854 971 2884 Panta—
1014 2853 1090 2885 lere.

275 2896 393 2936 gathus
408 2897 548 2928 habebat
560 2897 815 2937 quadrigarium
830 2906 855 2927 c.
872 2896 924 2926 Sic
937 2901 970 2926 et
