<?xml version="1.0" encoding="UTF-8"?>
<!DOCTYPE html PUBLIC "-//W3C//DTD XHTML 1.0 Transitional//EN"
    "http://www.w3.org/TR/xhtml1/DTD/xhtml1-transitional.dtd">
<html xmlns="http://www.w3.org/1999/xhtml" xml:lang="en" lang="en">
 <head>
  <title>
</title>
<meta http-equiv="Content-Type" content="text/html;charset=utf-8" />
  <meta name='ocr-system' content='tesseract 3.04.00' />
  <meta name='ocr-capabilities' content='ocr_page ocr_carea ocr_par ocr_line ocrx_word'/>
</head>
<body>
  <div class='ocr_page' id='page_1' title='image "./p1operaomnia02ciceuoft_0685.png"; bbox 0 0 1907 3231; ppageno 0'>
   <div class='ocr_carea' id='block_1_1' title="bbox 571 112 1530 152">
    <p class='ocr_par' dir='ltr' id='par_1_1' title="bbox 571 112 1530 152">
     <span class='ocr_line' id='line_1_1' title="bbox 571 112 1530 152; baseline -0.007 0"><span class='ocrx_word' id='word_1_1' title='bbox 571 115 637 152; x_wconf 88' lang='lat' dir='ltr'>IN</span> <span class='ocrx_word' id='word_1_2' title='bbox 663 114 708 152; x_wconf 91' lang='lat' dir='ltr'>L.</span> <span class='ocrx_word' id='word_1_3' title='bbox 737 113 1089 152; x_wconf 86' lang='lat' dir='ltr'><strong>CATILINAM.</strong></span> <span class='ocrx_word' id='word_1_4' title='bbox 1458 112 1530 146; x_wconf 88' lang='lat'>661</span> 
     </span>
    </p>
   </div>
   <div class='ocr_carea' id='block_1_2' title="bbox 86 214 1663 2340">
    <p class='ocr_par' dir='ltr' id='par_1_2' title="bbox 86 214 1663 2340">
     <span class='ocr_line' id='line_1_2' title="bbox 100 214 1568 276; baseline -0.005 -16"><span class='ocrx_word' id='word_1_5' title='bbox 100 218 283 261; x_wconf 87' lang='lat' dir='ltr'>celerare</span> <span class='ocrx_word' id='word_1_6' title='bbox 314 219 471 270; x_wconf 86' lang='lat' dir='ltr'>volent,</span> <span class='ocrx_word' id='word_1_7' title='bbox 493 219 543 260; x_wconf 87' lang='lat' dir='ltr'>ad</span> <span class='ocrx_word' id='word_1_8' title='bbox 570 234 787 276; x_wconf 85' lang='lat' dir='ltr'>vesperam</span> <span class='ocrx_word' id='word_1_9' title='bbox 818 225 1146 273; x_wconf 83' lang='lat' dir='ltr'><strong>consequentur.</strong></span> <span class='ocrx_word' id='word_1_10' title='bbox 1207 215 1247 257; x_wconf 87' lang='lat' dir='ltr'>O</span> <span class='ocrx_word' id='word_1_11' title='bbox 1269 214 1531 256; x_wconf 82' lang='lat' dir='ltr'>fortunatam</span> <span class='ocrx_word' id='word_1_12' title='bbox 1543 216 1568 253; x_wconf 67' lang='lat'>7¹</span> 
     </span>
     <span class='ocr_line' id='line_1_3' title="bbox 99 270 1530 333; baseline -0.005 -16"><span class='ocrx_word' id='word_1_13' title='bbox 99 278 421 333; x_wconf 75' lang='lat' dir='ltr'>rempublicam,</span> <span class='ocrx_word' id='word_1_14' title='bbox 437 278 468 318; x_wconf 89' lang='lat' dir='ltr'>si</span> <span class='ocrx_word' id='word_1_15' title='bbox 491 277 664 331; x_wconf 90' lang='lat' dir='ltr'>quidem</span> <span class='ocrx_word' id='word_1_16' title='bbox 689 278 799 318; x_wconf 81' lang='lat' dir='ltr'>hanc</span> <span class='ocrx_word' id='word_1_17' title='bbox 821 277 1031 317; x_wconf 81' lang='lat' dir='ltr'>sentinam</span> <span class='ocrx_word' id='word_1_18' title='bbox 1053 275 1180 329; x_wconf 86' lang='lat' dir='ltr'>hujus</span> <span class='ocrx_word' id='word_1_19' title='bbox 1201 274 1316 313; x_wconf 91' lang='lat' dir='ltr'>urbis</span> <span class='ocrx_word' id='word_1_20' title='bbox 1337 270 1530 327; x_wconf 78' lang='lat' dir='ltr'>ejecerit!</span> 
     </span>
     <span class='ocr_line' id='line_1_4' title="bbox 100 330 1533 385; baseline -0.006 -10"><span class='ocrx_word' id='word_1_21' title='bbox 100 333 199 375; x_wconf 90' lang='lat' dir='ltr'>Uno</span> <span class='ocrx_word' id='word_1_22' title='bbox 223 335 463 375; x_wconf 83' lang='lat' dir='ltr'>mehercule</span> <span class='ocrx_word' id='word_1_23' title='bbox 485 334 674 375; x_wconf 80' lang='lat' dir='ltr'>Catilina</span> <span class='ocrx_word' id='word_1_24' title='bbox 695 334 921 385; x_wconf 78' lang='lat' dir='ltr'>exhausto,</span> <span class='ocrx_word' id='word_1_25' title='bbox 944 332 1127 373; x_wconf 87' lang='lat' dir='ltr'>relevata</span> <span class='ocrx_word' id='word_1_26' title='bbox 1147 330 1255 371; x_wconf 83' lang='lat' dir='ltr'>mihi</span> <span class='ocrx_word' id='word_1_27' title='bbox 1278 340 1320 369; x_wconf 89' lang='lat' dir='ltr'>et</span> <span class='ocrx_word' id='word_1_28' title='bbox 1341 338 1533 369; x_wconf 88' lang='lat' dir='ltr'>recreata</span> 
     </span>
     <span class='ocr_line' id='line_1_5' title="bbox 97 385 1532 447; baseline -0.005 -17"><span class='ocrx_word' id='word_1_29' title='bbox 97 392 338 447; x_wconf 82' lang='lat' dir='ltr'>respublica</span> <span class='ocrx_word' id='word_1_30' title='bbox 360 392 543 433; x_wconf 88' lang='lat' dir='ltr'>videtur.</span> <span class='ocrx_word' id='word_1_31' title='bbox 606 392 724 438; x_wconf 83' lang='lat' dir='ltr'><strong>Quid</strong></span> <span class='ocrx_word' id='word_1_32' title='bbox 755 391 869 432; x_wconf 84' lang='lat' dir='ltr'>enim</span> <span class='ocrx_word' id='word_1_33' title='bbox 900 390 1000 431; x_wconf 86' lang='lat' dir='ltr'>mali</span> <span class='ocrx_word' id='word_1_34' title='bbox 1031 398 1106 430; x_wconf 89' lang='lat' dir='ltr'>aut</span> <span class='ocrx_word' id='word_1_35' title='bbox 1138 387 1306 429; x_wconf 88' lang='lat' dir='ltr'>sceleris</span> <span class='ocrx_word' id='word_1_36' title='bbox 1328 385 1433 441; x_wconf 83' lang='lat' dir='ltr'>fingi</span> <span class='ocrx_word' id='word_1_37' title='bbox 1457 393 1532 424; x_wconf 87' lang='lat' dir='ltr'>aut</span> 
     </span>
     <span class='ocr_line' id='line_1_6' title="bbox 96 441 1534 504; baseline -0.006 -16"><span class='ocrx_word' id='word_1_38' title='bbox 96 449 335 504; x_wconf 82' lang='lat' dir='ltr'>excogitari</span> <span class='ocrx_word' id='word_1_39' title='bbox 359 458 514 504; x_wconf 88' lang='lat' dir='ltr'>potest,</span> <span class='ocrx_word' id='word_1_40' title='bbox 537 450 651 504; x_wconf 90' lang='lat' dir='ltr'>quod</span> <span class='ocrx_word' id='word_1_41' title='bbox 675 464 760 490; x_wconf 91' lang='lat' dir='ltr'>non</span> <span class='ocrx_word' id='word_1_42' title='bbox 785 449 852 489; x_wconf 92' lang='lat' dir='ltr'>ille</span> <span class='ocrx_word' id='word_1_43' title='bbox 873 447 1146 503; x_wconf 80' lang='lat' dir='ltr'>conceperit?</span> <span class='ocrx_word' id='word_1_44' title='bbox 1175 444 1270 500; x_wconf 88' lang='lat' dir='ltr'>quis</span> <span class='ocrx_word' id='word_1_45' title='bbox 1294 452 1385 483; x_wconf 83' lang='lat' dir='ltr'>tota</span> <span class='ocrx_word' id='word_1_46' title='bbox 1407 441 1534 482; x_wconf 86' lang='lat' dir='ltr'>Italia</span> 
     </span>
     <span class='ocr_line' id='line_1_7' title="bbox 99 499 1663 562; baseline -0.006 -17"><span class='ocrx_word' id='word_1_47' title='bbox 99 506 327 557; x_wconf 83' lang='lat' dir='ltr'>veneficus,</span> <span class='ocrx_word' id='word_1_48' title='bbox 350 507 444 562; x_wconf 90' lang='lat' dir='ltr'>quis</span> <span class='ocrx_word' id='word_1_49' title='bbox 475 506 701 562; x_wconf 76' lang='lat' dir='ltr'>gladiator,</span> <span class='ocrx_word' id='word_1_50' title='bbox 723 507 817 562; x_wconf 91' lang='lat' dir='ltr'>quis</span> <span class='ocrx_word' id='word_1_51' title='bbox 840 505 962 556; x_wconf 88' lang='lat' dir='ltr'>latro,</span> <span class='ocrx_word' id='word_1_52' title='bbox 985 505 1080 560; x_wconf 87' lang='lat' dir='ltr'>quis</span> <span class='ocrx_word' id='word_1_53' title='bbox 1107 503 1297 552; x_wconf 86' lang='lat' dir='ltr'>sicarius,</span> <span class='ocrx_word' id='word_1_54' title='bbox 1320 499 1414 555; x_wconf 88' lang='lat' dir='ltr'>quis</span> <span class='ocrx_word' id='word_1_55' title='bbox 1437 513 1572 554; x_wconf 76' lang='lat' dir='ltr'>par-p.</span> <span class='ocrx_word' id='word_1_56' title='bbox 1594 505 1663 537; x_wconf 87' lang='lat'>106.</span> 
     </span>
     <span class='ocr_line' id='line_1_8' title="bbox 96 556 1574 618; baseline -0.005 -15"><span class='ocrx_word' id='word_1_57' title='bbox 96 563 243 614; x_wconf 86' lang='lat' dir='ltr'>ricida,</span> <span class='ocrx_word' id='word_1_58' title='bbox 266 564 360 618; x_wconf 89' lang='lat' dir='ltr'>quis</span> <span class='ocrx_word' id='word_1_59' title='bbox 393 574 746 604; x_wconf 77' lang='lat' dir='ltr'>testamentorum</span> <span class='ocrx_word' id='word_1_60' title='bbox 779 564 1012 618; x_wconf 88' lang='lat' dir='ltr'>subjector,</span> <span class='ocrx_word' id='word_1_61' title='bbox 1043 561 1137 617; x_wconf 90' lang='lat' dir='ltr'>quis</span> <span class='ocrx_word' id='word_1_62' title='bbox 1169 556 1532 612; x_wconf 78' lang='lat' dir='ltr'>circumscriptor,</span> <span class='ocrx_word' id='word_1_63' title='bbox 1545 558 1574 579; x_wconf 89' lang='lat' dir='ltr'>a.</span> 
     </span>
     <span class='ocr_line' id='line_1_9' title="bbox 96 613 1534 677; baseline -0.006 -17"><span class='ocrx_word' id='word_1_64' title='bbox 96 620 191 674; x_wconf 88' lang='lat' dir='ltr'>quis</span> <span class='ocrx_word' id='word_1_65' title='bbox 222 635 375 676; x_wconf 82' lang='lat' dir='ltr'>ganeo,</span> <span class='ocrx_word' id='word_1_66' title='bbox 405 622 501 676; x_wconf 89' lang='lat' dir='ltr'>quis</span> <span class='ocrx_word' id='word_1_67' title='bbox 533 636 680 677; x_wconf 83' lang='lat' dir='ltr'>nepOS,</span> <span class='ocrx_word' id='word_1_68' title='bbox 701 621 796 676; x_wconf 91' lang='lat' dir='ltr'>quis</span> <span class='ocrx_word' id='word_1_69' title='bbox 828 620 1006 671; x_wconf 79' lang='lat' dir='ltr'>adulter,</span> <span class='ocrx_word' id='word_1_70' title='bbox 1035 633 1132 674; x_wconf 87' lang='lat' dir='ltr'>quae</span> <span class='ocrx_word' id='word_1_71' title='bbox 1163 617 1316 658; x_wconf 87' lang='lat' dir='ltr'>mulier</span> <span class='ocrx_word' id='word_1_72' title='bbox 1346 613 1534 677; x_wconf 80' lang='lat' dir='ltr'>infamis,</span> 
     </span>
     <span class='ocr_line' id='line_1_10' title="bbox 94 672 1533 734; baseline -0.004 -17"><span class='ocrx_word' id='word_1_73' title='bbox 94 677 189 732; x_wconf 87' lang='lat' dir='ltr'>quis</span> <span class='ocrx_word' id='word_1_74' title='bbox 211 689 438 734; x_wconf 88' lang='lat' dir='ltr'>corruptor</span> <span class='ocrx_word' id='word_1_75' title='bbox 462 679 720 733; x_wconf 86' lang='lat' dir='ltr'>juventutis,</span> <span class='ocrx_word' id='word_1_76' title='bbox 744 678 839 733; x_wconf 87' lang='lat' dir='ltr'>quis</span> <span class='ocrx_word' id='word_1_77' title='bbox 871 686 1112 732; x_wconf 89' lang='lat' dir='ltr'>corruptus,</span> <span class='ocrx_word' id='word_1_78' title='bbox 1135 675 1230 730; x_wconf 91' lang='lat' dir='ltr'>quis</span> <span class='ocrx_word' id='word_1_79' title='bbox 1253 672 1444 730; x_wconf 84' lang='lat' dir='ltr'>perditus</span> <span class='ocrx_word' id='word_1_80' title='bbox 1467 685 1533 711; x_wconf 85' lang='lat'>111-</span> 
     </span>
     <span class='ocr_line' id='line_1_11' title="bbox 94 728 1534 791; baseline -0.004 -17"><span class='ocrx_word' id='word_1_81' title='bbox 94 734 229 775; x_wconf 87' lang='lat' dir='ltr'>veniri</span> <span class='ocrx_word' id='word_1_82' title='bbox 253 745 408 791; x_wconf 82' lang='lat' dir='ltr'>potest,</span> <span class='ocrx_word' id='word_1_83' title='bbox 431 736 503 791; x_wconf 87' lang='lat' dir='ltr'>qui</span> <span class='ocrx_word' id='word_1_84' title='bbox 527 750 570 776; x_wconf 85' lang='lat' dir='ltr'>se</span> <span class='ocrx_word' id='word_1_85' title='bbox 591 751 689 778; x_wconf 91' lang='lat' dir='ltr'>cum</span> <span class='ocrx_word' id='word_1_86' title='bbox 715 735 902 776; x_wconf 83' lang='lat' dir='ltr'>Catilina</span> <span class='ocrx_word' id='word_1_87' title='bbox 924 749 1008 774; x_wconf 91' lang='lat' dir='ltr'>non</span> <span class='ocrx_word' id='word_1_88' title='bbox 1027 732 1354 774; x_wconf 81' lang='lat' dir='ltr'>familiarissime</span> <span class='ocrx_word' id='word_1_89' title='bbox 1375 728 1534 770; x_wconf 85' lang='lat' dir='ltr'>vixisse</span> 
     </span>
     <span class='ocr_line' id='line_1_12' title="bbox 95 787 1532 848; baseline -0.003 -17"><span class='ocrx_word' id='word_1_90' title='bbox 95 790 309 834; x_wconf 84' lang='lat' dir='ltr'>fateatur?</span> <span class='ocrx_word' id='word_1_91' title='bbox 339 808 435 848; x_wconf 87' lang='lat' dir='ltr'>quae</span> <span class='ocrx_word' id='word_1_92' title='bbox 472 794 610 834; x_wconf 83' lang='lat' dir='ltr'>caedes</span> <span class='ocrx_word' id='word_1_93' title='bbox 646 807 720 848; x_wconf 87' lang='lat' dir='ltr'>per</span> <span class='ocrx_word' id='word_1_94' title='bbox 753 792 882 832; x_wconf 88' lang='lat' dir='ltr'>hosce</span> <span class='ocrx_word' id='word_1_95' title='bbox 913 805 1047 831; x_wconf 87' lang='lat' dir='ltr'>annos</span> <span class='ocrx_word' id='word_1_96' title='bbox 1081 791 1171 830; x_wconf 90' lang='lat' dir='ltr'>sine</span> <span class='ocrx_word' id='word_1_97' title='bbox 1199 788 1270 829; x_wconf 91' lang='lat' dir='ltr'>illo</span> <span class='ocrx_word' id='word_1_98' title='bbox 1304 787 1420 828; x_wconf 84' lang='lat' dir='ltr'>facta</span> <span class='ocrx_word' id='word_1_99' title='bbox 1440 788 1532 827; x_wconf 84' lang='lat' dir='ltr'>est?</span> 
     </span>
     <span class='ocr_line' id='line_1_13' title="bbox 93 847 1567 906; baseline -0.004 -17"><span class='ocrx_word' id='word_1_100' title='bbox 93 850 210 904; x_wconf 89' lang='lat' dir='ltr'>quod</span> <span class='ocrx_word' id='word_1_101' title='bbox 235 850 446 891; x_wconf 85' lang='lat' dir='ltr'>nefarium</span> <span class='ocrx_word' id='word_1_102' title='bbox 467 858 663 906; x_wconf 75' lang='lat' dir='ltr'>stuprum</span> <span class='ocrx_word' id='word_1_103' title='bbox 685 863 768 889; x_wconf 90' lang='lat' dir='ltr'>non</span> <span class='ocrx_word' id='word_1_104' title='bbox 795 863 868 904; x_wconf 90' lang='lat' dir='ltr'>per</span> <span class='ocrx_word' id='word_1_105' title='bbox 891 848 1033 889; x_wconf 87' lang='lat' dir='ltr'>illum?</span> <span class='ocrx_word' id='word_1_106' title='bbox 1062 847 1163 889; x_wconf 87' lang='lat' dir='ltr'>Jam</span> <span class='ocrx_word' id='word_1_107' title='bbox 1180 860 1280 886; x_wconf 83' lang='lat' dir='ltr'>vero</span> <span class='ocrx_word' id='word_1_108' title='bbox 1296 860 1392 900; x_wconf 87' lang='lat' dir='ltr'>quae</span> <span class='ocrx_word' id='word_1_109' title='bbox 1414 851 1567 884; x_wconf 85' lang='lat' dir='ltr'>tanta8</span> 
     </span>
     <span class='ocr_line' id='line_1_14' title="bbox 96 900 1533 962; baseline -0.004 -16"><span class='ocrx_word' id='word_1_110' title='bbox 96 907 138 946; x_wconf 89' lang='lat' dir='ltr'>in</span> <span class='ocrx_word' id='word_1_111' title='bbox 163 907 246 948; x_wconf 92' lang='lat' dir='ltr'>ullo</span> <span class='ocrx_word' id='word_1_112' title='bbox 271 922 471 962; x_wconf 81' lang='lat' dir='ltr'>uinquam</span> <span class='ocrx_word' id='word_1_113' title='bbox 506 907 678 947; x_wconf 88' lang='lat' dir='ltr'>homine</span> <span class='ocrx_word' id='word_1_114' title='bbox 703 907 946 961; x_wconf 83' lang='lat' dir='ltr'>juventutis</span> <span class='ocrx_word' id='word_1_115' title='bbox 969 905 1169 946; x_wconf 82' lang='lat' dir='ltr'>illecebra</span> <span class='ocrx_word' id='word_1_116' title='bbox 1190 903 1287 953; x_wconf 89' lang='lat' dir='ltr'>fuit,</span> <span class='ocrx_word' id='word_1_117' title='bbox 1306 911 1468 957; x_wconf 86' lang='lat' dir='ltr'>quanta</span> <span class='ocrx_word' id='word_1_118' title='bbox 1488 900 1533 940; x_wconf 92' lang='lat' dir='ltr'>in</span> 
     </span>
     <span class='ocr_line' id='line_1_15' title="bbox 96 958 1535 1020; baseline -0.004 -17"><span class='ocrx_word' id='word_1_119' title='bbox 96 963 198 1005; x_wconf 86' lang='lat' dir='ltr'>illo?</span> <span class='ocrx_word' id='word_1_120' title='bbox 222 965 295 1019; x_wconf 89' lang='lat' dir='ltr'>qui</span> <span class='ocrx_word' id='word_1_121' title='bbox 319 965 423 1005; x_wconf 87' lang='lat' dir='ltr'>alios</span> <span class='ocrx_word' id='word_1_122' title='bbox 445 965 537 1020; x_wconf 86' lang='lat' dir='ltr'>ipse</span> <span class='ocrx_word' id='word_1_123' title='bbox 566 965 739 1005; x_wconf 85' lang='lat' dir='ltr'>amabat</span> <span class='ocrx_word' id='word_1_124' title='bbox 763 963 1022 1019; x_wconf 79' lang='lat' dir='ltr'>turpissime,</span> <span class='ocrx_word' id='word_1_125' title='bbox 1045 962 1224 1003; x_wconf 91' lang='lat' dir='ltr'>aliorum</span> <span class='ocrx_word' id='word_1_126' title='bbox 1251 959 1386 1001; x_wconf 85' lang='lat' dir='ltr'>amori</span> <span class='ocrx_word' id='word_1_127' title='bbox 1411 958 1535 1013; x_wconf 83' lang='lat' dir='ltr'>flagi-</span> 
     </span>
     <span class='ocr_line' id='line_1_16' title="bbox 93 1018 1534 1071; baseline -0.004 -11"><span class='ocrx_word' id='word_1_128' title='bbox 93 1021 323 1062; x_wconf 87' lang='lat' dir='ltr'>tiosissime</span> <span class='ocrx_word' id='word_1_129' title='bbox 359 1022 586 1071; x_wconf 86' lang='lat' dir='ltr'>serviebat,</span> <span class='ocrx_word' id='word_1_130' title='bbox 616 1022 708 1063; x_wconf 89' lang='lat' dir='ltr'>aliis</span> <span class='ocrx_word' id='word_1_131' title='bbox 738 1021 927 1061; x_wconf 83' lang='lat' dir='ltr'>fructum</span> <span class='ocrx_word' id='word_1_132' title='bbox 958 1020 1201 1069; x_wconf 87' lang='lat' dir='ltr'>libidinum,</span> <span class='ocrx_word' id='word_1_133' title='bbox 1225 1018 1317 1058; x_wconf 84' lang='lat' dir='ltr'>aliis</span> <span class='ocrx_word' id='word_1_134' title='bbox 1352 1026 1534 1056; x_wconf 90' lang='lat' dir='ltr'>mortem</span> 
     </span>
     <span class='ocr_line' id='line_1_17' title="bbox 93 1072 1535 1134; baseline -0.004 -16"><span class='ocrx_word' id='word_1_135' title='bbox 93 1089 334 1134; x_wconf 85' lang='lat' dir='ltr'>parentum,</span> <span class='ocrx_word' id='word_1_136' title='bbox 358 1093 446 1119; x_wconf 90' lang='lat' dir='ltr'>non</span> <span class='ocrx_word' id='word_1_137' title='bbox 478 1079 607 1120; x_wconf 89' lang='lat' dir='ltr'>modo</span> <span class='ocrx_word' id='word_1_138' title='bbox 639 1078 912 1134; x_wconf 84' lang='lat' dir='ltr'>impellendo,</span> <span class='ocrx_word' id='word_1_139' title='bbox 936 1092 1082 1118; x_wconf 86' lang='lat' dir='ltr'>verum</span> <span class='ocrx_word' id='word_1_140' title='bbox 1113 1076 1242 1117; x_wconf 84' lang='lat' dir='ltr'>etiam</span> <span class='ocrx_word' id='word_1_141' title='bbox 1274 1072 1535 1129; x_wconf 84' lang='lat' dir='ltr'>adjuvando,</span> 
     </span>
     <span class='ocr_line' id='line_1_18' title="bbox 91 1130 1534 1191; baseline -0.005 -15"><span class='ocrx_word' id='word_1_142' title='bbox 91 1135 388 1191; x_wconf 84' lang='lat' dir='ltr'>pollicebatur.</span> <span class='ocrx_word' id='word_1_143' title='bbox 451 1136 580 1178; x_wconf 86' lang='lat' dir='ltr'>Nunc</span> <span class='ocrx_word' id='word_1_144' title='bbox 604 1151 704 1177; x_wconf 90' lang='lat' dir='ltr'>vero</span> <span class='ocrx_word' id='word_1_145' title='bbox 726 1151 854 1191; x_wconf 86' lang='lat' dir='ltr'>quam</span> <span class='ocrx_word' id='word_1_146' title='bbox 887 1136 1045 1186; x_wconf 87' lang='lat' dir='ltr'>subito,</span> <span class='ocrx_word' id='word_1_147' title='bbox 1068 1148 1153 1175; x_wconf 92' lang='lat' dir='ltr'>non</span> <span class='ocrx_word' id='word_1_148' title='bbox 1177 1133 1313 1174; x_wconf 89' lang='lat' dir='ltr'>solum</span> <span class='ocrx_word' id='word_1_149' title='bbox 1335 1146 1390 1172; x_wconf 84' lang='lat' dir='ltr'>ex</span> <span class='ocrx_word' id='word_1_150' title='bbox 1414 1130 1534 1180; x_wconf 91' lang='lat' dir='ltr'>urbe,</span> 
     </span>
     <span class='ocr_line' id='line_1_19' title="bbox 90 1187 1534 1250; baseline -0.005 -16"><span class='ocrx_word' id='word_1_151' title='bbox 90 1207 238 1234; x_wconf 82' lang='lat' dir='ltr'>verum</span> <span class='ocrx_word' id='word_1_152' title='bbox 261 1194 391 1234; x_wconf 89' lang='lat' dir='ltr'>etiam</span> <span class='ocrx_word' id='word_1_153' title='bbox 415 1207 469 1234; x_wconf 78' lang='lat' dir='ltr'>ex</span> <span class='ocrx_word' id='word_1_154' title='bbox 502 1195 630 1249; x_wconf 81' lang='lat' dir='ltr'>agris,</span> <span class='ocrx_word' id='word_1_155' title='bbox 654 1194 875 1250; x_wconf 83' lang='lat' dir='ltr'>ingentem</span> <span class='ocrx_word' id='word_1_156' title='bbox 908 1206 1133 1233; x_wconf 90' lang='lat' dir='ltr'>numerum</span> <span class='ocrx_word' id='word_1_157' title='bbox 1170 1190 1434 1247; x_wconf 90' lang='lat' dir='ltr'>perditorum</span> <span class='ocrx_word' id='word_1_158' title='bbox 1455 1187 1534 1228; x_wconf 91' lang='lat' dir='ltr'>ho-</span> 
     </span>
     <span class='ocr_line' id='line_1_20' title="bbox 90 1244 1534 1306; baseline -0.003 -16"><span class='ocrx_word' id='word_1_159' title='bbox 90 1250 256 1291; x_wconf 87' lang='lat' dir='ltr'>minum</span> <span class='ocrx_word' id='word_1_160' title='bbox 287 1251 545 1306; x_wconf 81' lang='lat' dir='ltr'>collegerat?</span> <span class='ocrx_word' id='word_1_161' title='bbox 577 1266 718 1302; x_wconf 89' lang='lat' dir='ltr'>nemo,</span> <span class='ocrx_word' id='word_1_162' title='bbox 741 1266 828 1292; x_wconf 92' lang='lat' dir='ltr'>non</span> <span class='ocrx_word' id='word_1_163' title='bbox 863 1250 993 1291; x_wconf 90' lang='lat' dir='ltr'>modo</span> <span class='ocrx_word' id='word_1_164' title='bbox 1035 1249 1204 1299; x_wconf 87' lang='lat' dir='ltr'>Romae,</span> <span class='ocrx_word' id='word_1_165' title='bbox 1237 1247 1309 1287; x_wconf 86' lang='lat' dir='ltr'>sed</span> <span class='ocrx_word' id='word_1_166' title='bbox 1339 1260 1418 1286; x_wconf 88' lang='lat' dir='ltr'>nec</span> <span class='ocrx_word' id='word_1_167' title='bbox 1447 1244 1534 1286; x_wconf 93' lang='lat' dir='ltr'>ullo</span> 
     </span>
     <span class='ocr_line' id='line_1_21' title="bbox 91 1305 1533 1366; baseline -0.004 -18"><span class='ocrx_word' id='word_1_168' title='bbox 91 1307 135 1348; x_wconf 89' lang='lat' dir='ltr'>in</span> <span class='ocrx_word' id='word_1_169' title='bbox 155 1307 315 1364; x_wconf 84' lang='lat' dir='ltr'>angulo</span> <span class='ocrx_word' id='word_1_170' title='bbox 340 1310 471 1350; x_wconf 87' lang='lat' dir='ltr'>totius</span> <span class='ocrx_word' id='word_1_171' title='bbox 497 1308 650 1360; x_wconf 83' lang='lat' dir='ltr'>Italiae,</span> <span class='ocrx_word' id='word_1_172' title='bbox 668 1323 896 1366; x_wconf 86' lang='lat' dir='ltr'>oppressus</span> <span class='ocrx_word' id='word_1_173' title='bbox 917 1322 1000 1348; x_wconf 87' lang='lat' dir='ltr'>aere</span> <span class='ocrx_word' id='word_1_174' title='bbox 1022 1306 1160 1347; x_wconf 88' lang='lat' dir='ltr'>alieno</span> <span class='ocrx_word' id='word_1_175' title='bbox 1183 1305 1280 1353; x_wconf 83' lang='lat' dir='ltr'>fuit,</span> <span class='ocrx_word' id='word_1_176' title='bbox 1297 1318 1425 1359; x_wconf 89' lang='lat' dir='ltr'>quem</span> <span class='ocrx_word' id='word_1_177' title='bbox 1446 1316 1533 1342; x_wconf 90' lang='lat' dir='ltr'>non</span> 
     </span>
     <span class='ocr_line' id='line_1_22' title="bbox 90 1359 1579 1417; baseline -0.004 -12"><span class='ocrx_word' id='word_1_178' title='bbox 90 1365 143 1406; x_wconf 88' lang='lat' dir='ltr'>ad</span> <span class='ocrx_word' id='word_1_179' title='bbox 166 1365 249 1407; x_wconf 89' lang='lat' dir='ltr'>hoc</span> <span class='ocrx_word' id='word_1_180' title='bbox 274 1366 523 1407; x_wconf 89' lang='lat' dir='ltr'>incredibile</span> <span class='ocrx_word' id='word_1_181' title='bbox 545 1366 712 1407; x_wconf 86' lang='lat' dir='ltr'>sceleris</span> <span class='ocrx_word' id='word_1_182' title='bbox 735 1365 878 1407; x_wconf 84' lang='lat' dir='ltr'>foedus</span> <span class='ocrx_word' id='word_1_183' title='bbox 901 1365 1144 1406; x_wconf 85' lang='lat' dir='ltr'>adsciverit.</span> <span class='ocrx_word' id='word_1_184' title='bbox 1204 1361 1349 1417; x_wconf 88' lang='lat' dir='ltr'>Atque</span> <span class='ocrx_word' id='word_1_185' title='bbox 1371 1369 1419 1401; x_wconf 93' lang='lat' dir='ltr'>ut</span> <span class='ocrx_word' id='word_1_186' title='bbox 1439 1359 1579 1414; x_wconf 82' lang='lat' dir='ltr'>ejus5</span> 
     </span>
     <span class='ocr_line' id='line_1_23' title="bbox 90 1419 1568 1478; baseline -0.003 -16"><span class='ocrx_word' id='word_1_187' title='bbox 90 1422 259 1464; x_wconf 84' lang='lat' dir='ltr'>diversa</span> <span class='ocrx_word' id='word_1_188' title='bbox 279 1424 420 1464; x_wconf 89' lang='lat' dir='ltr'>studia</span> <span class='ocrx_word' id='word_1_189' title='bbox 438 1424 480 1464; x_wconf 92' lang='lat' dir='ltr'>in</span> <span class='ocrx_word' id='word_1_190' title='bbox 503 1423 696 1465; x_wconf 86' lang='lat' dir='ltr'>dissimili</span> <span class='ocrx_word' id='word_1_191' title='bbox 726 1423 891 1464; x_wconf 85' lang='lat' dir='ltr'>ratione</span> <span class='ocrx_word' id='word_1_192' title='bbox 922 1422 1162 1478; x_wconf 84' lang='lat' dir='ltr'>perspicere</span> <span class='ocrx_word' id='word_1_193' title='bbox 1184 1419 1381 1476; x_wconf 84' lang='lat' dir='ltr'>possitis3</span> <span class='ocrx_word' id='word_1_194' title='bbox 1406 1432 1568 1468; x_wconf 88' lang='lat' dir='ltr'>nemo9</span> 
     </span>
     <span class='ocr_line' id='line_1_24' title="bbox 92 1475 1533 1536; baseline -0.003 -16"><span class='ocrx_word' id='word_1_195' title='bbox 92 1489 157 1520; x_wconf 88' lang='lat' dir='ltr'>est</span> <span class='ocrx_word' id='word_1_196' title='bbox 190 1480 233 1521; x_wconf 92' lang='lat' dir='ltr'>in</span> <span class='ocrx_word' id='word_1_197' title='bbox 267 1479 367 1522; x_wconf 88' lang='lat' dir='ltr'>ludo</span> <span class='ocrx_word' id='word_1_198' title='bbox 399 1480 656 1536; x_wconf 83' lang='lat' dir='ltr'>gladiatorio</span> <span class='ocrx_word' id='word_1_199' title='bbox 689 1480 830 1536; x_wconf 86' lang='lat' dir='ltr'>paullo</span> <span class='ocrx_word' id='word_1_200' title='bbox 861 1480 913 1520; x_wconf 86' lang='lat' dir='ltr'>ad</span> <span class='ocrx_word' id='word_1_201' title='bbox 945 1479 1112 1521; x_wconf 67' lang='lat' dir='ltr'>fucinus</span> <span class='ocrx_word' id='word_1_202' title='bbox 1143 1477 1360 1526; x_wconf 85' lang='lat' dir='ltr'>audacior,</span> <span class='ocrx_word' id='word_1_203' title='bbox 1392 1475 1464 1530; x_wconf 90' lang='lat' dir='ltr'>qui</span> <span class='ocrx_word' id='word_1_204' title='bbox 1489 1489 1533 1516; x_wconf 87' lang='lat' dir='ltr'>se</span> 
     </span>
     <span class='ocr_line' id='line_1_25' title="bbox 89 1533 1534 1579; baseline -0.003 -2"><span class='ocrx_word' id='word_1_205' title='bbox 89 1550 176 1577; x_wconf 83' lang='lat' dir='ltr'>non</span> <span class='ocrx_word' id='word_1_206' title='bbox 200 1537 400 1578; x_wconf 88' lang='lat' dir='ltr'>intimum</span> <span class='ocrx_word' id='word_1_207' title='bbox 425 1537 627 1579; x_wconf 85' lang='lat' dir='ltr'>Catilinae</span> <span class='ocrx_word' id='word_1_208' title='bbox 660 1552 750 1578; x_wconf 85' lang='lat' dir='ltr'>esse</span> <span class='ocrx_word' id='word_1_209' title='bbox 781 1537 990 1578; x_wconf 87' lang='lat' dir='ltr'>fateatur:</span> <span class='ocrx_word' id='word_1_210' title='bbox 1023 1550 1151 1577; x_wconf 90' lang='lat' dir='ltr'>nemo</span> <span class='ocrx_word' id='word_1_211' title='bbox 1182 1535 1224 1574; x_wconf 91' lang='lat' dir='ltr'>in</span> <span class='ocrx_word' id='word_1_212' title='bbox 1250 1548 1378 1575; x_wconf 89' lang='lat' dir='ltr'>scena</span> <span class='ocrx_word' id='word_1_213' title='bbox 1398 1533 1534 1573; x_wconf 89' lang='lat' dir='ltr'>levior</span> 
     </span>
     <span class='ocr_line' id='line_1_26' title="bbox 88 1591 1535 1650; baseline -0.004 -16"><span class='ocrx_word' id='word_1_214' title='bbox 88 1604 132 1634; x_wconf 89' lang='lat' dir='ltr'>et</span> <span class='ocrx_word' id='word_1_215' title='bbox 162 1594 356 1650; x_wconf 89' lang='lat' dir='ltr'>nequior,</span> <span class='ocrx_word' id='word_1_216' title='bbox 379 1595 450 1650; x_wconf 88' lang='lat' dir='ltr'>qui</span> <span class='ocrx_word' id='word_1_217' title='bbox 484 1609 528 1635; x_wconf 88' lang='lat' dir='ltr'>se</span> <span class='ocrx_word' id='word_1_218' title='bbox 558 1610 644 1636; x_wconf 91' lang='lat' dir='ltr'>non</span> <span class='ocrx_word' id='word_1_219' title='bbox 675 1595 868 1650; x_wconf 83' lang='lat' dir='ltr'>ejusdem</span> <span class='ocrx_word' id='word_1_220' title='bbox 891 1608 1025 1650; x_wconf 88' lang='lat' dir='ltr'>prope</span> <span class='ocrx_word' id='word_1_221' title='bbox 1056 1592 1243 1634; x_wconf 85' lang='lat' dir='ltr'>sodalem</span> <span class='ocrx_word' id='word_1_222' title='bbox 1267 1591 1398 1632; x_wconf 85' lang='lat' dir='ltr'>fuisse</span> <span class='ocrx_word' id='word_1_223' title='bbox 1415 1604 1535 1630; x_wconf 78' lang='lat' dir='ltr'>com-</span> 
     </span>
     <span class='ocr_line' id='line_1_27' title="bbox 89 1648 1536 1708; baseline -0.003 -17"><span class='ocrx_word' id='word_1_224' title='bbox 89 1662 312 1694; x_wconf 87' lang='lat' dir='ltr'>memoret.</span> <span class='ocrx_word' id='word_1_225' title='bbox 373 1652 518 1707; x_wconf 89' lang='lat' dir='ltr'>Atque</span> <span class='ocrx_word' id='word_1_226' title='bbox 549 1653 663 1693; x_wconf 88' lang='lat' dir='ltr'>idem</span> <span class='ocrx_word' id='word_1_227' title='bbox 696 1663 854 1702; x_wconf 89' lang='lat' dir='ltr'>tamen,</span> <span class='ocrx_word' id='word_1_228' title='bbox 878 1662 1122 1708; x_wconf 85' lang='lat' dir='ltr'>stuprorum</span> <span class='ocrx_word' id='word_1_229' title='bbox 1154 1661 1198 1691; x_wconf 90' lang='lat' dir='ltr'>et</span> <span class='ocrx_word' id='word_1_230' title='bbox 1228 1648 1435 1689; x_wconf 88' lang='lat' dir='ltr'>scelerum</span> <span class='ocrx_word' id='word_1_231' title='bbox 1458 1661 1536 1687; x_wconf 81' lang='lat' dir='ltr'>ex-</span> 
     </span>
     <span class='ocr_line' id='line_1_28' title="bbox 89 1704 1533 1766; baseline -0.003 -18"><span class='ocrx_word' id='word_1_232' title='bbox 89 1709 343 1750; x_wconf 87' lang='lat' dir='ltr'>ercitatione</span> <span class='ocrx_word' id='word_1_233' title='bbox 373 1709 651 1761; x_wconf 79' lang='lat' dir='ltr'>assuefactus,</span> <span class='ocrx_word' id='word_1_234' title='bbox 684 1709 859 1766; x_wconf 84' lang='lat' dir='ltr'>frigore,</span> <span class='ocrx_word' id='word_1_235' title='bbox 892 1720 935 1749; x_wconf 91' lang='lat' dir='ltr'>et</span> <span class='ocrx_word' id='word_1_236' title='bbox 967 1708 1094 1759; x_wconf 86' lang='lat' dir='ltr'>fame,</span> <span class='ocrx_word' id='word_1_237' title='bbox 1115 1718 1159 1748; x_wconf 88' lang='lat' dir='ltr'>et</span> <span class='ocrx_word' id='word_1_238' title='bbox 1189 1706 1276 1756; x_wconf 88' lang='lat' dir='ltr'>siti,</span> <span class='ocrx_word' id='word_1_239' title='bbox 1299 1720 1349 1746; x_wconf 87' lang='lat' dir='ltr'>ac</span> <span class='ocrx_word' id='word_1_240' title='bbox 1371 1704 1533 1761; x_wconf 79' lang='lat' dir='ltr'>vigiliis</span> 
     </span>
     <span class='ocr_line' id='line_1_29' title="bbox 90 1761 1531 1822; baseline -0.003 -16"><span class='ocrx_word' id='word_1_241' title='bbox 90 1765 368 1822; x_wconf 87' lang='lat' dir='ltr'>perferendis,</span> <span class='ocrx_word' id='word_1_242' title='bbox 404 1766 527 1808; x_wconf 89' lang='lat' dir='ltr'>fortis</span> <span class='ocrx_word' id='word_1_243' title='bbox 570 1768 624 1807; x_wconf 90' lang='lat' dir='ltr'>ab</span> <span class='ocrx_word' id='word_1_244' title='bbox 665 1767 758 1808; x_wconf 87' lang='lat' dir='ltr'>istis</span> <span class='ocrx_word' id='word_1_245' title='bbox 802 1767 1132 1822; x_wconf 77' lang='lat' dir='ltr'>praedicabatur,</span> <span class='ocrx_word' id='word_1_246' title='bbox 1166 1778 1265 1805; x_wconf 89' lang='lat' dir='ltr'>cum</span> <span class='ocrx_word' id='word_1_247' title='bbox 1307 1761 1531 1803; x_wconf 82' lang='lat' dir='ltr'>industriae</span> 
     </span>
     <span class='ocr_line' id='line_1_30' title="bbox 88 1819 1533 1879; baseline -0.003 -15"><span class='ocrx_word' id='word_1_248' title='bbox 88 1823 293 1874; x_wconf 88' lang='lat' dir='ltr'>subsidia,</span> <span class='ocrx_word' id='word_1_249' title='bbox 315 1835 444 1879; x_wconf 88' lang='lat' dir='ltr'>atque</span> <span class='ocrx_word' id='word_1_250' title='bbox 473 1824 759 1865; x_wconf 88' lang='lat' dir='ltr'>instrumenta</span> <span class='ocrx_word' id='word_1_251' title='bbox 780 1825 965 1874; x_wconf 89' lang='lat' dir='ltr'>virtutis,</span> <span class='ocrx_word' id='word_1_252' title='bbox 988 1824 1032 1864; x_wconf 93' lang='lat' dir='ltr'>in</span> <span class='ocrx_word' id='word_1_253' title='bbox 1062 1822 1241 1863; x_wconf 86' lang='lat' dir='ltr'>libidine</span> <span class='ocrx_word' id='word_1_254' title='bbox 1267 1819 1533 1874; x_wconf 89' lang='lat' dir='ltr'>audaciaque</span> 
     </span>
     <span class='ocr_line' id='line_1_31' title="bbox 97 1877 1595 1925; baseline -0.005 -3"><span class='ocrx_word' id='word_1_255' title='bbox 97 1884 511 1922; x_wconf 62' lang='lat' dir='ltr'>lssconsumerentur.</span> <span class='ocrx_word' id='word_1_256' title='bbox 580 1882 713 1923; x_wconf 91' lang='lat' dir='ltr'>Hunc</span> <span class='ocrx_word' id='word_1_257' title='bbox 744 1897 844 1922; x_wconf 91' lang='lat' dir='ltr'>vero</span> <span class='ocrx_word' id='word_1_258' title='bbox 881 1882 914 1922; x_wconf 91' lang='lat' dir='ltr'>si</span> <span class='ocrx_word' id='word_1_259' title='bbox 954 1881 1018 1921; x_wconf 87' lang='lat' dir='ltr'>sui</span> <span class='ocrx_word' id='word_1_260' title='bbox 1054 1880 1215 1925; x_wconf 87' lang='lat' dir='ltr'>fuerint</span> <span class='ocrx_word' id='word_1_261' title='bbox 1248 1877 1428 1920; x_wconf 87' lang='lat' dir='ltr'>comites</span> <span class='ocrx_word' id='word_1_262' title='bbox 1467 1890 1531 1917; x_wconf 93' lang='lat' dir='ltr'>se-</span> <span class='ocrx_word' id='word_1_263' title='bbox 1545 1882 1595 1916; x_wconf 91' lang='lat'>10</span> 
     </span>
     <span class='ocr_line' id='line_1_32' title="bbox 90 1933 1533 1997; baseline -0.003 -19"><span class='ocrx_word' id='word_1_264' title='bbox 90 1938 200 1980; x_wconf 89' lang='lat' dir='ltr'>cuti:</span> <span class='ocrx_word' id='word_1_265' title='bbox 228 1939 261 1978; x_wconf 89' lang='lat' dir='ltr'>si</span> <span class='ocrx_word' id='word_1_266' title='bbox 293 1953 347 1979; x_wconf 88' lang='lat' dir='ltr'>ex</span> <span class='ocrx_word' id='word_1_267' title='bbox 380 1940 484 1980; x_wconf 90' lang='lat' dir='ltr'>urbe</span> <span class='ocrx_word' id='word_1_268' title='bbox 515 1939 702 1980; x_wconf 79' lang='lat' dir='ltr'>exierint</span> <span class='ocrx_word' id='word_1_269' title='bbox 731 1939 1054 1997; x_wconf 86' lang='lat' dir='ltr'>desperatorum</span> <span class='ocrx_word' id='word_1_270' title='bbox 1076 1937 1301 1978; x_wconf 86' lang='lat' dir='ltr'>hominum</span> <span class='ocrx_word' id='word_1_271' title='bbox 1325 1933 1533 1990; x_wconf 85' lang='lat' dir='ltr'>flagitiosi</span> 
     </span>
     <span class='ocr_line' id='line_1_33' title="bbox 89 1995 1534 2052; baseline -0.003 -16"><span class='ocrx_word' id='word_1_272' title='bbox 89 2010 267 2052; x_wconf 83' lang='lat' dir='ltr'>greges:</span> <span class='ocrx_word' id='word_1_273' title='bbox 307 2011 332 2036; x_wconf 94' lang='lat' dir='ltr'>o</span> <span class='ocrx_word' id='word_1_274' title='bbox 359 2011 438 2037; x_wconf 88' lang='lat' dir='ltr'>nos</span> <span class='ocrx_word' id='word_1_275' title='bbox 471 1997 634 2047; x_wconf 82' lang='lat' dir='ltr'>beatos,</span> <span class='ocrx_word' id='word_1_276' title='bbox 664 2012 689 2038; x_wconf 97' lang='lat' dir='ltr'>o</span> <span class='ocrx_word' id='word_1_277' title='bbox 723 1996 1033 2052; x_wconf 84' lang='lat' dir='ltr'>rempublicam</span> <span class='ocrx_word' id='word_1_278' title='bbox 1068 1995 1347 2043; x_wconf 87' lang='lat' dir='ltr'>fortunatam,</span> <span class='ocrx_word' id='word_1_279' title='bbox 1370 2009 1395 2033; x_wconf 87' lang='lat' dir='ltr'>o</span> <span class='ocrx_word' id='word_1_280' title='bbox 1423 2006 1534 2048; x_wconf 84' lang='lat' dir='ltr'>prae-</span> 
     </span>
     <span class='ocr_line' id='line_1_34' title="bbox 88 2049 1535 2108; baseline -0.003 -15"><span class='ocrx_word' id='word_1_281' title='bbox 88 2053 243 2093; x_wconf 87' lang='lat' dir='ltr'>claram</span> <span class='ocrx_word' id='word_1_282' title='bbox 269 2053 434 2094; x_wconf 86' lang='lat' dir='ltr'>laudem</span> <span class='ocrx_word' id='word_1_283' title='bbox 455 2054 701 2095; x_wconf 88' lang='lat' dir='ltr'>consulatus</span> <span class='ocrx_word' id='word_1_284' title='bbox 725 2054 832 2095; x_wconf 89' lang='lat' dir='ltr'>mei!</span> <span class='ocrx_word' id='word_1_285' title='bbox 870 2053 970 2094; x_wconf 90' lang='lat' dir='ltr'>Non</span> <span class='ocrx_word' id='word_1_286' title='bbox 993 2053 1109 2093; x_wconf 91' lang='lat' dir='ltr'>enim</span> <span class='ocrx_word' id='word_1_287' title='bbox 1130 2052 1225 2108; x_wconf 87' lang='lat' dir='ltr'>jam</span> <span class='ocrx_word' id='word_1_288' title='bbox 1248 2059 1348 2091; x_wconf 90' lang='lat' dir='ltr'>sunt</span> <span class='ocrx_word' id='word_1_289' title='bbox 1371 2049 1535 2090; x_wconf 90' lang='lat' dir='ltr'>medio-</span> 
     </span>
     <span class='ocr_line' id='line_1_35' title="bbox 87 2106 1534 2162; baseline 0 -12"><span class='ocrx_word' id='word_1_290' title='bbox 87 2124 179 2151; x_wconf 91' lang='lat' dir='ltr'>cres</span> <span class='ocrx_word' id='word_1_291' title='bbox 202 2110 426 2152; x_wconf 90' lang='lat' dir='ltr'>hominum</span> <span class='ocrx_word' id='word_1_292' title='bbox 449 2111 663 2162; x_wconf 87' lang='lat' dir='ltr'>libidines,</span> <span class='ocrx_word' id='word_1_293' title='bbox 687 2127 772 2152; x_wconf 92' lang='lat' dir='ltr'>non</span> <span class='ocrx_word' id='word_1_294' title='bbox 796 2111 996 2152; x_wconf 89' lang='lat' dir='ltr'>humanae</span> <span class='ocrx_word' id='word_1_295' title='bbox 1023 2113 1058 2141; x_wconf 84' lang='lat'>13</span> <span class='ocrx_word' id='word_1_296' title='bbox 1072 2125 1122 2150; x_wconf 86' lang='lat' dir='ltr'>ac</span> <span class='ocrx_word' id='word_1_297' title='bbox 1147 2108 1379 2150; x_wconf 82' lang='lat' dir='ltr'>tolerandae</span> <span class='ocrx_word' id='word_1_298' title='bbox 1402 2106 1534 2150; x_wconf 46' lang='lat' dir='ltr'>auda-2-</span> 
     </span>
     <span class='ocr_line' id='line_1_36' title="bbox 88 2164 1531 2225; baseline -0.003 -17"><span class='ocrx_word' id='word_1_299' title='bbox 88 2167 191 2210; x_wconf 85' lang='lat' dir='ltr'>ciae:</span> <span class='ocrx_word' id='word_1_300' title='bbox 223 2168 331 2208; x_wconf 86' lang='lat' dir='ltr'>nihil</span> <span class='ocrx_word' id='word_1_301' title='bbox 354 2169 566 2225; x_wconf 83' lang='lat' dir='ltr'>cogitant,</span> <span class='ocrx_word' id='word_1_302' title='bbox 589 2169 668 2209; x_wconf 91' lang='lat' dir='ltr'>nisi</span> <span class='ocrx_word' id='word_1_303' title='bbox 701 2169 856 2219; x_wconf 84' lang='lat' dir='ltr'>caedeS,</span> <span class='ocrx_word' id='word_1_304' title='bbox 880 2169 961 2209; x_wconf 89' lang='lat' dir='ltr'>nisi</span> <span class='ocrx_word' id='word_1_305' title='bbox 991 2167 1205 2217; x_wconf 85' lang='lat' dir='ltr'>incendia,</span> <span class='ocrx_word' id='word_1_306' title='bbox 1226 2166 1308 2206; x_wconf 88' lang='lat' dir='ltr'>nisi</span> <span class='ocrx_word' id='word_1_307' title='bbox 1332 2164 1531 2220; x_wconf 88' lang='lat' dir='ltr'>rapinas:</span> 
     </span>
     <span class='ocr_line' id='line_1_37' title="bbox 87 2222 1529 2281; baseline -0.003 -15"><span class='ocrx_word' id='word_1_308' title='bbox 87 2226 349 2280; x_wconf 81' lang='lat' dir='ltr'>patrimonia</span> <span class='ocrx_word' id='word_1_309' title='bbox 369 2240 443 2266; x_wconf 89' lang='lat' dir='ltr'>sua</span> <span class='ocrx_word' id='word_1_310' title='bbox 463 2225 770 2281; x_wconf 86' lang='lat' dir='ltr'>profuderunt:</span> <span class='ocrx_word' id='word_1_311' title='bbox 798 2229 835 2256; x_wconf 85' lang='lat'>14</span> <span class='ocrx_word' id='word_1_312' title='bbox 848 2224 1040 2266; x_wconf 86' lang='lat' dir='ltr'>fortunas</span> <span class='ocrx_word' id='word_1_313' title='bbox 1070 2240 1165 2265; x_wconf 88' lang='lat' dir='ltr'>suas</span> <span class='ocrx_word' id='word_1_314' title='bbox 1193 2222 1529 2278; x_wconf 84' lang='lat' dir='ltr'>abligurierunt:</span> 
     </span>
     <span class='ocr_line' id='line_1_38' title="bbox 86 2280 1569 2340; baseline -0.002 -17"><span class='ocrx_word' id='word_1_315' title='bbox 86 2296 150 2323; x_wconf 84' lang='lat' dir='ltr'>res</span> <span class='ocrx_word' id='word_1_316' title='bbox 175 2297 248 2324; x_wconf 90' lang='lat' dir='ltr'>eos</span> <span class='ocrx_word' id='word_1_317' title='bbox 273 2283 554 2340; x_wconf 82' lang='lat' dir='ltr'>jampridem,</span> <span class='ocrx_word' id='word_1_318' title='bbox 576 2283 682 2324; x_wconf 89' lang='lat' dir='ltr'>fides</span> <span class='ocrx_word' id='word_1_319' title='bbox 718 2283 900 2324; x_wconf 87' lang='lat' dir='ltr'>deficere</span> <span class='ocrx_word' id='word_1_320' title='bbox 935 2297 1071 2339; x_wconf 89' lang='lat' dir='ltr'>nuper</span> <span class='ocrx_word' id='word_1_321' title='bbox 1092 2282 1257 2338; x_wconf 73' lang='lat' dir='ltr'>coepit:</span> <span class='ocrx_word' id='word_1_322' title='bbox 1290 2280 1441 2321; x_wconf 85' lang='lat' dir='ltr'>eadem</span> <span class='ocrx_word' id='word_1_323' title='bbox 1463 2288 1569 2321; x_wconf 86' lang='lat' dir='ltr'>ta-b.</span> 
     </span>
    </p>
   </div>
   <div class='ocr_carea' id='block_1_3' title="bbox 88 2405 1533 2508">
    <p class='ocr_par' dir='ltr' id='par_1_3' title="bbox 88 2405 1533 2508">
     <span class='ocr_line' id='line_1_39' title="bbox 133 2405 1260 2465; baseline 0 -12"><span class='ocrx_word' id='word_1_324' title='bbox 133 2425 170 2454; x_wconf 76' lang='lat'>12</span> <span class='ocrx_word' id='word_1_325' title='bbox 205 2423 485 2463; x_wconf 75' lang='lat' dir='ltr'>consumerentur]</span> <span class='ocrx_word' id='word_1_326' title='bbox 518 2424 629 2455; x_wconf 80' lang='lat' dir='ltr'>Fluxit</span> <span class='ocrx_word' id='word_1_327' title='bbox 657 2405 719 2454; x_wconf 86' lang='lat' dir='ltr'>hoc</span> <span class='ocrx_word' id='word_1_328' title='bbox 747 2435 786 2454; x_wconf 87' lang='lat' dir='ltr'>ex</span> <span class='ocrx_word' id='word_1_329' title='bbox 829 2423 966 2465; x_wconf 83' lang='lat' dir='ltr'>pluralis</span> <span class='ocrx_word' id='word_1_330' title='bbox 979 2428 1039 2454; x_wconf 87' lang='lat' dir='ltr'>est.</span> <span class='ocrx_word' id='word_1_331' title='bbox 1064 2424 1129 2454; x_wconf 90' lang='lat' dir='ltr'>vid.</span> <span class='ocrx_word' id='word_1_332' title='bbox 1147 2423 1212 2459; x_wconf 88' lang='lat'>111,</span> <span class='ocrx_word' id='word_1_333' title='bbox 1230 2424 1260 2453; x_wconf 83' lang='lat'>8.</span> 
     </span>
     <span class='ocr_line' id='line_1_40' title="bbox 88 2462 1533 2508; baseline -0.001 -12"><span class='ocrx_word' id='word_1_334' title='bbox 88 2465 159 2496; x_wconf 85' lang='lat' dir='ltr'>edd.</span> <span class='ocrx_word' id='word_1_335' title='bbox 188 2466 228 2497; x_wconf 79' lang='lat' dir='ltr'>R.</span> <span class='ocrx_word' id='word_1_336' title='bbox 253 2466 308 2497; x_wconf 64' lang='grc' dir='ltr'>ΒΥ,</span> <span class='ocrx_word' id='word_1_337' title='bbox 332 2466 418 2497; x_wconf 89' lang='lat' dir='ltr'>Med.</span> <span class='ocrx_word' id='word_1_338' title='bbox 463 2467 507 2497; x_wconf 90' lang='lat' dir='ltr'>At</span> <span class='ocrx_word' id='word_1_339' title='bbox 533 2467 602 2498; x_wconf 88' lang='lat' dir='ltr'>edd.</span> <span class='ocrx_word' id='word_1_340' title='bbox 626 2468 676 2497; x_wconf 95' lang='lat' dir='ltr'>W.</span> <span class='ocrx_word' id='word_1_341' title='bbox 696 2469 787 2497; x_wconf 78' lang='lat'>1480.</span> <span class='ocrx_word' id='word_1_342' title='bbox 894 2470 929 2497; x_wconf 82' lang='lat'>14</span> <span class='ocrx_word' id='word_1_343' title='bbox 950 2466 1115 2508; x_wconf 76' lang='lat' dir='ltr'>fortunas</span> <span class='ocrx_word' id='word_1_344' title='bbox 1140 2477 1166 2496; x_wconf 81' lang='lat' dir='ltr'>s.</span> <span class='ocrx_word' id='word_1_345' title='bbox 1191 2462 1445 2503; x_wconf 71' lang='lat' dir='ltr'>obligurierunt]</span> <span class='ocrx_word' id='word_1_346' title='bbox 1474 2462 1533 2495; x_wconf 88' lang='lat' dir='ltr'>Ed.</span> 
     </span>
    </p>
   </div>
   <div class='ocr_carea' id='block_1_4' title="bbox 86 2506 1534 2932">
    <p class='ocr_par' dir='ltr' id='par_1_4' title="bbox 86 2506 1534 2932">
     <span class='ocr_line' id='line_1_41' title="bbox 89 2506 1533 2549; baseline -0.001 -12"><span class='ocrx_word' id='word_1_347' title='bbox 89 2508 208 2539; x_wconf 78' lang='lat' dir='ltr'>rectius</span> <span class='ocrx_word' id='word_1_348' title='bbox 223 2514 435 2546; x_wconf 79' lang='lat' dir='ltr'>consumeret,</span> <span class='ocrx_word' id='word_1_349' title='bbox 452 2509 538 2549; x_wconf 91' lang='lat' dir='ltr'>quod</span> <span class='ocrx_word' id='word_1_350' title='bbox 557 2516 591 2540; x_wconf 89' lang='lat' dir='ltr'>et</span> <span class='ocrx_word' id='word_1_351' title='bbox 606 2510 753 2540; x_wconf 85' lang='lat' dir='ltr'>Graevius</span> <span class='ocrx_word' id='word_1_352' title='bbox 768 2519 786 2539; x_wconf 90' lang='lat' dir='ltr'>e</span> <span class='ocrx_word' id='word_1_353' title='bbox 829 2509 882 2539; x_wconf 89' lang='lat' dir='ltr'>W.</span> <span class='ocrx_word' id='word_1_354' title='bbox 903 2511 990 2539; x_wconf 79' lang='lat'><strong>1480.</strong></span> <span class='ocrx_word' id='word_1_355' title='bbox 1005 2511 1232 2548; x_wconf 74' lang='lat' dir='ltr'>obligaverunt</span> <span class='ocrx_word' id='word_1_356' title='bbox 1243 2520 1251 2536; x_wconf 92' lang='grc'>.·</span> <span class='ocrx_word' id='word_1_357' title='bbox 1270 2506 1356 2546; x_wconf 84' lang='lat' dir='ltr'>quod</span> <span class='ocrx_word' id='word_1_358' title='bbox 1370 2506 1446 2536; x_wconf 89' lang='lat' dir='ltr'>huic</span> <span class='ocrx_word' id='word_1_359' title='bbox 1460 2506 1533 2537; x_wconf 89' lang='lat' dir='ltr'>loco</span> 
     </span>
     <span class='ocr_line' id='line_1_42' title="bbox 89 2548 1532 2591; baseline -0.001 -11"><span class='ocrx_word' id='word_1_360' title='bbox 89 2550 170 2580; x_wconf 80' lang='lat' dir='ltr'>Mss.</span> <span class='ocrx_word' id='word_1_361' title='bbox 185 2550 250 2580; x_wconf 90' lang='lat' dir='ltr'>suis</span> <span class='ocrx_word' id='word_1_362' title='bbox 266 2552 397 2591; x_wconf 80' lang='lat' dir='ltr'>recepit.</span> <span class='ocrx_word' id='word_1_363' title='bbox 834 2561 901 2583; x_wconf 88' lang='lat' dir='ltr'>non</span> <span class='ocrx_word' id='word_1_364' title='bbox 916 2552 1082 2582; x_wconf 85' lang='lat' dir='ltr'>convenit.</span> <span class='ocrx_word' id='word_1_365' title='bbox 1128 2550 1190 2581; x_wconf 86' lang='lat' dir='ltr'>Sed</span> <span class='ocrx_word' id='word_1_366' title='bbox 1212 2549 1308 2580; x_wconf 86' lang='lat' dir='ltr'>credo</span> <span class='ocrx_word' id='word_1_367' title='bbox 1323 2548 1532 2583; x_wconf 86' lang='lat' dir='ltr'>scribendum</span> 
     </span>
     <span class='ocr_line' id='line_1_43' title="bbox 134 2591 1534 2633; baseline -0.001 -11"><span class='ocrx_word' id='word_1_368' title='bbox 134 2595 170 2622; x_wconf 88' lang='lat'>13</span> <span class='ocrx_word' id='word_1_369' title='bbox 192 2603 233 2623; x_wconf 81' lang='grc' dir='ltr'>αι·</span> <span class='ocrx_word' id='word_1_370' title='bbox 247 2595 422 2624; x_wconf 67' lang='lat' dir='ltr'>tolerandae</span> <span class='ocrx_word' id='word_1_371' title='bbox 437 2594 599 2633; x_wconf 74' lang='lat' dir='ltr'>audaciae]</span> <span class='ocrx_word' id='word_1_372' title='bbox 628 2593 692 2624; x_wconf 87' lang='lat' dir='ltr'>Hic</span> <span class='ocrx_word' id='word_1_373' title='bbox 707 2593 789 2624; x_wconf 87' lang='lat' dir='ltr'>ordo</span> <span class='ocrx_word' id='word_1_374' title='bbox 832 2603 900 2623; x_wconf 88' lang='lat' dir='ltr'>esse</span> <span class='ocrx_word' id='word_1_375' title='bbox 917 2594 1175 2631; x_wconf 56' lang='lat' dir='ltr'>abliguriat-unt,</span> <span class='ocrx_word' id='word_1_376' title='bbox 1191 2592 1278 2631; x_wconf 86' lang='lat' dir='ltr'>quod</span> <span class='ocrx_word' id='word_1_377' title='bbox 1301 2596 1334 2622; x_wconf 87' lang='lat' dir='ltr'>et</span> <span class='ocrx_word' id='word_1_378' title='bbox 1357 2591 1428 2622; x_wconf 89' lang='lat' dir='ltr'>edd.</span> <span class='ocrx_word' id='word_1_379' title='bbox 1444 2601 1534 2630; x_wconf 82' lang='lat' dir='ltr'>quae-</span> 
     </span>
     <span class='ocr_line' id='line_1_44' title="bbox 88 2634 1533 2676; baseline -0.001 -12"><span class='ocrx_word' id='word_1_380' title='bbox 88 2634 205 2664; x_wconf 86' lang='lat' dir='ltr'>melior</span> <span class='ocrx_word' id='word_1_381' title='bbox 219 2634 323 2666; x_wconf 79' lang='lat' dir='ltr'>altero</span> <span class='ocrx_word' id='word_1_382' title='bbox 333 2637 481 2667; x_wconf 79' lang='lat' dir='ltr'>audacioe</span> <span class='ocrx_word' id='word_1_383' title='bbox 492 2647 532 2666; x_wconf 82' lang='lat' dir='ltr'>ac</span> <span class='ocrx_word' id='word_1_384' title='bbox 544 2638 634 2666; x_wconf 79' lang='lat' dir='ltr'>toler.</span> <span class='ocrx_word' id='word_1_385' title='bbox 650 2641 790 2676; x_wconf 88' lang='lat' dir='ltr'>uterque</span> <span class='ocrx_word' id='word_1_386' title='bbox 833 2636 908 2666; x_wconf 85' lang='lat' dir='ltr'>dam</span> <span class='ocrx_word' id='word_1_387' title='bbox 924 2636 1117 2676; x_wconf 84' lang='lat' dir='ltr'>posteriores</span> <span class='ocrx_word' id='word_1_388' title='bbox 1140 2640 1174 2666; x_wconf 90' lang='lat' dir='ltr'>et</span> <span class='ocrx_word' id='word_1_389' title='bbox 1196 2634 1269 2666; x_wconf 86' lang='lat' dir='ltr'>Aldi</span> <span class='ocrx_word' id='word_1_390' title='bbox 1296 2635 1371 2674; x_wconf 86' lang='lat' dir='ltr'>jun.</span> <span class='ocrx_word' id='word_1_391' title='bbox 1396 2634 1449 2672; x_wconf 88' lang='lat' dir='ltr'>qui</span> <span class='ocrx_word' id='word_1_392' title='bbox 1468 2634 1533 2674; x_wconf 83' lang='lat' dir='ltr'>pri-</span> 
     </span>
     <span class='ocr_line' id='line_1_45' title="bbox 88 2676 1533 2719; baseline 0 -13"><span class='ocrx_word' id='word_1_393' title='bbox 88 2677 123 2707; x_wconf 90' lang='lat' dir='ltr'>in</span> <span class='ocrx_word' id='word_1_394' title='bbox 138 2676 228 2707; x_wconf 86' lang='lat' dir='ltr'>libris</span> <span class='ocrx_word' id='word_1_395' title='bbox 244 2682 324 2708; x_wconf 89' lang='lat' dir='ltr'>vett.</span> <span class='ocrx_word' id='word_1_396' title='bbox 341 2680 513 2719; x_wconf 86' lang='lat' dir='ltr'>reperitur.</span> <span class='ocrx_word' id='word_1_397' title='bbox 558 2678 647 2709; x_wconf 85' lang='lat' dir='ltr'>Male</span> <span class='ocrx_word' id='word_1_398' title='bbox 659 2678 730 2709; x_wconf 88' lang='lat' dir='ltr'>edd.</span> <span class='ocrx_word' id='word_1_399' title='bbox 748 2679 786 2710; x_wconf 90' lang='lat' dir='ltr'>R.</span> <span class='ocrx_word' id='word_1_400' title='bbox 831 2687 904 2708; x_wconf 83' lang='lat' dir='ltr'>mus</span> <span class='ocrx_word' id='word_1_401' title='bbox 928 2679 1062 2718; x_wconf 80' lang='lat' dir='ltr'>recepit,</span> <span class='ocrx_word' id='word_1_402' title='bbox 1077 2677 1212 2708; x_wconf 88' lang='lat' dir='ltr'>habent.</span> <span class='ocrx_word' id='word_1_403' title='bbox 1255 2676 1308 2707; x_wconf 88' lang='lat' dir='ltr'>Sic</span> <span class='ocrx_word' id='word_1_404' title='bbox 1327 2680 1362 2706; x_wconf 89' lang='lat' dir='ltr'>et</span> <span class='ocrx_word' id='word_1_405' title='bbox 1380 2676 1533 2707; x_wconf 82' lang='lat' dir='ltr'>Muretus</span> 
     </span>
     <span class='ocr_line' id='line_1_46' title="bbox 87 2718 1533 2761; baseline 0 -13"><span class='ocrx_word' id='word_1_406' title='bbox 87 2718 144 2749; x_wconf 63' lang='grc' dir='ltr'>ΒΥ.</span> <span class='ocrx_word' id='word_1_407' title='bbox 155 2720 478 2760; x_wconf 68' lang='lat' dir='ltr'>intolerandoeequod</span> <span class='ocrx_word' id='word_1_408' title='bbox 491 2728 605 2751; x_wconf 85' lang='lat' dir='ltr'>tamen</span> <span class='ocrx_word' id='word_1_409' title='bbox 615 2720 687 2751; x_wconf 90' lang='lat' dir='ltr'>edd.</span> <span class='ocrx_word' id='word_1_410' title='bbox 699 2720 788 2752; x_wconf 90' lang='lat' dir='ltr'>Med.</span> <span class='ocrx_word' id='word_1_411' title='bbox 831 2721 866 2750; x_wconf 89' lang='lat' dir='ltr'>in</span> <span class='ocrx_word' id='word_1_412' title='bbox 890 2721 954 2751; x_wconf 89' lang='lat' dir='ltr'>Ms.</span> <span class='ocrx_word' id='word_1_413' title='bbox 971 2726 1080 2751; x_wconf 86' lang='lat' dir='ltr'>vetere</span> <span class='ocrx_word' id='word_1_414' title='bbox 1104 2720 1235 2761; x_wconf 87' lang='lat' dir='ltr'>reperit.</span> <span class='ocrx_word' id='word_1_415' title='bbox 1282 2719 1456 2758; x_wconf 68' lang='lat' dir='ltr'>obligurio</span> <span class='ocrx_word' id='word_1_416' title='bbox 1471 2728 1533 2748; x_wconf 91' lang='lat' dir='ltr'>nu-</span> 
     </span>
     <span class='ocr_line' id='line_1_47' title="bbox 87 2761 1534 2803; baseline -0.001 -11"><span class='ocrx_word' id='word_1_417' title='bbox 87 2761 276 2797; x_wconf 82' lang='lat' dir='ltr'>Cratandri‚</span> <span class='ocrx_word' id='word_1_418' title='bbox 293 2763 484 2794; x_wconf 80' lang='lat' dir='ltr'>&amp;e.secutae</span> <span class='ocrx_word' id='word_1_419' title='bbox 497 2769 588 2793; x_wconf 86' lang='lat' dir='ltr'>sunt.</span> <span class='ocrx_word' id='word_1_420' title='bbox 633 2763 715 2793; x_wconf 87' lang='lat' dir='ltr'>Mox</span> <span class='ocrx_word' id='word_1_421' title='bbox 731 2773 789 2793; x_wconf 84' lang='lat' dir='ltr'>coe-</span> <span class='ocrx_word' id='word_1_422' title='bbox 831 2763 935 2803; x_wconf 85' lang='lat' dir='ltr'>spiam</span> <span class='ocrx_word' id='word_1_423' title='bbox 961 2763 1117 2799; x_wconf 84' lang='lat' dir='ltr'>occurrit,</span> <span class='ocrx_word' id='word_1_424' title='bbox 1141 2762 1229 2801; x_wconf 89' lang='lat' dir='ltr'>quod</span> <span class='ocrx_word' id='word_1_425' title='bbox 1252 2761 1367 2797; x_wconf 80' lang='lat' dir='ltr'>seiam,</span> <span class='ocrx_word' id='word_1_426' title='bbox 1389 2766 1424 2791; x_wconf 90' lang='lat' dir='ltr'>et</span> <span class='ocrx_word' id='word_1_427' title='bbox 1448 2763 1534 2791; x_wconf 82' lang='lat' dir='ltr'>esset</span> 
     </span>
     <span class='ocr_line' id='line_1_48' title="bbox 86 2803 1534 2845; baseline 0.001 -12"><span class='ocrx_word' id='word_1_428' title='bbox 86 2804 160 2834; x_wconf 82' lang='lat' dir='ltr'>dem</span> <span class='ocrx_word' id='word_1_429' title='bbox 175 2804 247 2834; x_wconf 88' lang='lat' dir='ltr'>edd.</span> <span class='ocrx_word' id='word_1_430' title='bbox 263 2805 317 2835; x_wconf 92' lang='lat' dir='ltr'>W.</span> <span class='ocrx_word' id='word_1_431' title='bbox 334 2807 424 2836; x_wconf 77' lang='lat'>1480.</span> <span class='ocrx_word' id='word_1_432' title='bbox 445 2805 532 2842; x_wconf 81' lang='lat' dir='ltr'>aliae,</span> <span class='ocrx_word' id='word_1_433' title='bbox 547 2807 648 2836; x_wconf 82' lang='lat' dir='ltr'>etiam</span> <span class='ocrx_word' id='word_1_434' title='bbox 671 2815 732 2836; x_wconf 88' lang='lat' dir='ltr'>ser.</span> <span class='ocrx_word' id='word_1_435' title='bbox 750 2804 788 2835; x_wconf 86' lang='lat' dir='ltr'>li·</span> <span class='ocrx_word' id='word_1_436' title='bbox 830 2805 939 2844; x_wconf 87' lang='lat' dir='ltr'>potius</span> <span class='ocrx_word' id='word_1_437' title='bbox 959 2805 1045 2835; x_wconf 84' lang='lat' dir='ltr'>idem</span> <span class='ocrx_word' id='word_1_438' title='bbox 1075 2805 1162 2844; x_wconf 88' lang='lat' dir='ltr'>quod</span> <span class='ocrx_word' id='word_1_439' title='bbox 1180 2805 1315 2845; x_wconf 68' lang='lat' dir='ltr'>ligurio,</span> <span class='ocrx_word' id='word_1_440' title='bbox 1328 2803 1415 2843; x_wconf 90' lang='lat' dir='ltr'>quod</span> <span class='ocrx_word' id='word_1_441' title='bbox 1427 2808 1479 2834; x_wconf 81' lang='lat' dir='ltr'>est</span> <span class='ocrx_word' id='word_1_442' title='bbox 1493 2803 1534 2834; x_wconf 82' lang='lat' dir='ltr'>ab</span> 
     </span>
     <span class='ocr_line' id='line_1_49' title="bbox 88 2845 1076 2886; baseline 0.002 -10"><span class='ocrx_word' id='word_1_443' title='bbox 88 2845 150 2882; x_wconf 87' lang='lat' dir='ltr'>bri,</span> <span class='ocrx_word' id='word_1_444' title='bbox 167 2848 353 2886; x_wconf 78' lang='lat' dir='ltr'>recepitque</span> <span class='ocrx_word' id='word_1_445' title='bbox 376 2857 443 2878; x_wconf 90' lang='lat' dir='ltr'>non</span> <span class='ocrx_word' id='word_1_446' title='bbox 465 2849 547 2878; x_wconf 86' lang='lat' dir='ltr'>bene</span> <span class='ocrx_word' id='word_1_447' title='bbox 562 2848 722 2883; x_wconf 75' lang='lat' dir='ltr'>Graevius,</span> <span class='ocrx_word' id='word_1_448' title='bbox 738 2849 788 2878; x_wconf 89' lang='lat' dir='ltr'>in·</span> <span class='ocrx_word' id='word_1_449' title='bbox 831 2847 863 2878; x_wconf 91' lang='lat' dir='ltr'>h.</span> <span class='ocrx_word' id='word_1_450' title='bbox 879 2847 900 2879; x_wconf 88' lang='lat'>1.</span> <span class='ocrx_word' id='word_1_451' title='bbox 918 2847 1076 2879; x_wconf 87' lang='lat' dir='ltr'>alienum.</span> 
     </span>
     <span class='ocr_line' id='line_1_50' title="bbox 87 2888 1321 2932; baseline 0.003 -12"><span class='ocrx_word' id='word_1_452' title='bbox 87 2892 139 2921; x_wconf 77' lang='lat' dir='ltr'>ter</span> <span class='ocrx_word' id='word_1_453' title='bbox 160 2893 270 2920; x_wconf 87' lang='lat' dir='ltr'>cetera</span> <span class='ocrx_word' id='word_1_454' title='bbox 289 2888 441 2930; x_wconf 83' lang='lat' dir='ltr'>pluralia.</span> <span class='ocrx_word' id='word_1_455' title='bbox 484 2891 619 2932; x_wconf 85' lang='lat' dir='ltr'>Semper</span> <span class='ocrx_word' id='word_1_456' title='bbox 644 2890 721 2921; x_wconf 88' lang='lat' dir='ltr'>alibi</span> <span class='ocrx_word' id='word_1_457' title='bbox 736 2890 789 2921; x_wconf 87' lang='lat' dir='ltr'>hic</span> <span class='ocrx_word' id='word_1_458' title='bbox 1303 2912 1321 2924; x_wconf 77' lang='grc'><em>.</em></span> 
     </span>
    </p>
   </div>
   <div class='ocr_carea' id='block_1_5' title="bbox 772 2938 884 2974">
    <p class='ocr_par' dir='ltr' id='par_1_5' title="bbox 772 2938 884 2974">
     <span class='ocr_line' id='line_1_51' title="bbox 772 2938 884 2974; baseline -0.018 0"><span class='ocrx_word' id='word_1_459' title='bbox 772 2938 884 2974; x_wconf 81' lang='lat' dir='ltr'>uu3</span> 
     </span>
    </p>
   </div>
  </div>
 </body>
</html>
