1907 3231
253 129 329 164 602
804 125 1050 165 ORATIO
1085 126 1140 164 11.

253 230 393 281 detur,
416 228 490 285 qui
513 228 640 271 nullis
662 229 850 272 comitiis
881 239 980 272 ante
1007 229 1063 269 sit
1082 229 1222 271 datus
1284 227 1391 271 Eam
1420 230 1561 286 legem
1581 232 1622 261 30
1636 232 1692 276 ab

208 293 241 324 b
254 302 305 328 eo
339 297 538 343 praetore,
570 286 645 343 qui
680 287 735 328 sit
772 289 933 344 primus
972 285 1127 338 factus,
1160 286 1260 328 ferri
1288 286 1433 342 J'ubet.
1461 264 1552 328 DAt
1585 302 1693 343 quo-

250 345 411 387 modo?
442 345 534 386 Ut
526 344 555 386 li
576 332 913 386 decemviratum
935 342 1137 394 habeant,
1159 359 1266 400 quos
1297 343 1417 400 plebs
1439 345 1692 401 designave-

251 403 324 446 1it.
385 401 558 443 Oblitus
588 411 666 452 est,
697 401 835 442 nullos
867 401 921 441 ab
952 399 1077 455 plebe
1107 401 1337 457 designari.
1399 402 1456 444 Et
1486 403 1521 444 is
1543 403 1693 444 orbem

252 468 462 501 terrarum
484 458 743 513 constlingit
772 457 896 498 novis
927 456 1111 513 legibus,
1132 461 1169 488 31
1183 459 1272 513 qui,
1294 459 1398 514 quid
1429 461 1472 501 in
1504 459 1694 501 secundo

252 517 396 574 capite
418 517 625 573 scriptum
648 524 726 565 est,
747 529 836 555 non
856 515 1056 555 meminit
1077 514 1122 555 in
1145 515 1300 557 tertio?
1330 516 1475 572 Atque
1503 517 1575 559 hic
1598 531 1695 573 per-

252 576 451 631 spicuum
483 583 561 624 est,
592 571 695 627 quid
722 570 834 626 juris
867 587 893 612 a
923 571 1163 627 majoribus
1198 574 1465 628 acceperitis,
1501 574 1605 631 quid
1637 574 1693 615 ab

251 631 337 673 hoc
360 633 532 673 tribuno
555 628 691 685 plebis
715 628 838 670 vobis
869 629 1149 685 lelinquatur.
1210 629 1405 684 Majores
1426 634 1466 663 32
1476 632 1529 673 de
1555 632 1695 674 omni-

173 683 238 732 11
254 689 333 731 bus
375 687 699 743 magistratibus
740 685 803 727 bis
842 701 918 727 vos
955 686 1266 728 33sententia1n
1304 686 1414 728 ferie
1451 689 1693 731 voluerunt.

251 762 353 788 nam
382 749 424 777 34
436 759 535 785 cum
565 743 807 784 centuiiata
838 743 910 784 lex
943 744 1193 785 censoribus
1228 744 1459 797 ferebatur,
1490 761 1589 787 cum
1618 761 1694 788 cu-

251 804 362 845 riata
382 802 534 843 ceteiis
557 800 750 858 patriciis
776 801 1127 858 magistratibus3
1161 810 1253 843 'tum
1283 801 1437 843 iterum
1459 802 1513 844 de
1533 803 1694 845 eisdem

245 860 540 923 judicabatur,
572 868 620 900 ut
651 867 764 900 esset
794 834 1133 931 reprehendendi
1169 867 1375 915 potestas,
1414 860 1449 900 si
1485 860 1695 925 populum

256 917 453 959 beneficii
475 931 540 957 sui
562 915 811 980 poeniteret.
872 915 1017 967 Nunc,
1039 932 1142 980 quia
1170 931 1310 973 prima
1335 916 1407 958 illa
1427 917 1606 959 comitia
1627 926 1692 959 te-

189 980 379 1026 21net1s,
410 975 651 1016 centuriata
688 981 733 1014 et
773 974 962 1026 tributa;
996 974 1161 1016 curiata
1196 982 1364 1015 tantum
1403 975 1695 1039 auspiciorum

251 1048 380 1074 causa
401 1045 615 1073 lemansel
618 1039 710 1072 unt
771 1030 861 1072 Hic
883 1008 1028 1072 aufem
1050 1032 1247 1072 tribunus
1276 1031 1429 1088 plebis,
1452 1032 1554 1088 quia
1575 1032 1693 1074 vide-

249 1090 339 1142 bat,
371 1097 631 1153 potestatem
663 1089 880 1129 neminem
911 1088 1079 1144 injussu
1108 1089 1258 1144 populi
1289 1098 1364 1130 aut
1396 1089 1533 1145 plebis
1567 1104 1694 1146 posse

248 1147 423 1198 habere,
461 1145 638 1188 curiatis
671 1159 722 1186 ea
754 1145 957 1197 comitiis,
992 1161 1088 1201 quae
1124 1160 1198 1187 vos
1229 1160 1315 1187 non
1352 1146 1508 1199 sinitis,
1536 1147 1695 1189 confir-

247 1205 410 1246 mavit:
442 1204 619 1255 tributa,
642 1218 740 1258 quae
761 1211 904 1244 vestra
923 1212 1059 1255 e1·‚ant
1082 1203 1267 1245 sustulit.
1329 1203 1411 1255 Ita,
1432 1219 1533 1246 cum
1553 1205 1695 1261 majo-

226 1277 317 1304 res
348 1261 462 1304 binis
492 1261 681 1302 comitiis
713 1260 927 1302 voluerint
958 1276 1036 1302 vos
1069 1261 1121 1303 de
1154 1260 1334 1318 singulis
1367 1261 1693 1319 magistratibus

245 1319 467 1376 judica1·:e
502 1319 572 1360 hic
594 1318 726 1359 homo
747 1317 966 1375 popularis
995 1333 1049 1360 ne
1079 1334 1206 1360 unam
1223 1295 1406 1375 quidem
1436 1295 1598 1376 populo
1620 1334 1696 1362 co·-

189 1392 241 1428 03
253 1388 474 1419 mitiorum
498 1385 757 1433 potestatem
777 1376 965 1432 reliquit.
1026 1376 1110 1418 Sed
1133 1376 1275 1418 videte
1304 1376 1493 1418 hominis
1519 1376 1694 1434 religio-

251 1450 352 1477 nem
373 1444 417 1476 et
445 1434 730 1490 diligentiam.
791 1434 928 1486 Vidit,
949 1441 993 1475 et
1023 1434 1260 1491 perspexit,
1292 1434 1383 1476 sine
1412 1435 1579 1477 curiata
1597 1435 1694 1492 lege

251 1468 700 1535 decemvi1os0·habe1e
722 1500 982 1548 potestatem
1004 1506 1091 1532 non
1112 1507 1252 1548 posse,
1274 1492 1480 1547 quoniam
1509 1507 1587 1549 per
1614 1508 1694 1534 no-

251 1565 349 1592 vem
370 1551 507 1592 tribus
529 1558 671 1590 essent
691 1549 932 1590 constituti.
992 1548 1129 1591 Jubet
1151 1548 1259 1590 ferre
1279 1549 1332 1590 de
1357 1549 1423 1590 his
1454 1549 1594 1606 legem
1616 1565 1691 1592 cu-

250 1609 430 1649 riatam:
463 1606 639 1663 praetori
660 1606 859 1663 imperat.
881 1620 1011 1662 quam
1040 1606 1080 1647 id
1109 1607 1250 1663 ipsum
1281 1607 1479 1658 absurde,
1499 1607 1610 1649 nihil
1638 1607 1693 1650 ad

249 1680 321 1707 me
342 1664 659 1720 attinet.jubet
679 1664 809 1716 enim,
834 1678 920 1716 om
946 1677 1133 1705 PRIMUS
1161 1678 1235 1706 SIT
1262 1678 1466 1706 PRAE‘roR
1491 1678 1693 1716 FACTus,

254 1737 360 1765 EUM
399 1736 569 1764 LEGEM
605 1734 866 1763 CURIATAM
908 1734 1093 1763 FERRE:
1130 1735 1210 1763 ΜΝ
1249 1736 1290 1763 ls
1329 1724 1368 1752 35
1386 1735 1544 1764 FERRE
1585 1736 1690 1765 NON

252 1794 569 1833 POSS1T30151
596 1792 889 1821 POSTREMUS
917 1792 1018 1821 srr:
1051 1787 1100 1819 ut
1129 1788 1205 1819 aut
1228 1778 1378 1820 lusisse
1410 1779 1453 1820 in
1476 1780 1607 1821 tantis
1629 1794 1695 1820 re-

248 1837 347 1890 bus,
376 1846 450 1879 aut
480 1837 683 1901 profecto
706 1837 853 1878 nescio
882 1836 986 1893 quid
1017 1844 1232 1892 spectasse
1262 1836 1473 1878 videatur.
1532 1836 1694 1879 Verum

248 1894 334 1939 hoc
355 1896 471 1952 quod
492 1903 558 1936 est
578 1904 653 1936 ‘lut
674 1894 735 1936 ita
756 1907 1019 1951 perversum,
1043 1903 1090 1934 ut
1121 1892 1375 1936 ridiculum:
1408 1903 1483 1936 aut
1512 1894 1575 1936 ita
1601 1909 1694 1936 ma-

292 2045 334 2074 30
355 2043 396 2073 ab
421 2053 456 2073 eo
474 2040 629 2083 proetore]
659 2041 689 2073 E
714 2041 795 2073 Mss.
821 2041 949 2080 aliquot

251 2085 342 2117 addit
359 2084 505 2116 Graevius
523 2095 598 2127 pop.
614 2085 709 2116 Rom.
724 2084 811 2124 quod
832 2094 892 2115 nec
915 2083 950 2114 in

250 2128 323 2169 lege
338 2128 487 2159 additum
500 2129 576 2166 suit,
591 2132 631 2158 ut
644 2138 662 2158 e
673 2137 760 2167 seqq.
778 2132 879 2168 patet.

294 2174 331 2202 31
356 2172 424 2210 qui,
449 2171 529 2210 quid
549 2171 585 2200 in
610 2180 669 2201 sec.
694 2179 766 2209 cap.
793 2171 953 2210 scriptum

251 2218 310 2249 est,
335 2223 411 2244 non‘
427 2214 576 2244 meminit
601 2213 635 2243 in
661 2212 770 2253 tertio]
799 2212 950 2243 Scriben-

251 2255 330 2286 (luni
356 2260 408 2286 est
431 2261 508 2286 aut:
532 2256 650 2295 quodi.
671 2264 696 2285 s.
719 2266 746 2285 c.
769 2265 794 2285 s.
817 2259 868 2286 est
892 2255 950 2284 ἃς.

253 2304 311 2328 aut
334 2302 423 2328 esset.
466 2297 559 2328 Vidit
580 2298 698 2333 vitium
724 2298 825 2328 etiam
852 2296 951 2328 Lam·

253 2340 362 2378 binus,
384 2340 439 2380 qui
460 2340 575 2371 eodem
597 2339 695 2371 modo
714 2340 862 2379 corrigit,
889 2337 952 2369 nisi

252 2383 339 2422 quod
355 2384 513 2424 scriptum
535 2385 578 2413 sit
600 2383 635 2413 in
657 2382 762 2413 altero
777 2382 952 2413 correctio-

253 2426 302 2455 nis
319 2425 416 2455 modo
431 2425 513 2455 mit.
557 2425 634 2455 Sine
657 2425 747 2455 libris
771 2425 875 2455 nolim
897 2424 953 2454 de-

252 2478 395 2498 cernere.
429 2468 490 2498 Ed.
505 2468 600 2498 Rom
614 2467 668 2498 W
689 2470 778 2499 1480.
793 2469 851 2498 &cn
865 2468 952 2506 quic-

251 2511 403 2550 quidi.s.
419 2520 446 2541 c.
462 2511 694 2550 scriptumest.

295 2554 336 2584 32
358 2554 396 2582 de
418 2554 565 2583 omnibus
590 2562 634 2582 m.
659 2552 687 2582 b.
709 2551 776 2591 zos]
803 2551 857 2581 Sic
879 2549 951 2581 edd.

252 2604 303 2635 pr.
319 2594 415 2625 Rom.
428 2595 484 2626 ΒΓ.
500 2595 588 2626 Med.
605 2595 667 2625 nisi
690 2594 776 2634 quod
797 2593 863 2623 illae
885 2603 950 2624 nos.

253 2641 290 2667 at
317 2637 425 2668 wald.
454 2640 543 2669 1480.
570 2639 661 2672 1491.
689 2637 841 2675 singulis,
867 2636 953 2674 quod

252 2679 289 2710 in
303 2679 430 2719 aliquot
442 2679 521 2710 Mss.
537 2684 708 2727 repertum
726 2678 849 2718 recepit
862 2678 954 2710 Grae-

253 2722 337 2758 vius,
352 2727 464 2762 estque.
478 2726 512 2753 et
527 2722 623 2752 infra.
638 2721 686 2752 nil
701 2721 849 2752 interest.

295 2767 335 2795 33
346 2766 537 2795 sententiam
540 2764 654 2805 t'mre]
671 2764 735 2795 Pro
746 2759 875 2805 suffrag
876 2762 952 2792 ium

241 2804 279 2846 f.
294 2806 389 2845 dixit,
402 2807 478 2846 qnia
492 2807 526 2837 in
549 2806 704 2846 suffragio
718 2811 769 2837 est
784 2805 950 2846 judicium

253 2849 401 2886 ferentis,
415 2849 503 2889 quod
523 2849 577 2879 hie
598 2852 767 2889 spectatur
789 2847 949 2880 maxime.

252 2896 288 2922 et
301 2901 379 2924 mox
392 2890 619 2934 dicitjudc'car
621 2902 648 2922 e.

1034 2043 1076 2072 34
1098 2051 1172 2073 cum
1187 2042 1376 2073 centuriata
1390 2042 1442 2073 lex
1454 2041 1636 2073 censoribus
1633 2041 1695 2082 se-

991 2084 1143 2124 rebatur]
1170 2084 1234 2115 Hic
1257 2089 1308 2116 est
1330 2084 1385 2115 ille
1408 2084 1527 2116 nobilis
1546 2084 1694 2116 erudito-

994 2135 1068 2157 rum
1105 2126 1358 2158 dissensionibus
1403 2127 1507 2165 locus,
1543 2127 1694 2168 inprimis

995 2169 1121 2208 Sigonii
1149 2173 1184 2200 et
1211 2169 1357 2200 Gruchii.
1403 2169 1474 2201 Nec
1500 2178 1589 2200 nune
1622 2179 1694 2200 rem

992 2211 1177 2242 confectam
1214 2217 1308 2252 puto.
1353 2211 1427 2242 Hoc
1465 2212 1616 2252 intelligo
1653 2222 1692 2243 ac

993 2254 1073 2291 scio,
1101 2255 1246 2294 patriciis
1277 2255 1522 2294 magistratibus
1552 2254 1620 2294 (qui
1648 2263 1694 2286 sc.

995 2295 1147 2327 comitiis
1169 2298 1363 2327 centuriatis
1384 2297 1592 2336 creabantur)
1622 2297 1694 2337 lege

995 2339 1123 2369 curiata
1157 2338 1273 2370 datum
1301 2340 1488 2380 imperium,
1516 2339 1555 2370 de
1590 2339 1694 2379 iisque

995 2380 1075 2411 adeo
1103 2381 1152 2411 bis
1173 2381 1362 2422 judicatum
1391 2391 1477 2412 esse:
1509 2381 1549 2412 de
1577 2382 1694 2412 ceteris

997 2433 1064 2453 non
1085 2423 1180 2461 item,
1203 2434 1263 2454 nec
1287 2423 1326 2454 de
1345 2423 1545 2461 censoribus,
1569 2434 1629 2454 nec
1653 2423 1694 2454 de

996 2465 1168 2496 AEdilibus.
1196 2466 1389 2497 Cenem-iata
1402 2468 1453 2496 lea:
1467 2476 1566 2506 quare
1579 2466 1692 2497 Censs.

995 2508 1064 2538 lata
1077 2507 1218 2546 dicatur,
1235 2518 1303 2539 non
1324 2508 1487 2548 intelligo,
1510 2519 1571 2540 nec
1592 2507 1626 2538 id
1639 2518 1694 2539 ex-

994 2550 1097 2590 plicat
1123 2551 1280 2581 Graevius.
1310 2560 1370 2582 nec
1406 2551 1441 2581 in
1467 2561 1506 2582 eo
1534 2549 1696 2582 satisfacit

997 2593 1160 2623 Ferratius
1182 2594 1217 2624 in
1239 2593 1323 2634 Epp.
1340 2603 1370 2634 p.
1388 2594 1458 2624 163.
1502 2593 1572 2625 Nec
1595 2602 1694 2633 quare

996 2635 1133 2666 comitia
1160 2637 1346 2666 centuriata
1373 2639 1408 2666 et
1431 2636 1559 2667 tributa
1577 2636 1695 2676 prima

996 2677 1097 2714 dicat,
1111 2677 1222 2709 video:
1247 2678 1374 2709 curiata
1394 2684 1473 2709 sunt
1493 2679 1603 2720 priora
1623 2687 1695 2709 on)-

997 2720 1104 2750 nibus.

1034 2765 1074 2792 35
1085 2760 1186 2802 ferre
1210 2772 1274 2793 non
1290 2762 1405 2803 possit]
1434 2762 1525 2794 Male
1546 2762 1694 2794 Graevius

993 2804 1098 2835 e.Ms
1114 2804 1183 2835 Erf.
1194 2810 1298 2845 posset
1314 2806 1471 2845 reposuit,
1487 2805 1695 2836 contralati-

993 2846 1155 2877 nitatem:
1180 2847 1267 2887 quod
1282 2857 1357 2878 cum
1380 2848 1414 2878 in
1436 2847 1508 2879 edd.
1531 2857 1581 2890 pr.
1595 2851 1693 2887 esset,

995 2893 1084 2921 recte
1099 2889 1267 2922 sublatum
1281 2894 1332 2921 est
1345 2895 1469 2932 postea.
