1907 3231
248 86 326 124 248
763 88 832 126 IN
872 86 1160 127 VERREM

252 188 378 228 rebus
400 188 568 242 retinet,
591 190 684 233 illos
703 191 739 248 ej
749 207 795 233 us
817 193 991 248 spiritus
1013 191 1257 234 Sicilienses
1281 205 1388 247 quos
1411 189 1542 232 fuisse
1564 200 1688 248 pute-

253 245 323 295 tis,
345 246 536 302 cogitate
567 262 616 289 ac
647 250 944 291 recordamini.
1004 249 1094 291 Hic
1124 258 1189 289 est
1218 248 1451 305 Apronius,
1480 263 1608 304 quem
1639 250 1684 290 in

254 302 478 357 provincia
508 312 600 345 tota
629 305 796 357 Verres,
830 321 929 348 cum
959 307 1148 361 undique
1176 306 1460 362 nequissimos
1490 306 1686 347 homines

254 360 552 415 conquisisset,
578 372 622 403 et
650 377 749 404 cum
778 363 869 419 ipse
901 377 1043 404 secum
1076 363 1140 403 sui
1170 363 1326 404 similes
1357 363 1565 414 duxisset,
1595 377 1683 404 non

253 430 404 471 parum
423 418 594 469 multos,
616 419 822 475 nequitia,
842 419 1024 471 luxuria,
1038 420 1229 471 audacia,
1246 420 1310 461 sui
1333 420 1595 461 simillimum
1610 419 1684 475 Ju-

256 473 432 515 dicavit.
492 475 645 531 Itaque
675 477 779 516 istos
809 477 920 517 inter
952 491 995 518 se
1028 477 1223 532 perbrevi
1255 486 1461 533 tempore,
1490 491 1577 518 non
1607 490 1688 527 reS,

257 544 345 571 non
376 532 500 582 ratio,
526 547 614 573 non
642 533 959 575 commendatio
992 534 1148 589 aliqua,
1179 534 1252 575 sed
1284 534 1522 575 studiorum
1553 534 1689 590 turpi-

197 593 247 628 23
261 587 364 628 tudo
388 588 708 645 similitudoque
729 591 973 646 conjunxit.
1033 591 1178 631 Verris
1199 605 1338 632 mores
1368 591 1588 647 improbos
1609 591 1690 631 im-

261 659 475 700 purosque
506 646 653 687 nostis.
686 647 838 704 fingite
868 648 1006 699 vobis,
1029 647 1063 688 si
1094 648 1288 703 potestis,
1318 648 1517 704 aliquem,
1539 649 1613 704 qui
1643 648 1690 689 in

261 701 461 743 omnibus
484 702 576 744 istis
598 705 724 745 rebus
746 719 822 760 par
842 705 895 746 ad
918 704 1110 746 omnium
1133 705 1397 760 flagitiorum
1427 705 1608 746 nefarias
1640 704 1691 745 li-

260 758 426 799 bidines
449 773 538 800 esse
560 761 719 816 possit:
752 763 787 802 is
818 763 900 803 erit
924 762 1142 818 Apronius
1174 762 1267 814 ille3
1298 762 1386 816 qui,
1408 771 1456 803 ut
1485 763 1576 818 ipse
1604 776 1693 802 non

260 815 398 856 solum
419 817 523 868 vita,
543 818 616 858 sed
638 819 768 860 etiam
787 825 966 876 eorpo're
988 828 1116 875 atque
1137 833 1209 859 ore
1231 818 1461 875 significat,
1483 819 1693 860 immensa

260 871 404 927 aliqua
431 875 472 904 ²⁰
488 889 646 930 vorago
679 885 744 917 est
780 891 830 918 ac
866 891 1022 933 gurges
1056 877 1259 918 vitiorum
1292 875 1692 932 turpitudinumque

262 930 470 972 omnium.
516 931 647 973 Hunc
669 933 711 974 in
735 933 934 974 omnibus
957 935 1129 990 stupris,
1150 933 1266 975 hune
1288 933 1331 973 in
1353 934 1551 974 fanorum
1570 933 1702 990 expi-v

260 986 511 1039 lationibus,
532 989 649 1030 hunc
670 990 714 1030 in
736 990 913 1047 impuris
936 991 1144 1033 conviviis
1173 991 1411 1047 principem
1433 990 1692 1031 adhibebat:

264 1052 513 1100 tantamque
535 1045 723 1087 habebat
745 1062 912 1089 morum
937 1048 1171 1089 similitudo
1194 1047 1543 1102 conjunctionem
1567 1056 1696 1102 atque

221 1102 555 1153 b.concordiam,
578 1110 626 1144 ut
646 1103 879 1160 Apronius,
901 1105 974 1161 qui
1004 1105 1095 1146 aliis
1117 1104 1374 1145 inhumanus
1395 1119 1446 1146 ac
1477 1105 1696 1156 barbarus,

264 1158 334 1198 isti
366 1159 438 1199 uni
470 1161 722 1202 commodus
753 1177 802 1203 ae
833 1163 1014 1203 disertus
1036 1162 1274 1204 videretur:
1308 1171 1369 1212 ut,
1398 1176 1527 1218 quem
1547 1176 1697 1203 omnes

264 1215 468 1269 odissent,
491 1232 628 1273 neque
651 1219 793 1260 videre
814 1219 985 1271 vellent,
1009 1221 1099 1261 sine
1120 1234 1171 1261 eo
1194 1219 1274 1260 iste
1295 1233 1385 1260 esse
1415 1234 1502 1260 non
1523 1228 1694 1275 posset:

264 1281 327 1323 ut,
350 1289 449 1314 cum
479 1275 565 1326 alii,
587 1291 641 1317 ne
663 1277 873 1318 conviviis
895 1277 1068 1333 quidem
1098 1277 1262 1327 iisdem,
1285 1277 1441 1331 quibus
1462 1274 1696 1332 Apronius,

264 1328 337 1370 hic
359 1331 509 1372 iisdem
528 1332 658 1374 etiam
680 1334 845 1389 poculis
867 1344 1079 1376 uteretur:
1113 1343 1345 1390 postremo,
1365 1343 1413 1375 ut
1433 1333 1539 1374 odor
1556 1332 1698 1389 Apro-

266 1386 327 1427 nii
361 1389 616 1430 taeterrirnus
647 1391 731 1431 oris
762 1401 806 1433 et
829 1392 1033 1447 corporis,
1057 1407 1182 1447 quem
1205 1397 1273 1444 (ut
1302 1391 1443 1447 ajunt)
1465 1405 1518 1431 ne
1549 1390 1699 1432 bestiae

267 1445 442 1499 quidem
466 1445 574 1488 ferre
604 1457 792 1503 possent,
815 1449 888 1490 uni
911 1449 980 1489 isti
1004 1450 1143 1490 suavis
1165 1457 1209 1489 et
1230 1448 1449 1503 jucundus
1471 1448 1700 1489 videretur.

270 1500 349 1542 Ille
379 1511 470 1543 erat
503 1504 546 1544 in
581 1505 782 1546 tribunali
818 1506 1063 1562 proximus:
1095 1505 1192 1546 ‘21in
1228 1505 1426 1546 cubiculo
1460 1504 1624 1547 socius:
1656 1505 1702 1545 in

269 1560 470 1600 convivio
503 1560 725 1604 dominus:
759 1578 808 1604 ac
842 1572 932 1604 tum
954 1563 1155 1613 maxime,
1178 1577 1291 1613 cum,
1322 1563 1558 1604 accubante
1592 1576 1704 1618 prae-

271 1624 439 1657 textato
471 1620 664 1672 praetoris
697 1619 801 1671 filio,
832 1620 875 1661 in
905 1621 1105 1661 convivio
1136 1620 1287 1660 saltare
1323 1620 1461 1660 nudus
1491 1628 1701 1675 coeperat.

193 1667 261 1715 10
276 1672 421 1725 Hunc,
454 1675 516 1715 uti
550 1676 689 1718 dicere
728 1677 909 1729 institui,
948 1678 1184 1734 principem
1224 1677 1375 1717 Verres
1412 1676 1464 1718 ad
1507 1676 1701 1717 fortunas

209 1738 261 1774 24
273 1740 488 1772 aratorum
512 1734 726 1774 vexandas
748 1735 1091 1790 diripiendasque
1113 1748 1203 1775 esse
1227 1734 1384 1776 voluit:
1418 1733 1545 1788 hujus
1573 1733 1703 1774 auda-

272 1787 368 1839 ciae‚
402 1789 622 1844 nequitiae,
655 1791 913 1843 crudelitati,
947 1791 1215 1833 fidelissimos
1247 1791 1400 1842 socios,
1431 1790 1707 1846 optimosque

272 1844 404 1896 cives,
436 1847 602 1898 scitote,
634 1848 716 1889 hoc
754 1858 938 1905 praetore
972 1849 1164 1899 traditos,
1200 1848 1386 1904 judiees,
1418 1857 1546 1903 atque
1583 1847 1702 1889 addi-

274 1910 368 1942 ctos
391 1902 534 1954 fuisse,
558 1905 681 1946 novis
713 1906 921 1947 institutis
951 1915 995 1947 et
1024 1907 1190 1956 edictis,
1223 1915 1315 1946 tota
1346 1905 1582 1947 Hieronica
1609 1904 1706 1961 lege

273 1961 655 2014 (quemadmodum
677 1973 803 2004 antea
824 1964 935 2015 dixi)
957 1963 1116 2018 rejecta
1136 1973 1179 2004 et
1201 1963 1436 2019 repudiata.

212 2025 262 2059 ‘25
334 2016 542 2070 Primum,
573 2019 777 2070 edictum,
803 2021 989 2076 judices,
1024 2021 1168 2062 audite
1198 2020 1474 2076 praeclarum:
1506 2025 1703 2075 quantum

273 2072 515 2116 decumanus
543 2075 724 2118 edidisset
753 2085 953 2119 aratorem
987 2078 1066 2119 sibi
1099 2078 1269 2118 decumae
1303 2077 1401 2118 dare
1429 2083 1623 2131 oportere,
1658 2082 1704 2116 ut

274 2137 435 2172 tantum
465 2139 607 2174 arator
635 2133 852 2176 decumano
882 2135 979 2176 dare
1002 2142 1221 2192 cogeretur.
1281 2134 1541 2181 Quomodo?
1571 2147 1707 2188 quan-

272 2196 366 2228 tum
410 2191 657 2245 poposcerit
694 2191 928 2248 Apronius,
961 2193 1076 2234 dato.
1160 2192 1277 2239 Quid
1315 2200 1380 2232 est
1419 2191 1530 2233 hoc?
1561 2200 1705 2231 utrum

214 2278 217 2281 .
274 2246 472 2300 praetoris
504 2247 749 2289 institutum
782 2251 826 2290 in
859 2251 1012 2301 socios,
1043 2265 1097 2291 an
1136 2250 1179 2290 in
1212 2250 1357 2290 hostes
1390 2248 1529 2290 victos
1567 2246 1713 2288 insani.

273 2301 463 2343 edictum
486 2314 614 2359 atque
636 2306 863 2361 imperium
887 2308 1084 2362 tyranni?
1114 2309 1154 2339 92
1166 2306 1260 2363 Ego
1283 2305 1549 2355 tantundem,
1571 2318 1709 2360 quan-

274 2368 367 2399 tum
407 2360 475 2401 ille
517 2364 790 2418 poposcerit?
847 2375 995 2420 poscet
1036 2378 1176 2415 omne,
1214 2373 1422 2419 quantum
1459 2375 1705 2403 exaravero.

276 2415 394 2463 Quid
418 2421 572 2460 omne?
603 2419 735 2462 immo
759 2420 851 2476 plus
874 2421 1017 2473 etiam,
1042 2421 1194 2478 inquit,
1217 2421 1250 2462 si
1273 2420 1402 2462 volet.
1451 2418 1568 2466 Quid
1589 2421 1705 2460 tum?

317 2547 358 2576 ⁶20
392 2557 512 2585 vorago
538 2553 583 2579 est
612 2554 672 2580 aut
707 2551 846 2590 gurges]
885 2551 969 2582 Cum
1013 2551 1166 2584 Refertur
1192 2556 1302 2582 autem
1334 2550 1375 2580 ad
1400 2559 1450 2580 res
1477 2557 1642 2584 venereas,
1670 2546 1707 2577 in

274 2586 345 2618 haec
367 2589 433 2618 sint
454 2599 646 2633 synonyma,
670 2602 727 2622 cur
750 2593 972 2633 interponitur
1014 2594 1128 2633 quibus
1142 2594 1266 2624 soc-ium
1281 2593 1391 2628 fuisse,
1405 2596 1438 2622 et
1452 2591 1528 2621 alibi
1542 2590 1631 2620 dicit.
1682 2630 1689 2636 .

275 2631 358 2659 atta?
382 2631 472 2661 Corr.
494 2642 545 2670 (ιε,
568 2634 654 2672 quod
676 2634 814 2665 Ursinus
837 2636 870 2665 in
889 2635 971 2667 libro
1057 2638 1097 2667 2⁶3
1119 2636 1196 2675 Ego
1221 2635 1318 2673 tant]
1351 2634 1412 2664 Est
1439 2633 1544 2663 oratio
1569 2635 1708 2662 oratoris

274 2678 383 2702 vetere
400 2674 519 2712 reperit
531 2681 565 2704 et
581 2676 730 2715 placebat
745 2677 888 2707 Mureto.
1016 2678 1154 2717 legentis
1180 2678 1232 2708 vel
1259 2676 1430 2707 audientis.
1474 2675 1538 2705 Ms.
1569 2674 1707 2704 Hotom.

317 2715 353 2743 21
380 2716 414 2744 in
435 2717 579 2746 cubicula
600 2718 697 2757 solus]
724 2719 788 2749 Ms.
809 2724 902 2750 vetus
926 2731 972 2751 so.
1016 2720 1113 2751 Eho!
1135 2720 1213 2750 item
1227 2719 1280 2750 alii
1294 2718 1522 2754 tantumdem,
1537 2716 1621 2756 quod
1635 2725 1709 2763 prq-

274 2755 356 2791 cius,
372 2757 459 2794 quod
478 2758 594 2790 Lamb.
619 2761 736 2799 aliique
761 2767 970 2802 receperunt.
1016 2763 1066 2792 bat
1095 2762 1338 2793 Hotomannus.
1355 2774 1357 2777 ·
1381 2761 1505 2791 Vereor
1526 2770 1566 2791 ne
1580 2759 1652 2789 dem
1665 2761 1710 2789 Sit

275 2796 373 2844 idque
388 2805 422 2828 et
437 2799 504 2839 ipse
521 2811 632 2832 verum
647 2808 738 2842 put0.
755 2803 886 2842 elegans
901 2815 973 2844 gra·
1016 2815 1035 2837 a
1049 2805 1167 2845 glossa,
1183 2810 1279 2845 atque
1296 2803 1483 2835 delendum.
1704 2813 1709 2820 ⁴

276 2838 366 2872 dano
387 2848 449 2879 est,
469 2845 654 2883 proxz'muS,
677 2846 792 2885 socius,
815 2846 972 2878 dominus.
