1907 3231
470 86 597 125 ACT.
620 88 676 130 11.
711 87 900 125 LIBER
930 87 1262 128 SECUNDUS.

1513 93 1585 135 195

147 186 361 244 habebat.
411 188 594 241 Deinde,
616 205 713 232 cum
735 191 787 232 de
811 190 1013 232 Heraclio
1035 191 1260 247 cogitaret,
1281 198 1324 232 et
1346 191 1466 234 istius
1488 192 1587 233 libi-

157 246 302 288 dinem
335 255 502 300 nosse't;
533 248 928 289 commodissimum
966 249 1134 304 putavit
1165 262 1255 289 esse
1283 248 1335 289 de
1365 250 1586 303 provincia

157 303 266 345 clani
290 304 420 345 abire.
442 305 586 359 itaque
609 304 725 346 fecit.
747 305 965 361 profectus
987 315 1051 346 est
1075 305 1308 361 Rhegium.
1360 305 1488 351 Quod
1512 307 1669 361 ubi23

143 361 348 401 auditum
371 371 449 413 est,
471 371 651 402 aestuare
674 362 747 413 illi,
769 363 841 418 qui
863 363 1068 403 dederant
1088 362 1329 418 pecuniam.
1352 371 1502 417 putare
1522 364 1587 404 ni-

155 416 218 458 hil
239 418 307 473 agi
331 433 469 474 posse,
491 419 666 459 absente
690 418 906 474 Epicrate.
928 435 1027 460 nam
1044 418 1270 460 Heraclius
1285 430 1374 460 tum
1392 419 1587 471 affuerat,

153 489 250 514 cum
275 475 461 530 primum
480 476 568 516 dati
589 477 894 531 stintjudices:
929 477 981 518 de
1000 476 1097 528 hoc,
1116 477 1189 532 qui
1206 484 1435 532 antequam
1455 476 1588 531 injus

152 531 316 572 aditum
339 535 462 584 esset,
494 542 721 589 antequam
746 534 930 589 denique
952 534 1114 575 mentio
1145 534 1449 575 controversiae
1472 532 1588 575 facta

153 597 279 640 esset,
301 589 576 641 discessisset,
600 592 809 646 putabant
830 591 938 632 nihil
958 591 1028 648 agi
1052 605 1189 647 posse.
1236 591 1448 632 Homines
1469 590 1588 632 Rhe-

134 644 273 700 Jgium
318 647 660 701 proficiscuntur,
694 647 940 705 Epicratem
970 649 1258 691 conveniunt:
1290 649 1587 690 demonstrant

131 755 135 759 ι
154 702 213 753 id,
255 704 370 758 quod
410 704 477 745 ille
517 706 693 757 sciebat,
733 720 776 745 se
820 705 918 746 H-S
963 719 1098 746 Lxxx
1143 706 1331 747 dedisse:
1382 706 1587 762 63'r0gant

102 805 105 809 ,
153 773 267 811 eum,
299 770 346 801 ut
376 761 432 813 id,
464 763 579 817 quod
601 763 654 803 ab
687 763 789 818 ipsis
813 763 971 803 abisset
1004 763 1212 818 pecuniae,
1244 771 1385 804 curet:
1418 764 1471 804 ab
1495 778 1585 805 sese

133 814 319 869 'caveat,
349 820 710 874 quemadmodum
746 819 866 872 velit3

153 884 270 915 crate
306 890 520 917 nemmem
552 891 642 917 esse
675 885 885 917 acturum.

898 820 950 860 de
982 819 1053 860 illa
1083 819 1318 860 hereditate
1350 835 1448 861 cum
1479 819 1584 876 Epi-

947 875 1168 933 Epicrates
1205 877 1398 918 homines
1437 878 1581 918 multis
1595 888 1644 924 56

153 932 294 973 verbis
331 948 356 974 a
396 948 439 974 se
479 933 588 974 male
628 944 828 989 acceptos
870 933 1057 976 dimisit:
1089 935 1267 975 redeunt
1308 934 1367 975 illi
1410 934 1583 991 Rhegio

136 988 413 1044 Syracusas:
456 990 575 1046 queri
614 1005 712 1030 cum
753 990 913 1042 multis,
944 991 1005 1032 ita
1042 1000 1090 1032 ut
1131 991 1195 1043 fit,
1235 992 1461 1048 incipiunt,
1494 1007 1584 1034 sese

153 1044 253 1091 H-S
290 1061 418 1094 Lxxx
456 1062 680 1088 nummum
710 1047 866 1089 frustra
898 1049 1077 1090 dedisse.
1118 1064 1182 1090 res
1219 1050 1507 1105 percrebruit:
1539 1051 1586 1091 in

151 1117 225 1143 ore
246 1113 374 1160 atque
397 1119 591 1146 sermone
613 1106 968 1162 omniunrcoepit
999 1121 1104 1147 esse.
1155 1107 1307 1147 Verres
1330 1107 1369 1137 63
1384 1106 1513 1148 refert
1535 1107 1585 1148 il-

125 1159 235 1201 'lam
257 1177 376 1202 suam
399 1163 733 1218 Syracusanam:
766 1163 826 1203 ait
851 1178 893 1203 se
924 1163 1028 1204 velle
1050 1164 1102 1204 de
1124 1164 1204 1204 illis
1229 1163 1326 1204 H-S
1352 1173 1486 1204 Lxxx
1512 1179 1585 1205 co-

149 1232 378 1274 gnoscere:
410 1220 592 1260 advocat
630 1219 800 1261 multos
832 1220 981 1261 dicunt
1021 1221 1167 1261 Bidini
1199 1221 1396 1262 Volcatio
1433 1237 1477 1262 se
1509 1222 1584 1263 de-

147 1275 285 1318 disse:
318 1277 420 1318 illud
439 1292 524 1317 non
546 1277 722 1327 addunt,
738 1276 862 1332 jussu
886 1278 1022 1318 istius.
1058 1278 1302 1319 Volcatium
1326 1287 1474 1321 vocat:
1506 1294 1581 1335 pe-

147 1333 320 1375 cuniam
344 1334 489 1375 referri
522 1334 716 1389 imperat.
769 1333 989 1375 Volcatius
1021 1335 1164 1375 animo
1188 1335 1434 1391 aequissimo
1456 1351 1581 1378 num-

126 1388 241 1431 ⁷mos
263 1391 400 1442 affert,
422 1391 493 1446 qui
517 1390 625 1431 nihil
656 1392 895 1434 amitteret:
928 1392 1068 1433 reddit
1097 1393 1438 1449 inspectantibus
1471 1393 1580 1434 mul-

147 1447 226 1489 tis:
260 1448 405 1489 Bidini
428 1463 625 1489 nummos
648 1447 861 1489 auferunt.

922 1448 1053 1490 Dicet
1082 1449 1250 1514 aliquis,
1270 1450 1388 1496 Quid
1410 1465 1513 1507 ergo
1536 1451 1641 1498 i1157

145 1502 230 1546 hoc
261 1504 436 1547 Verrem
467 1505 754 1561 reprehendis,
788 1507 860 1561 qui
891 1521 978 1547 non
1011 1507 1140 1548 modo
1171 1522 1262 1563 ipse
1294 1507 1362 1548 fur
1390 1523 1477 1549 non
1502 1518 1581 1561 est,

147 1562 221 1602 sed
242 1577 295 1603 ne
317 1562 446 1604 alium
469 1563 642 1618 quidem
666 1579 813 1619 passus
836 1572 900 1604 est
920 1566 1038 1606 esse?
1069 1565 1292 1606 attendite.
1309 1565 1403 1620 jam
1427 1565 1582 1606 intelli-

146 1619 257 1675 getis
287 1620 398 1661 hanc
429 1621 671 1677 pecuniam,
693 1636 778 1676 qua
808 1622 877 1662 via
906 1621 1035 1663 modo
1061 1622 1150 1663 visa
1171 1632 1234 1663 est
1257 1623 1376 1663 exire
1406 1623 1460 1663 ab
1483 1623 1582 1675 isto,

146 1677 295 1718 eadem
332 1678 483 1719 semita
520 1679 755 1719 revertisse.

816 1678 989 1725 6⁴Quid
1032 1679 1175 1721 enim?
1216 1680 1366 1720 debuit
1406 1689 1581 1735 praetor,

145 1749 245 1775 cum
275 1735 454 1777 consilio
486 1749 529 1775 re
559 1735 750 1791 cognita,
773 1750 871 1776 cum
893 1737 1186 1792 comperisset,
1217 1751 1340 1777 suum
1363 1738 1625 1792 comitemffi,

137 1791 265 1848 juris,
298 1792 473 1844 decreti,
498 1792 657 1849 judicii
686 1793 988 1851 corrumpendi
1019 1808 1161 1846 causa,
1184 1809 1267 1850 qua
1297 1794 1342 1835 in
1372 1809 1416 1836 re
1449 1795 1583 1853 ipsius

142 1953 261 1983 ceterae
283 1961 408 1983 omnes.
433 1953 592 1983 Gruterus
617 1962 656 1983 ex
684 1961 752 1982 uno
775 1951 839 1982 Ms.

116 2026 121 2031 ¹
141 1993 246 2024 edidit
259 1994 432 2034 disputari.
472 1994 559 2025 nlud
579 1994 761 2034 elegantius
776 1998 838 2031 est,

143 2040 179 2066 et
194 2037 228 2066 in
241 2036 302 2067 hac
318 2047 351 2067 re
365 2038 498 2068 verbum
514 2038 693 2076 proprium.

187 2078 228 2110 62
250 2084 383 2118 rogant,
413 2085 451 2110 ut
477 2080 536 2110 sibe·
560 2077 742 2117 ici—caret]
773 2076 843 2108 Sibi

115 2126 118 2129 “
142 2124 194 2150 est
209 2132 228 2151 a
243 2121 417 2158 Lambino,
440 2132 535 2161 quern
551 2126 680 2151 secutus
694 2126 744 2151 est
758 2121 842 2150 Gru-

142 2167 252 2202 terus3
269 2165 309 2194 ab
321 2165 473 2195 omnibus
486 2163 556 2194 edd.
571 2162 642 2194 aliis
651 2164 752 2194 abest.
776 2163 843 2193 Ita-

144 2215 206 2244 que
221 2206 366 2248 Graevius
381 2207 511 2237 delevit.
555 2206 638 2236 Sanc
652 2208 686 2236 in
701 2206 760 2236 hac
777 2206 840 2235 for-

143 2257 197 2277 ma
206 2247 372 2288 loquendi,
383 2259 501 2279 curare
509 2249 700 2287 pecuniam,
714 2258 841 2287 semper

143 2290 232 2330 apud
247 2291 438 2322 Ciceronem
464 2291 595 2321 additur
618 2290 746 2321 dativus
767 2300 839 2330 per-

141 2341 245 2370 sonae,
273 2334 326 2363 cui
354 2333 494 2373 pecunia
522 2332 679 2363 solvenda
703 2339 751 2363 est
764 2345 770 2362 ;
798 2334 840 2372 (v.

143 2374 234 2404 Clav.
249 2375 284 2405 in
299 2376 440 2415 curare.)
469 2375 524 2406 scd
545 2380 658 2405 tamen
678 2375 731 2405 hic
753 2375 839 2405 vide-

140 2420 198 2446 tur
212 2417 354 2457 intenigi
369 2428 476 2458 posse:
494 2418 675 2457 praesertim
690 2428 763 2448 cum
782 2417 840 2447 du-

142 2459 209 2490 rius
223 2460 278 2496 sit,
293 2461 351 2491 sibi·
366 2461 450 2500 quod
461 2461 501 2490 ab
517 2460 591 2500 ipsis
606 2461 736 2492 abisse&
755 2460 840 2499 quod

142 2501 274 2532 deberet
289 2512 356 2532 esse
372 2504 412 2533 ab
425 2513 472 2533 se:
495 2503 521 2532 si
535 2503 593 2532 sihi
608 2503 711 2538 abest,
727 2501 840 2531 dic-un-

141 2547 199 2573 tur
212 2553 250 2574 ex
265 2554 403 2584 persona
415 2545 588 2575 narrantis.
613 2544 726 2584 Itaque
740 2544 838 2575 libros

142 2592 266 2616 veteres
281 2592 411 2618 secutus
425 2597 511 2624 sum,
527 2593 568 2617 ut
584 2592 619 2617 et
633 2587 779 2618 Graerins
794 2586 841 2616 fe-

142 2628 199 2658 cit.
478 2650 482 2654 ,
849 2633 851 2636 ⁴

185 2670 224 2700 63
247 2670 349 2711 refert
363 2672 454 2702 illam
471 2681 566 2702 suam
582 2670 673 2710 Syia]
705 2670 772 2701 lut.
785 2679 841 2700 rct-

141 2713 273 2750 tionem,
301 2713 386 2752 quod
400 2718 434 2744 et
449 2715 483 2744 in
497 2718 593 2743 textu
609 2714 718 2753 posuit
742 2712 824 2742 Lam
832 2724 849 2738 -·

142 2754 250 2784 binus.
287 2756 320 2786 Si
332 2756 476 2793 dixisset,
495 2756 582 2786 illud
592 2765 686 2784 suum
699 2754 851 2794 Syracu*

138 2806 273 2834 samem,
290 2807 384 2828 nemo
400 2799 552 2829 haereret:
569 2807 628 2827 cus
638 2807 716 2836 ergo
731 2806 798 2826 non
813 2801 853 2825 et-

143 2834 228 2870 illud
244 2845 371 2871 rectum
384 2841 446 2872 sit?
472 2839 657 2882 praesertim
672 2849 748 2869 cum
762 2847 848 2878 saepe

883 1951 946 1982 hoc
964 1951 1063 1982 verbo
1084 1952 1118 1981 in
1139 1952 1262 1984 talibus
1278 1952 1375 1982 rebus
1396 1956 1512 1984 utatur
1531 1953 1585 1985 Ci-

883 2004 970 2024 cero,

925 2037 966 2066 64
988 2036 1082 2077 Quid
1099 2036 1211 2066 enim?
1234 2037 1342 2067 debuit
1358 2041 1494 2077 prcetor,
1509 2047 1585 2067 cum

884 2079 1011 2108 consilio
1045 2078 1120 2117 &c.]
1160 2079 1213 2109 Sia
1248 2087 1335 2110 recte
1377 2079 1585 2119 interpunxit

884 2121 1031 2152 Graevius
1054 2125 1128 2161 post
1143 2123 1238 2151 enim.
1255 2127 1304 2151 est
1320 2123 1407 2152 enim
1430 2121 1585 2161 repetitio

884 2163 1091 2203 objectionis,
1106 2173 1178 2203 quae
1192 2163 1360 2203 eleganter
1375 2164 1413 2193 fit
1435 2163 1496 2194 hac
1519 2163 1586 2193 for-

883 2215 948 2237 ma.
991 2205 1093 2236 Recte
1108 2210 1142 2235 et
1155 2205 1274 2236 delevit
1282 2205 1403 2246 fecisse
1417 2210 1489 2246 post
1498 2214 1586 2244 prae·

883 2252 946 2283 tor,
966 2247 1053 2287 quod
1068 2248 1160 2278 abest
1175 2248 1216 2278 ab
1231 2247 1302 2278 edd.
1319 2253 1399 2278 vett.
1418 2248 1584 2284 omnibus,

882 2290 1094 2329 additumque
1106 2295 1157 2320 est
1169 2291 1209 2320 ab
1222 2289 1384 2321 Lambino
1398 2289 1438 2320 ad
1452 2290 1586 2329 explen-

883 2332 958 2362 dam
985 2332 1198 2369 sententiam,
1219 2342 1315 2371 quam
1341 2333 1375 2363 in
1396 2333 1513 2362 vitiosa
1535 2332 1586 2363 in-

882 2374 1323 2414 terpunctionenonvidebat
1335 2387 1341 2404 :
1358 2373 1414 2404 sed
1423 2374 1505 2405 illud
1518 2383 1586 2405 non

884 2417 976 2453 vidit,
992 2417 1078 2447 infra
1100 2417 1134 2446 in
1154 2421 1185 2447 et
1208 2426 1271 2446 non
1294 2418 1328 2446 in
1352 2418 1411 2447 ἃς.
1427 2421 1458 2447 et
1475 2416 1586 2446 delen-

883 2457 960 2488 dum
990 2469 1076 2495 esse3
1102 2459 1188 2497 quod
1218 2468 1288 2494 nos,
1319 2458 1410 2488 libris
1437 2459 1586 2490 nondum

883 2500 1050 2540 inspectis,
1067 2501 1242 2530 delendum
1256 2500 1406 2531 vidimus
1437 2501 1524 2531 Nam
1539 2501 1585 2531 sie

883 2542 1026 2574 cohaeret
1052 2544 1174 2572 oratio:
1208 2542 1332 2573 Debuit
1354 2547 1584 2583 praelor--non

883 2586 1152 2615 animadvertisse
1169 2585 1225 2614 διο.
1260 2585 1360 2615 Abest
1371 2593 1486 2614 ‘autem
1501 2585 1585 2616 illud

883 2633 917 2657 et
943 2627 983 2657 ab
1009 2626 1080 2657 edd.
1108 2637 1156 2665 pr.
1185 2626 1256 2656 Ald.
1287 2627 1322 2658 P.
1351 2627 1495 2657 Manutii
1524 2628 1582 2662 ἃς,

885 2679 1022 2707 quarum
1050 2669 1244 2709 posteriores
1269 2668 1395 2699 habent*
1415 2669 1497 2699 bene
1520 2679 1584 2700 non

886 2715 917 2741 et
931 2712 966 2740 in
981 2721 1052 2742 eum
1071 2712 1127 2742 &cu
1163 2711 1302 2741 Videtur
1313 2721 1421 2742 errore
1434 2716 1587 2755 transpo-

888 2753 989 2783 situm
1013 2763 1093 2790 esse,
1109 2762 1176 2783 non
1200 2753 1482 2784 animadvertente
1496 2753 1588 2783 Grae-

889 2795 958 2825 vim
973 2817 977 2820 -
999 2795 1114 2836 Itaque
1136 2794 1218 2825 illud
1230 2799 1263 2825 et
1283 2805 1341 2826 suo
1358 2795 1430 2826 loeo
1447 2795 1590 2837 reposui=

892 2847 977 2867 mus.

829 2884 907 2920 02
