1907 3231
282 109 360 145 240
809 105 879 142 IN
918 103 1201 143 VERREM

281 210 392 251 festo
423 218 602 266 peccatu
625 209 864 259 tenebatur,
883 217 944 259 ut,
975 223 1074 250 cum
1096 207 1321 264 impudens
1343 204 1494 247 fuisset
1515 206 1558 248 in
1580 206 1712 257 facto,

282 276 373 308 tum
396 265 689 324 impudentior
712 266 938 316 videretur,
961 266 994 306 si
1013 274 1204 321 negaret.
1641 265 1644 270 ’

195 315 267 351 192
332 324 467 365 Nunc
499 337 598 364 vero
630 323 733 378 quid
765 323 895 364 faciat
934 322 1223 363 Hortensius?
1254 321 1502 362 avaritiaene
1532 319 1715 361 erimina

278 380 538 438 frugalitatis
560 379 755 421 laudibus
786 380 1065 435 deprecetur?
1123 378 1184 420 At
1214 378 1431 419 hominem
1465 377 1714 433 flagitiosis-

279 438 450 489 simum,
471 436 886 487 libidinosissimum,
910 435 1303 490 nequissimumque
1325 435 1531 476 defendit.
1573 433 1642 474 An
1659 434 1715 474 ab

277 495 360 537 hac
382 496 474 551 ejus
497 493 689 543 infamia,
707 493 913 548 nequitia,
937 501 1098 532 vestros
1127 492 1290 533 animos
1321 492 1365 533 in
1384 491 1510 532 aliam
1533 499 1713 548 partem,

278 552 545 594 fortitudinis
577 549 1002 599 commemoratione,
1036 550 1259 590 traducat?
1289 547 1350 589 At
1369 549 1501 590 homo
1521 548 1714 598 inertior,

278 610 488 666 ignavior,
510 607 648 663 magis
683 607 747 647 vir
769 607 879 647 inter
901 606 1114 657 mulieres,
1140 607 1308 662 impura
1341 605 1451 646 inter
1485 606 1597 647 viros
1619 620 1714 645 mu-

279 667 453 708 liercula
493 663 673 721 proferri
712 677 798 704 non
832 672 990 719 potest.
1048 662 1110 704 At
1138 677 1277 704 mores
1311 663 1542 704 commodi.
1603 661 1713 708 Quis

278 722 600 765 contumacior?
631 720 726 776 quis
757 720 1063 762 inhumanior?
1093 720 1188 775 quis
1220 719 1470 776 superbior?
1529 719 1589 760 At
1618 719 1714 760 haec

279 781 370 822 sine
402 779 658 835 cujusquam
696 777 824 819 malo.
896 778 1006 825 Quis
1042 778 1267 818 acerbior?
1308 776 1402 831 quis
1442 776 1714 830 insidiosior?

279 838 374 893 quis
394 836 604 879 crudelior
625 850 830 890 umquam
852 835 958 877 fuit?
991 834 1042 875 In
1064 834 1147 875 hoc
1172 834 1360 884 homine,
1382 842 1510 888 atque
1531 834 1573 874 in
1601 833 1716 887 ejus-

278 894 398 936 modi
431 909 558 935 causa
591 893 693 949 quid
727 891 918 934 facerent
946 906 1094 933 omnes
1120 891 1263 933 Crassi
1293 900 1336 931 et
1362 889 1572 933 Antonii?
1601 890 1714 931 Tan-

282 963 389 1002 tum,
412 952 580 1007 opinor,
604 950 828 1000 Hortensi,
853 953 890 980 10
903 949 956 990 ad
987 963 1159 990 causam
1190 963 1276 989 non
1307 947 1573 997 accederent,
1595 961 1648 987 ne
1670 947 1714 988 in

279 1009 452 1050 alterius
476 1006 742 1064 impudentia
764 1006 827 1047 sui
859 1006 1034 1062 pudoris
1063 1005 1429 1046 existimationem
1453 1005 1713 1046 amitterent.

284 1069 317 1096 ll
334 1066 456 1107 liberi
479 1066 594 1106 enim
616 1064 668 1104 ad
691 1079 838 1104 causas
857 1063 1069 1118 solutique
1092 1063 1334 1113 veniebant,
1355 1076 1492 1116 neque
1513 1061 1714 1103 commit-

280 1124 443 1173 tebant,
463 1131 525 1173 ut,
558 1122 591 1163 si
617 1121 886 1177 impudentes
908 1121 952 1161 in
971 1120 1239 1161 defendendo
1262 1133 1352 1160 esse
1372 1119 1622 1170 noluissent,
1646 1118 1712 1159 in·-

278 1179 391 1237 grati
414 1179 458 1221 in
480 1179 713 1221 deserendo
735 1178 1099 1221 existimarentur.

325 1297 363 1325 10
377 1294 424 1324 acl
436 1303 571 1324 causam
586 1303 650 1323 nnn
664 1291 747 1331 actu]
763 1292 972 1329 Omisihane,
1061 1293 1094 1321 11
1124 1289 1428 1329 liberi—solutique]
1459 1288 1563 1320 Nulla
1574 1288 1713 1319 necessi-

279 1336 367 1378 quod
382 1346 448 1366 non
463 1335 647 1366 eratinMs.
657 1336 792 1374 antiquo
802 1340 834 1364 et
847 1336 973 1374 optimo
1014 1338 1084 1364 tate
1099 1343 1138 1363 ex
1152 1332 1290 1372 acceptis
1304 1331 1395 1362 donis
1407 1344 1413 1361 z
1437 1341 1501 1370 quo
1514 1335 1548 1362 et
1569 1331 1714 1371 pertinet

280 1378 367 1420 apud
393 1379 584 1414 Gruterum,
612 1382 646 1407 et
673 1378 701 1407 ei
729 1377 791 1407 hoe
817 1376 975 1416 placebat.
1018 1380 1056 1405 ut
1070 1375 1197 1413 ingrati
1211 1375 1246 1403 in
1254 1373 1423 1404 deserendo
1434 1374 1714 1404 existimarentur.

281 1432 359 1453 nam
376 1425 410 1451 et
424 1420 500 1450 alibi
519 1420 632 1450 Cicero
647 1419 680 1449 in
695 1419 788 1449 Verr.
813 1422 838 1449 l.
854 1419 977 1459 simpli-
1019 1418 1146 1457 Nempe
1154 1416 1349 1446 Hortensius
1361 1416 1447 1447 dona
1455 1425 1602 1456 magnae.
1612 1415 1714 1445 Verre

282 1465 366 1494 citer
379 1463 458 1493 dicit
471 1463 517 1494 ad
526 1471 662 1494 causam
672 1462 820 1493 accedere
831 1461 866 1492 in
875 1461 973 1492 simili
1016 1463 1206 1499 acceperat3
1230 1469 1268 1489 eo
1288 1459 1420 1490 nomine
1447 1468 1532 1500 saepe
1554 1457 1715 1499 pungitur

283 1510 451 1537 contextu.
1017 1512 1036 1533 a
1052 1502 1218 1533 Cicerone.
