1907 3231
449 135 573 174 ACT.
601 129 659 174 Π.’
692 131 877 172 LIBER
912 130 1191 172 QUINTUS.
1460 126 1533 169 401

107 239 231 283 bere?
262 247 426 282 certum
458 240 660 296 pretium,
689 241 946 279 79sexcenos
978 249 1146 286 numOS,
1176 241 1402 276 nautarum
1434 237 1537 277 mis-

107 297 217 338 sioni
255 298 543 339 constituere?
583 311 691 352 quos
732 295 805 351 qui
845 293 1033 345 dederat,
1075 301 1363 333 commeatum
1403 295 1536 334 totius

107 355 273 395 aestatis·
291 354 544 395 abstulerat:
577 355 722 403 8Oiste,
755 351 870 408 quod
902 360 946 391 et
978 354 1121 390 nau'tae
1153 349 1328 389 nomine
1360 364 1437 405 pro
1460 351 1537 391 sti-

104 412 263 466 pendio
299 410 873 467 frumentoque*acceperat,
913 408 1172 449 lucrabatur.
1234 405 1303 446 Ita
1344 415 1535 461 quaestus

103 469 264 524 duplex
298 468 425 509 unius
459 469 663 509 missione
703 467 849 507 fiebat.
908 465 1053 520 Atque
1093 464 1187 505 haec
1223 462 1354 504 homo
1390 478 1534 504 amen·
1548 481 1578 511 b,

104 525 293 566 tissimus
335 526 379 566 in
418 535 539 567 tanto
579 526 834 582 praedonum
876 523 1054 579 impetu,
1095 529 1302 576 tantoque
1341 521 1535 577 periculo

103 582 356 638 provinciae,
388 583 448 625 sic
469 583 609 640 palam
632 582 833 632 faciebat,
864 590 912 621 ut
936 589 979 621 et
1008 579 1089 636 ipsi
1117 578 1340 635 praedones
1362 578 1536 630 scirent,

103 647 148 680 et
170 648 264 680 tota
284 640 510 697 provincia
531 640 651 682 testis
673 648 798 681 esset.

161 695 274 737 Cum
325 707 502 754 propter
541 698 664 738 istius
715 697 827 738 hanc
877 702 1042 735 tantam
1082 692 1320 744 avaritiam,
1360 692 1595 734 nominem

102 752 248 795 classis
271 757 381 795 eSset
402 756 444 796 in
481 754 643 804 Sicilia,
675 769 718 795 re
747 752 921 808 quidem
953 765 1053 791 vera
1083 765 1213 791 naves
1245 751 1407 801 inanes,
1438 765 1536 806 quae

102 811 294 867 praedam
327 812 518 868 praetori,
548 821 635 852 n'on
671 825 766 866 quae
800 808 1078 865 praedonibus
1114 817 1276 848 metum
1312 807 1539 861 afferrent;

103 874 263 918 tamen,
293 883 391 910 cum
424 869 474 911 P.
498 868 708 910 Caesetius
742 875 785 907 et
816 866 865 906 P.
887 864 1047 906 Tadius
1077 864 1226 905 decem
1259 865 1439 906 navibus
1472 865 1540 906 his

103 925 348 982 semiplenis
383 926 650 982 navigarent,
681 938 835 965 navem
865 921 1095 978 quandam,
1126 922 1360 978 piratarum
1395 923 1542 978 praeda

102 981 318 1034 refertam,
349 998 435 1024 non
468 989 689 1038 ceperunt,
721 982 793 1022 sed
824 981 1112 1030 abduxerunt,
1144 994 1272 1020 onere
1305 994 1380 1020 suo
1415 980 1540 1035 plane

103 1047 275 1095 captam
308 1049 436 1095 atque
453 1040 715 1096 depressam.
778 1037 881 1079 Erat
911 1052 961 1078 ea
992 1037 1112 1078 navis
1146 1036 1273 1093 plena
1293 1036 1539 1092 juventutis

103 1095 441 1149 formosissimae,
465 1097 777 1153 pleuaargenti
800 1095 919 1144 facti,
942 1102 1071 1149 atque
1090 1094 1262 1150 signati,
1283 1094 1419 1135 multa
1440 1110 1538 1136 cum

104 1153 296 1209 stragula
311 1163 444 1195 veste,
478 1154 589 1195 Haec
609 1169 693 1194 una
711 1153 831 1194 navis
850 1167 874 1193 a
889 1152 1021 1193 classe
1043 1161 1189 1193 nostra
1206 1166 1293 1193 non
1312 1162 1439 1208 capta
1459 1163 1540 1203 est,

104 1211 178 1251 sed
202 1212 378 1252 inventa
399 1212 450 1252 ad
480 1211 776 1268 Megaridem3
809 1209 881 1266 qui
911 1209 1030 1250 locus
1057 1218 1120 1250 est
1142 1224 1229 1250 non
1252 1210 1382 1265 longe
1412 1225 1436 1250 a
1459 1210 1539 1265 Sy-

101 1268 277 1309 racusis.
339 1269 470 1315 Quod
489 1270 563 1310 ubi
586 1268 657 1309 isti
679 1267 925 1308 nuntiatum
948 1276 1034 1318 est;
1067 1267 1235 1307 tametsi
1259 1267 1302 1307 in
1325 1276 1422 1307 acta
1440 1282 1540 1308 cum

100 1324 362 1366 mulierculis
377 1326 555 1381 jacebat
576 1326 733 1376 ebrius,
765 1324 903 1365 erexit
925 1337 968 1364 se
991 1334 1149 1375 tamen,
1183 1332 1226 1364 et
1252 1325 1398 1364 statim
1420 1339 1539 1380 quae-

102 1382 207 1423 stori
229 1382 458 1439 legatoque
480 1398 555 1424 suo
578 1383 776 1424 custodes
797 1381 915 1422 misit
936 1381 1192 1436 complures,
1222 1391 1270 1422 ut
1291 1382 1437 1429 omnia
1455 1382 1537 1423 sibi

102 1439 271 1495 integra
291 1455 419 1495 quam
442 1441 629 1496 primum
659 1439 981 1480 exhiberentur.
1041 1437 1286 1495 Appellitur
1313 1439 1432 1480 navis
1456 1440 1536 1496 Sy·
1548 1449 1595 1483 64

102 1511 292 1539 racusas:
325 1507 601 1553 exspectatur
633 1498 688 1538 ab
710 1497 910 1538 omnibus
932 1498 968 1526 81
986 1496 1244 1552 supplicium
1266 1496 1319 1537 de
1339 1496 1537 1552 captivis.

103 1552 205 1605 Iste,
237 1554 358 1609 quasi
389 1555 536 1611 praeda
557 1555 638 1596 sibi
670 1555 864 1605 advecta,
895 1568 982 1594 non
1012 1553 1289 1609 praedonibus
1311 1554 1472 1610 captis3
1504 1555 1540 1595 si

100 1611 175 1666 qui
197 1625 317 1652 senes
339 1622 413 1653 aut
432 1612 644 1654 deformes
664 1622 798 1662 erant,
820 1626 893 1652 eos
917 1611 961 1651 in
980 1611 1171 1651 hostium
1193 1625 1371 1652 numero
1392 1611 1538 1654 ducit:

99 1668 174 1724 qui
210 1667 372 1725 aliquid
408 1669 575 1723 formae,
606 1670 762 1720 aetatis,
793 1668 1052 1724 artificiique
1086 1667 1320 1720 habebant,
1363 1668 1541 1711 abducit

100 1739 265 1778 omnes,
296 1728 523 1769 nonnullos
547 1727 697 1769 scribis
721 1727 821 1778 suis,
853 1725 942 1767 filio
961 1729 1001 1758 82
1012 1725 1268 1782 cohortique
1290 1726 1539 1768 distribuit:

99 1784 139 1813 83
154 1783 490 1840 symphoniacos
526 1785 723 1826 homines
757 1799 832 1825 sex
870 1783 1040 1825 cuidam
1073 1783 1213 1825 amico
1243 1797 1320 1824 suo
1353 1783 1541 1825 Romam

100 1842 267 1882 muneri
303 1841 437 1883 misit.
458 1857 548 1884 nox
581 1842 653 1883 illa
685 1851 778 1883 tota
809 1841 1102 1882 exinaniunda
1133 1841 1232 1882 navi
1257 1842 1539 1882 consumitur.

99 1898 421 1954 Archipiratam
450 1900 592 1956 ipsum
615 1900 734 1941 videt
760 1914 903 1950 nemo,
937 1898 989 1939 de
1021 1913 1107 1953 quo
1138 1898 1398 1955 supplicium
1430 1900 1539 1941 sumi

98 1956 307 2013 oportuit.
346 1956 560 2014 hodieque
594 1971 742 1999 omnes
774 1959 814 1988 8⁴
829 1957 889 1998 sic
921 1956 1085 1998 habent
1120 1970 1385 2012 persuasum,
1417 1956 1540 2011 (quid

139 2106 181 2137 79
202 2113 349 2133 sescenos
363 2104 491 2144 numos]
511 2105 563 2134 Sic
587 2104 711 2134 correxi
727 2104 797 2134 vul·
883 2106 919 2135 81
945 2104 1144 2144 supplicium
1169 2104 1256 2133 sumi
1271 2103 1309 2133 de
1331 2104 1469 2142 captivis
1478 2114 1540 2144 pu-

99 2150 213 2185 gatum
228 2151 441 2184 sexcentenas,
462 2149 500 2177 u‘t
515 2147 633 2177 habuit
652 2146 715 2177 Ms.
733 2147 798 2177 Cu·
840 2146 948 2186 tatur]
967 2146 993 2176 A
1010 2147 1072 2176 ΜΞ.
1090 2147 1169 2186 Reg.
1187 2147 1278 2176 abest
1292 2147 1377 2175 sumi
1387 2151 1540 2185 putat-nr.

91 2188 184 2228 jacii,
207 2187 307 2219 habet
335 2189 442 2219 Guelf.
487 2189 569 2219 Edd.
597 2200 645 2229 pr.
673 2189 798 2219 habent
841 2193 938 2219 reete.
955 2188 1018 2219 ΜΞ.
1039 2190 1102 2220 Gu.
1123 2198 1209 2228 exsp.
1231 2198 1262 2218 α.
1284 2198 1310 2217 o.
1333 2189 1539 2228 szqyu'icium.

97 2234 270 2268 sexcentos,
286 2231 374 2270 quod
388 2232 619 2271 corrigendum
643 2236 714 2262 erat
729 2241 798 2261 sac-
844 2232 904 2261 iste
920 2232 979 2261 ἃς.

97 2282 200 2310 cenos,
219 2282 286 2302 non
310 2279 530 2304 sexcentenum
553 2279 624 2304 erat
651 2274 740 2305 enim
754 2274 800 2302 vi-

97 2315 186 2344 tium
201 2314 242 2345 ab
255 2315 386 2346 inscitia
397 2316 606 2346 librariorum
622 2320 745 2351 ortum,
762 2319 801 2345 ut

98 2366 183 2397 saepe
205 2357 294 2387 alibi.
309 2368 338 2388 ν.
355 2358 526 2389 Drakenb.
543 2359 584 2389 ad
606 2359 676 2390 Liv.
695 2357 799 2394 XLV,

103 2399 150 2430 16.
194 2399 378 2440 Vulgatum
392 2406 442 2432 est
458 2410 477 2434 e,
489 2403 681 2442 conjectura
695 2400 802 2432 Hoto-

98 2451 223 2473 manni.

141 2486 182 2515 80
203 2485 275 2520 iste,
295 2484 382 2525 'qnod
401 2489 432 2515 et
451 2489 561 2516 nautae
587 2485 635 2524 n.]
667 2484 803 2515 Malunt

98 2525 160 2556 viri
183 2526 271 2557 docti
285 2538 302 2557 e
329 2528 391 2558 ΜΒ.
408 2528 573 2564 Memmii,
589 2528 674 2567 quod
686 2526 755 2567 ejus
770 2537 802 2557 η.

97 2578 132 2598 ⁷1.
149 2573 188 2598 ut
203 2574 253 2599 est
265 2572 299 2599 et
315 2571 347 2599 in
370 2570 434 2600 Gu.
458 2570 553 2609 idque
569 2570 692 2610 recepit
713 2570 804 2600 Grae-

97 2612 179 2642 vina.
225 2611 286 2641 Sed
308 2612 506 2654 friget'ejus,
530 2613 712 2652 meliusque
727 2612 804 2642 sim-

98 2653 230 2693 pliciter
245 2653 331 2685 foret
345 2656 430 2694 quod
442 2658 553 2685 nazctoe
566 2665 597 2686 η.
613 2655 639 2684 si
655 2655 710 2694 qui
725 2654 801 2685 mis—

97 2695 227 2726 sionem
249 2703 431 2736 acceperat.
455 2696 568 2727 malim
582 2700 642 2727 iste
657 2701 701 2733 et,
721 2696 806 2737 quod

98 2747 133 2767 n.
149 2748 185 2769 n.
208 2747 324 2778 nempe
347 2739 539 2770 lucrabatur
555 2740 729 2779 pecuniam
745 2748 803 2778 pro

100 2780 270 2817 missione,
286 2784 321 2811 et
339 2782 540 2822 stipendium
556 2786 678 2812 naute.
723 2782 803 2812 Post

102 2831 177 2852 cum
191 2822 320 2852 Graevio
336 2824 383 2853 ita
401 2824 471 2855 dedi
487 2834 546 2865 pro
567 2825 678 2865 itaque
690 2835 707 2855 e
722 2824 803 2856 Mss.

102 2863 184 2904 Reg.
200 2864 313 2895 franc.
330 2870 365 2896 et
380 2867 444 2898 Gu-

164 2931 274 2960 voL.
300 2932 354 2960 11.

886 2275 926 2304 82
948 2272 1144 2312 cohortique]
1175 2272 1252 2304 Non
1267 2273 1442 2312 praetoriae,
1470 2283 1542 2312 quae

843 2316 973 2356 proprie
989 2315 1121 2352 dicitur,
1137 2319 1174 2345 ut
1191 2315 1425 2345 Hotomaunus
1441 2315 1542 2346 inter-

842 2362 1006 2398 pretatur,
1029 2358 1084 2387 sed
1099 2357 1141 2393 ei,
1158 2367 1255 2396 quain
1270 2366 1354 2397 saepe
1368 2357 1460 2395 dicit,
1473 2368 1541 2388 me-
1551 2391 1558 2397 e

845 2400 929 2436 dico,
946 2401 1101 2441 praeconi,
1116 2399 1287 2429 lictoribus
1302 2401 1361 2429 (Sco.
1535 2397 1538 2400 ’

888 2445 926 2472 83
948 2443 1191 2482 symphoniacos
1211 2441 1364 2481 homiues]
1388 2440 1543 2485 Homz‘nqe

844 2484 928 2514 bene
953 2486 1099 2515 restituit
1123 2484 1281 2520 Graevius,
1306 2483 1392 2523 quod
1413 2489 1447 2514 et
1463 2484 1543 2514 Mss.

845 2532 878 2555 vt
893 2525 964 2556 edd.
981 2536 1030 2567 pr.
1045 2527 1179 2557 habent.
1223 2526 1344 2556 Omisit
1368 2527 1491 2566 primus
1507 2527 1544 2557 P.

847 2568 980 2599 Mauut.
993 2568 1042 2599 ed.
1064 2572 1152 2600 1540.
1169 2579 1268 2607 quein
1282 2569 1365 2599 Rob.
1381 2569 1495 2609 steph.
1509 2569 1546 2600 in

847 2610 897 2641 ed.
911 2621 972 2642 see.
993 2613 1083 2642 1543.
1101 2612 1191 2652 (uam
1205 2611 1310 2651 prima
1323 2614 1412 2645 1539.
1427 2612 1542 2655 habet)

846 2652 967 2692 aliique
989 2654 1093 2684 secuti
1115 2659 1204 2684 sunt.
1239 2653 1340 2684 Abest
1353 2661 1466 2685 tamen
1479 2654 1563 2696 ΜΞ...

847 2695 915 2726 Gu.
1524 2717 1526 2719 »

889 2741 931 2769 84
951 2738 997 2768 sic
1012 2739 1129 2769 habent
1149 2737 1362 2778 persuasum]
1389 2738 1446 2775 Sic
1473 2737 1559 2773 eda&

845 2785 928 2810 vett.
952 2790 1124 2817 museum,
1144 2791 1244 2820 usque
1265 2781 1308 2812 ad
1325 2780 1409 2812 Rob.
1427 2778 1561 2822 'Steph..,

846 2822 897 2852 ed.
923 2825 953 2854 2.
983 2823 1039 2862 qui
1061 2833 1259 2867 persuasum
1285 2823 1409 2860 omisit,
1430 2823 1548 2866 Lnescio

848 2875 912 2903 quo
938 2870 1082 2899 auctore.
1107 2870 1144 2898 at
1168 2866 1260 2898 abest
1280 2865 1361 2897 Mss.
1385 2866 1547 2909 pluribus,

796 2917 876 2960 nd
