1907 3231
527 116 654 153 ACT.
685 114 737 152 11.
780 112 966 151 LIBER
991 113 1271 152 TERTIUS.
1533 119 1613 153 815

174 231 386 278 oportere,
409 220 464 261 ab
485 219 537 260 iis
560 231 604 260 tu
628 218 890 260 defensionis
920 218 1120 274 exempla
1139 219 1325 274 quaeris?
1368 220 1467 261 Non
1491 220 1615 277 fugio

171 292 226 320 ne
250 279 327 320 hos
349 278 520 333 quidem
545 291 698 328 mores,
726 276 960 318 dummodo
979 290 1033 317 ex
1068 275 1132 316 his
1155 291 1219 328 ea,
1241 291 1336 331 quae
1361 279 1516 333 probat
1539 294 1616 335 po-

172 337 298 393 pulus
334 336 556 376 Romanus
589 334 802 390 exempla,
836 349 924 374 nen
946 348 1009 383 ea,
1041 348 1137 389 quae
1170 333 1444 384 condemnat,
1465 350 1616 389 sequa-

171 408 283 435 mur.
346 393 446 434 Non
478 392 839 447 circumspiciam,
880 393 998 432 4n0n
1032 405 1224 446 quaeram
1257 390 1378 442 foris,
1411 406 1510 432 cum
1542 393 1617 432 ha-

171 451 474 506 beasjudiceS,
498 450 713 505 prineipes
735 449 940 498 civitatis,
965 449 1015 490 P.
1039 449 1282 499 Servilium,
1307 449 1364 495 Q.
1385 447 1614 490 Catulum:

172 509 247 564 qui
270 517 392 549 tanta
412 508 669 548 auctoritate
692 516 805 557 sunt,
825 507 955 547 tantis
988 508 1114 548 rebus
1133 507 1281 563 gestis,
1304 517 1352 547 ut
1375 506 1416 547 in
1439 506 1512 547 illo
1543 521 1618 546 an-

174 566 393 621 tiquorum
416 573 458 605 et
478 565 811 606 clarissimorum
836 564 1075 615 hominum,
1095 565 1148 605 de
1174 565 1331 619 quibus
1350 573 1477 604 antea
1508 563 1616 614 dixi,

172 637 353 665 numero
384 633 662 678 reponantur.
725 621 937 677 Exempla
958 622 1206 677 quaerimUS,
1236 631 1281 663 et
1309 637 1359 663 ea
1389 636 1475 662 non
1507 620 1703 661 anti-211

173 696 272 736 qua.
289 681 421 721 modo
444 690 622 735 uterque
646 679 799 720 horum
821 680 1061 720 exercitum
1084 679 1252 721 habuit.
1302 681 1476 730 Quaere,
1504 678 1620 720 Hor-

174 739 301 789 tensi,
323 740 530 793 quoniam
555 749 594 777 te
618 738 808 778 recentia
825 737 1025 792 exempla
1046 737 1277 787 delectant,
1299 737 1402 792 quid
1421 735 1620 778 fecerint.

175 795 300 838 Itane
333 798 460 838 vero?
495 796 551 841 Q.
577 794 756 835 Catulus
787 792 1005 834 frumento
1035 803 1100 834 est
1122 808 1238 844 usus,
1271 794 1499 850 pecuniam
1533 808 1622 834 non

172 854 337 910 coegit.
401 853 452 894 P.
469 852 674 894 Servilius
693 851 1037 907 quinquennium
1052 851 1263 892 exercitui
1283 866 1380 892 cuin
1402 860 1622 908 praeesset,

173 921 218 952 et
238 912 322 953 ista
352 912 516 952 ratione
545 909 901 950 innumerabilem
932 910 1159 964 pecuniam
1191 908 1332 949 facere
1355 919 1513 964 posset,
1534 923 1622 949 non

175 971 328 1010 statuit
358 969 439 1009 sibi
472 967 708 1023 quidquam
742 966 884 1017 licere,
915 967 1032 1021 quod
1061 981 1148 1008 non
1172 976 1338 1022 patrem
1362 981 1502 1017 suum,
1533 981 1622 1007 non

173 1042 303 1068 avum
338 1026 394 1072 Q.
420 1024 647 1066 Metellum
682 1024 823 1065 facere
858 1024 1049 1065 vidisset.
1111 1023 1164 1065 C.
1189 1023 1339 1065 Verres
1370 1024 1620 1080 reperietur,

174 1085 263 1140 qui,
287 1084 402 1139 quod
421 1082 641 1138 expediat,
661 1081 703 1122 id
724 1082 851 1122 licere
874 1082 1018 1123 dicat?
1049 1082 1164 1137 quod
1187 1096 1331 1133 nemo,
1357 1082 1438 1122 nisi
1459 1082 1621 1136 impro-

175 1143 270 1193 bus,
293 1141 457 1192 fecerit,
480 1140 523 1181 id
555 1139 736 1180 aliorum
757 1139 959 1195 exemplo
983 1153 1026 1180 se
1047 1140 1200 1181 fecisse
1233 1139 1464 1181 defendat?
1494 1138 1556 1179 At
1576 1138 1620 1179 in
1634 1132 1702 1189 91

175 1199 325 1242 Sicilia
345 1199 592 1240 factitatum
614 1206 694 1238 est.
753 1197 867 1243 Quae
889 1207 954 1238 est
979 1197 1061 1238 ista
1092 1197 1287 1238 conditio
1310 1196 1501 1239 Siciliae?
1531 1211 1622 1247 cur,

174 1272 273 1313 quae
307 1256 475 1313 optimo
500 1255 614 1311 jure,
645 1263 821 1311 propter
852 1263 1127 1305 vetustatem,
1150 1254 1417 1305 fidelitatem,
1440 1253 1620 1310 propin-

175 1316 387 1370 quitatem
418 1328 510 1355 esse
540 1313 684 1362 debet,
710 1311 814 1353 huic
845 1312 1067 1368 praecipua
1088 1312 1156 1353 lex
1191 1312 1361 1367 injuriae
1394 1311 1624 1353 definitur?

177 1373 262 1415 Sed
285 1373 328 1413 in
352 1373 434 1413 ista
456 1372 550 1427 ipsa
571 1369 733 1421 Sicilia,
756 1384 843 1410 non
873 1384 1064 1425 quaeram
1097 1370 1346 1425 exemplum
1378 1368 1508 1410 foris:
1540 1368 1625 1410 hoc

176 1430 272 1486 ipso
303 1444 358 1471 ex
391 1428 573 1470 consilio
601 1437 697 1468 utar
727 1427 954 1482 exemplis.
1007 1426 1093 1467 5C.
1118 1426 1341 1477 Marcelle,
1370 1435 1411 1467 te
1440 1426 1713 1483 appello.219.

177 1487 338 1530 Siciliae
357 1486 610 1544 provinciae,
640 1499 740 1526 cum
771 1499 883 1525 esses
906 1499 983 1540 pro
1006 1484 1195 1535 consule,
1215 1483 1445 1540 praefuisti.
1508 1484 1625 1525 Num
1640 1493 1668 1522 P·
1689 1483 1758 1516 196-

174 1561 274 1602 quae
306 1545 350 1586 in
375 1554 449 1586 tuo
481 1543 664 1599 imperio
697 1542 910 1599 pecuniae,
941 1542 1059 1584 cellae
1090 1542 1280 1593 nomine,
1303 1551 1467 1583 coactae
1500 1535 1669 1584 sunt?³'

175 1617 317 1659 neque
335 1617 417 1659 ego
438 1602 523 1643 hoc
543 1603 586 1642 in
610 1610 685 1642 tua
706 1600 830 1641 laude
852 1614 984 1656 pono.
1016 1600 1100 1642 alia
1121 1609 1222 1641 sunt
1248 1610 1323 1640 tua
1347 1599 1477 1649 facta,
1501 1609 1630 1655 atque

177 1661 372 1711 consilia,
404 1674 571 1701 summa
602 1658 727 1700 laude
749 1658 907 1713 digna3
939 1658 1096 1714 quibus
1132 1657 1248 1698 illam
1282 1668 1329 1699 tu
1360 1657 1630 1713 provinciam

177 1719 384 1761 afflictam
421 1727 465 1758 et
495 1717 709 1774 perditam
731 1716 907 1758 erexisti
930 1726 1059 1771 atque
1091 1716 1307 1757 recreasti.
1335 1730 1435 1756 nam
1469 1714 1553 1756 hoc
1575 1714 1630 1756 de

177 1776 286 1818 cella
299 1791 351 1817 ne
371 1775 558 1832 Lepidus
571 1775 746 1829 quidem
760 1774 936 1825 fecerat,
955 1774 1084 1815 cuitu
1104 1773 1363 1814 successisti.
1397 1773 1509 1819 Quae
1528 1782 1628 1813 sunt

180 1834 260 1876 tibi
283 1834 417 1890 igitur
438 1832 639 1889 exempla
659 1832 702 1873 in
724 1831 873 1873 Sicilia
890 1831 1027 1882 cellae,
1044 1831 1075 1872 si
1096 1831 1180 1872 hoc
1202 1831 1366 1872 crimen
1386 1845 1471 1871 non
1496 1830 1626 1871 modo

179 1892 378 1934 Marcelli
403 1891 535 1942 facto,
562 1890 634 1931 sed
665 1905 719 1931 ne
743 1889 895 1945 Lepidi
922 1889 1098 1946 quidem
1120 1898 1245 1945 potes
1267 1888 1525 1930 defendere?
1555 1887 1713 1935 An<313

177 1964 249 1992 me
271 1950 323 1991 ad
352 1948 420 1990 Μ.
442 1947 623 1990 Antonii
648 1947 983 1989 aestimationem
1014 1946 1236 1998 frumenti,
1267 1946 1628 2001 exactionemque

180 2007 377 2065 pecuniae
408 2014 685 2047 revocaturus
717 2008 786 2047 es?
834 2004 917 2056 lta,
947 2005 1103 2060 inquit,
1125 2004 1178 2046 ad
1214 2004 1280 2046 M.
1316 2003 1515 2045 Antonii.
1545 2003 1630 2045 hoc

177 2066 296 2107 enim
314 2065 423 2105 mihi
449 2063 717 2120 significasse
738 2072 782 2104 et
802 2064 1004 2104 annuisse
1025 2063 1139 2103 visus
1161 2071 1240 2104 est.
1285 2060 1353 2103 Ex
1373 2062 1632 2103 omnibusne

178 2125 315 2180 igitur
337 2122 486 2179 populi
512 2121 700 2162 Romani
724 2121 1030 2177 6praetoribus,
1062 2120 1330 2170 consulibus,
1362 2119 1633 2174 imperatori-

179 2182 276 2233 bus,
310 2181 377 2222 M.
408 2179 652 2221 Antonium
673 2178 888 2234 delegisti,
918 2189 962 2220 et
983 2179 1077 2233 ejus
1105 2192 1239 2220 unum
1262 2176 1633 2233 improbissimum

179 2240 363 2290 factum,
397 2238 515 2294 quod
551 2237 794 2279 imitarere?
836 2235 894 2277 Et

222 2373 245 2402 4
265 2380 330 2401 non
355 2378 503 2409 quoeram
518 2366 626 2408 foris]
662 2376 692 2398 v.
722 2366 814 2397 Clav.
849 2367 884 2397 in

169 2412 271 2454 foris.
307 2413 348 2444 ln
362 2415 519 2450 sequente
529 2420 603 2441 cum
617 2411 736 2440 habeas
749 2409 821 2439 edd.
835 2420 884 2450 pr.

181 2457 284 2487 etiam
301 2455 383 2486 Mss.
397 2455 465 2485 fere
479 2453 592 2484 delent
612 2462 702 2489 eum,
718 2451 806 2491 quod
829 2461 886 2483 ne-

182 2500 250 2530 seio
264 2498 352 2528 unde
367 2497 493 2528 editum
508 2496 549 2526 ab
571 2494 655 2527 Aldo
669 2496 728 2525 sit:
753 2503 814 2525 nec
834 2498 886 2524 ta-

182 2551 260 2572 men
286 2541 397 2571 abesse
423 2544 546 2580 potest.
570 2547 744 2578 personam
770 2536 885 2567 Cicero

184 2585 327 2614 mutavit
362 2588 397 2614 et
423 2582 465 2612 ad
500 2580 719 2611 Hortensium
756 2579 886 2616 retulit,

183 2627 262 2665 quia
268 2626 396 2666 =judiees
405 2629 501 2655 erant
512 2623 637 2660 Verris,
646 2623 740 2662 eujus
754 2632 888 2653 causam

184 2669 318 2708 agebat:
352 2668 432 2698 alias
460 2666 576 2697 melius
604 2665 702 2701 foret,
729 2673 805 2695 eum
830 2666 888 2695 Ιια-

186 2711 291 2748 boam,
317 2716 357 2741 ut
383 2710 484 2741 infra:
510 2718 574 2739 non
602 2716 750 2748 quaeram
784 2717 890 2737 exem-

181 2754 279 2794 plum
294 2752 398 2794 jin-is,
424 2754 482 2783 hoc
505 2753 573 2792 ipso
595 2761 634 2781 ex
656 2750 786 2780 consilio
807 2753 890 2780 utar

187 2796 354 2835 exemplis.

230 2841 250 2869 5
276 2837 311 2868 C.
334 2837 614 2868 Marcelle—cum
637 2845 718 2867 esses
732 2844 798 2874 pro
819 2843 891 2864 con-

187 2880 271 2922 sule]
297 2880 334 2911 C.
358 2879 536 2911 Marcellus
560 2887 620 2920 pro
646 2881 788 2920 praetore
808 2884 892 2917 prae-

925 2236 998 2277 hic
1030 2246 1174 2277 utrum
1209 2235 1317 2276 mihi
1356 2233 1533 2276 difficile
1568 2244 1634 2275 est

926 2367 992 2398 fuit
1014 2367 1136 2397 Siciliae
1159 2376 1189 2396 a.
1211 2376 1245 2396 u.
1269 2364 1436 2396 DLXXV.
1462 2364 1549 2404 Quia
1581 2363 1634 2396 hie

927 2419 1054 2450 procos.
1077 2409 1247 2449 praefuisse
1269 2408 1404 2444 dicitur,
1431 2406 1569 2446 Pighius
1595 2406 1636 2437 ad

928 2452 962 2483 h.
990 2463 1019 2483 a.
1052 2451 1252 2492 suspicatur,
1275 2460 1352 2480 eum
1384 2460 1425 2480 ex
1458 2449 1531 2489 lege
1555 2449 1636 2480 Cor·

930 2494 1018 2525 nelia
1031 2494 1208 2534 imperium
1223 2492 1457 2533 proconsulare
1468 2492 1634 2529 habuisse,

927 2541 967 2568 ut
991 2537 1072 2568 aiios
1100 2541 1176 2577 post
1204 2536 1298 2566 illam
1323 2534 1445 2574 legem,
1468 2534 1531 2565 etsi
1558 2545 1634 2575 pro-

928 2582 998 2620 prie
1022 2588 1082 2619 pro
1118 2582 1260 2619 proetore
1296 2581 1417 2608 essent.
1475 2577 1634 2608 Ceterum

930 2622 1057 2662 phrasis
1072 2620 1269 2651 insolentior
1280 2626 1348 2651 est:
1363 2620 1516 2650 usitatius
1529 2620 1612 2650 foret
1625 2631 1632 2649 z

933 2664 1056 2696 Sicilioe
1082 2664 1261 2704 provincia:
1287 2673 1351 2704 pro
1393 2664 1521 2693 com-ule
1549 2671 1636 2702 proe-

922 2706 1041 2748 suisti.

974 2750 994 2780 6
1011 2749 1222 2789 praetoribm,
1244 2748 1442 2787 consulibus]
1469 2748 1522 2778 Sic
1537 2747 1637 2783 edidi,

931 2796 972 2822 ut
984 2797 1034 2823 est
1044 2793 1078 2823 in
1090 2790 1162 2822 edd.
1175 2790 1371 2823 veterrimis.
1385 2790 1639 2821 Proconsulibns

934 2840 1011 2876 post
1025 2845 1043 2866 e
1057 2834 1124 2866 Ms.
1142 2833 1269 2866 Nannii
1283 2833 1410 2867 editum
1423 2837 1484 2864 est.
