1907 3231
281 130 362 165 434
877 124 1126 165 ORATIO

220 240 270 274 64
285 231 459 282 factam,
489 232 558 273 cui
575 231 828 289 periculum
856 232 1021 272 mortis·
1039 231 1096 270 sit
1124 229 1348 286 injectum.
1410 225 1548 270 Istum
1574 227 1719 270 locum

283 289 398 345 fugis
428 299 472 330 et
504 289 771 341 reformidas,
802 297 846 329 et
881 302 950 328 me
980 301 1036 327 ex
1069 287 1166 337 hoc,
1201 295 1250 328 ut
1279 287 1341 328 ita
1372 285 1529 337 dicam,
1560 300 1718 341 campo

282 347 499 403 aequita'ti's
527 347 581 388 ad
603 348 706 388 istas
730 347 956 387 verborum
987 345 1207 399 angustias
1228 353 1273 384 et
1302 344 1355 385 ad
1377 357 1527 384 omnes
1555 342 1719 384 littera·¹

280 418 374 446 rum
404 404 585 461 angulos
615 418 808 445 revocas:
848 402 946 441 84jn
976 400 1028 441 iis
1059 401 1163 457 ipsis
1194 401 1410 443 includere
1440 400 1504 441 vis
1536 399 1720 451 insidiis,

228 455 231 457 ’
279 476 386 517 quas
414 462 522 503 mihi
544 462 711 503 conaris
732 471 966 515 opponere.
1026 457 1128 499 Non
1149 458 1304 513 dejeci,
1333 458 1407 499 sed
1428 457 1553 513 ejeci.
1613 456 1719 498 Per-

278 527 454 560 acutum
491 520 574 560 hoc
603 518 681 558 tibi
710 516 904 557 videtur:
935 515 1008 556 hic
1039 526 1105 556 est
1135 529 1284 556 mucro
1318 515 1580 557 defensionis
1613 523 1718 556 tuae.

277 576 320 616 in
353 591 451 617 eum
485 576 625 632 ipsum
648 588 777 615 causa
805 581 880 613 tua
909 572 1112 623 incurrat,
1142 587 1316 614 necesse
1344 581 1423 614 est.
1483 572 1579 629 Ego
1601 571 1720 613 enim

278 633 358 674 tibi
379 633 539 674 refero:
573 632 606 671 si
637 646 725 672 non
749 644 842 670 sum
864 644 920 670 ex
942 644 993 670 eo
1016 631 1112 671 loco
1133 630 1342 685 dejectus,
1364 644 1451 684 quo
1471 629 1718 686 prohibitus

277 706 370 731 sum
405 689 631 741 accedere;
662 697 707 728 at
736 702 791 728 ex
824 702 875 728 eo
914 702 1009 728 sum
1047 687 1256 743 dejectus,
1286 701 1372 742 quo
1401 687 1575 738 accessi,
1605 686 1719 730 unde

276 747 384 803 fugi.
447 747 491 787 Si
524 751 685 802 praeto'r
714 760 802 786 non
831 745 1035 786 distinxit
1064 745 1221 796 locum,
1243 759 1330 800 quo
1353 758 1421 784 me
1449 744 1616 786 restitui
1642 743 1720 799 ju-

277 805 412 854 beret,
444 812 486 844 et
517 803 683 844 restitui
709 803 866 858 jussit3
898 806 1033 843 85non
1065 817 1158 844 sum
1188 817 1243 843 ex
1273 802 1448 842 decreto
1480 801 1719 843 restitutus.

216 874 265 908 35
280 861 435 912 Velim,
467 870 805 917 recuperatoreS,
835 861 919 902 hoc
948 869 1106 911 totum,
1138 860 1171 900 si
1195 859 1319 900 vobis
1342 859 1571 909 versutius,
1589 867 1720 914 quam

278 933 374 959 mea
393 919 661 960 consuetudo
683 917 941 958 defendendi
965 918 1062 968 fert,
1083 917 1316 967 videbitur,
1341 916 1403 957 sic
1432 916 1716 961 existimetisz

276 977 464 1033 primum
487 976 632 1027 alium,
653 990 739 1017 non
763 989 846 1026 me,
869 976 1166 1030 excogitasse:
1198 974 1353 1015 deinde
1384 973 1517 1029 hujus
1539 973 1718 1016 rationis

276 1048 362 1075 non
385 1034 516 1074 modo
539 1048 625 1074 non
647 1034 933 1083 inventorem,
957 1033 1029 1073 sed
1052 1047 1104 1073 ne
1135 1032 1411 1087 probatorem
1433 1031 1606 1086 quidem
1628 1044 1721 1073 esse

273 1105 367 1133 me:
401 1092 530 1147 idque
551 1105 619 1131 me
641 1105 728 1131 non
752 1090 803 1131 ad
826 1104 967 1130 meam
986 1089 1280 1131 defensionem
1302 1089 1511 1139 attulisse,
1532 1088 1605 1130 sed
1620 1087 1719 1131 *illo*-

275 1162 368 1188 rum
408 1148 648 1189 defensioni
682 1148 901 1189 retulisse:
934 1161 1004 1187 me
1037 1161 1162 1203 posse
1193 1161 1270 1202 pro
1300 1160 1396 1187 meo
1428 1146 1528 1201 jure
1559 1146 1716 1197 dicere,

274 1220 414 1260 neque,
444 1206 487 1246 in
520 1206 600 1246 hac
632 1220 690 1256 re,
714 1220 843 1260 quam
866 1219 947 1261 ego
970 1204 1146 1260 protuli,
1168 1204 1302 1258 quaeri
1326 1213 1541 1260 oportere,
1559 1203 1716 1258 quibus

229 1279 260 1311 b.
278 1264 416 1304 verbis
450 1264 491 1294 86
504 1271 662 1319 praetor
700 1262 987 1313 interdixerit,
1021 1262 1094 1302 sed
1128 1262 1182 1302 de
1213 1276 1300 1316 quo
1338 1261 1442 1302 loco.
1470 1260 1527 1302 sit
1555 1269 1716 1313 actum,

273 1327 372 1361 cum
403 1320 654 1362 interdixit:
685 1334 825 1376 neque
856 1320 899 1360 in
933 1320 972 1360 vi
1004 1329 1265 1360 armatorum
1293 1318 1477 1375 spectari
1496 1327 1714 1374 oportere,

271 1378 317 1418 in
349 1393 436 1433 quo
463 1378 559 1418 loco
591 1378 646 1418 sit
677 1377 792 1418 facta
815 1377 891 1427 vis,
915 1391 1060 1418 verum
1094 1377 1205 1417 sitne
1236 1376 1374 1431 facta:
1409 1385 1451 1417 te
1473 1389 1574 1417 vero
1595 1375 1717 1421 nui-lo

275 1436 406 1476 modo
438 1450 563 1491 posse
597 1435 839 1485 defendere,
872 1435 913 1474 in
948 1450 1033 1490 qua
1066 1449 1109 1475 rc
1143 1445 1187 1474 tu
1222 1434 1340 1485 velis,
1373 1434 1506 1475 verba
1528 1434 1716 1489 *spectari

190 1499 500 1549 goolmrtere:
545 1494 585 1533 in
625 1508 710 1548 qua
748 1507 791 1533 re
831 1492 955 1542 nolis,
993 1507 1078 1533 non
1121 1501 1333 1547 oportere.
1393 1491 1717 1543 Verumtamen,

211 1571 262 1604 36
275 1551 431 1606 ecquid
452 1550 559 1590 mihi
583 1550 865 1605 respondetur
895 1550 947 1590 ad
969 1549 1087 1600 illud,
1110 1550 1225 1604 quod
1250 1559 1382 1590 antea>
1397 1549 1507 1599 dixi,
1528 1562 1615 1590 non
1647 1563 1717 1591 so·

273 1607 362 1648 lum
386 1621 429 1648 re
450 1617 493 1650 et
517 1608 746 1657 sententia,
770 1608 839 1647 sed
865 1608 1006 1647 verbis
1028 1621 1200 1662 quoque
1231 1607 1314 1648 hoc
1345 1606 1623 1648 interdictum
1654 1606 1715 1649 ita

271 1680 363 1706 esse
385 1665 691 1721 compositum,
715 1674 761 1705 ut
784 1664 891 1705 nihil
912 1665 1268 1705 commutandum
1285 1664 1528 1705 videretur?
1557 1662 1716 1706 Atten-

270 1722 360 1763 dite
390 1723 633 1778 diligenter,
655 1737 817 1777 quaeso,
849 1731 1182 1778 recuperatores.
1245 1721 1323 1762 Est
1351 1722 1466 1762 enim
1488 1720 1621 1763 vestri
1648 1721 1716 1763 in·

269 1780 400 1835 genii,
435 1795 519 1820 non
559 1794 713 1829 meam,
753 1780 824 1820 sed
861 1779 1075 1834 majorum
1114 1779 1390 1835 prudentiam
1422 1792 1713 1834 cognosceret

268 1851 354 1877 non
386 1838 500 1878 enim
534 1852 626 1877 sum
662 1837 703 1878 id
736 1837 942 1888 dit-turus,
966 1837 1081 1892 quod
1109 1852 1192 1891 ego
1217 1836 1470 1887 invenerim,
1501 1835 1574 1877 sed
1597 1835 1713 1891 quod

268 1894 361 1935 illos
385 1909 469 1935 non
493 1894 667 1950 fugerit.
730 1895 842 1935 Cum
866 1895 918 1935 de
942 1895 983 1934 vi
1016 1894 1302 1945 interdicitur,
1323 1894 1410 1935 duo
1432 1907 1593 1950 genera·
1610 1908 1712 1936 can-

267 1967 408 1993 sarum
445 1967 536 1993 csse
575 1951 888 2008 intelligebant,
917 1952 969 1992 ad
1001 1967 1098 2007 quae
1136 1952 1415 1993 interdictum
1450 1951 1712 2007 pertineret:

267 2008 416 2060 unuin,
446 2011 479 2050 si
504 2010 577 2065 qui
608 2025 663 2050 ex
695 2024 745 2050 co
768 2009 879 2059 loco,
914 2010 957 2050 in
990 2024 1077 2064 quo
1110 2020 1246 2051 esset:
1279 2009 1475 2060 alterum,
1504 2008 1542 2050 si
1573 2009 1629 2050 ab
1658 2023 1710 2050 eo

267 2066 378 2118 loco,
412 2082 499 2123 quo
533 2067 710 2117 veniret,
744 2067 783 2107 vi
812 2067 1005 2122 dejectus
1038 2077 1173 2109 esset:
1206 2077 1248 2108 et
1282 2067 1434 2108 horum
1466 2076 1712 2123 utrumque,

267 2138 405 2180 neque
440 2134 647 2181 praetcrca
679 2124 930 2179 quidquam,
962 2133 1106 2180 potest
1135 2125 1344 2176 accidere,
1376 2133 1711 2180 recuperatore&

204 2193 254 2232 37
270 2181 319 2223 ld
342 2183 463 2233 adeo,
487 2183 520 2223 si
545 2182 699 2238 placet,
720 2182 1003 2223 considerate.
1044 2184 1089 2224 Si
1112 2183 1184 2238 qui
1209 2196 1347 2223 meam
1372 2181 1581 2224 familiam
1603 2184 1643 2225 87
1657 2182 1711 2223 de

267 2254 362 2281 meo
386 2240 521 2280 fundo
545 2240 764 2295 dejecerit,
787 2254 841 2280 ex
874 2254 924 2280 eo
958 2254 1026 2279 me
1056 2240 1151 2281 loco
1183 2240 1404 2295 dejecerit.
1436 2239 1471 2280 si
1498 2239 1572 2294 qui
1604 2238 1711 2280 mihi

265 2307 425 2352 praesto
449 2297 578 2338 fuerit
601 2312 698 2338 cum
723 2297 898 2338 armatis
930 2296 1179 2338 hominibus
1203 2306 1327 2338 extra
1348 2311 1491 2338 meum
1515 2296 1712 2348 fundum,

264 2364 308 2395 ct
338 2369 406 2395 me
438 2355 615 2396 introire
647 2354 943 2411 prohibuerit:
976 2369 1063 2395 non
1094 2370 1149 2396 ex
1172 2370 1239 2407 co,
1262 2355 1335 2396 sed
1366 2355 1420 2395 ab
1452 2368 1503 2395 eo
1525 2353 1621 2394 loco
1643 2367 1714 2394 me

306 2487 347 2515 84
368 2486 403 2515 in
418 2486 467 2515 Ιιίε
481 2485 558 2526 Ipsis
570 2485 737 2516 includere
751 2486 800 2516 vis
821 2485 960 2525 insidiis]
1007 2486 1228 2522 interdiserit,
1244 2489 1283 2516 ut
1297 2483 1435 2526 quilibet
1451 2483 1548 2515 facile
1570 2483 1710 2514 sentiet:

265 2528 317 2557 Sic
330 2528 414 2558 edidi
431 2539 472 2558 ex
484 2527 533 2558 ed.
547 2528 600 2558 W.
616 2528 714 2565 unde,
730 2533 767 2558 ut
784 2528 860 2564 alia,
875 2537 964 2558 sum-
1008 2538 1085 2559 nam
1122 2535 1158 2558 et
1194 2528 1364 2568 sequitur:
1399 2527 1440 2558 de
1472 2536 1533 2567 quo
1569 2527 1634 2556 loeo
1667 2527 1712 2563 si(

262 2571 306 2600 sit
327 2570 479 2600 sumina.
523 2571 666 2601 Verbum
691 2573 738 2601 vis
761 2571 869 2600 neseio
883 2580 965 2610 quo·
1007 2576 1137 2604 actum.-
1162 2579 1230 2601 non
1255 2575 1369 2600 actum
1386 2572 1443 2600 est.
1488 2569 1640 2599 Proxime
1663 2578 1714 2600 re.-

262 2612 359 2642 modo
373 2613 494 2642 excidit
510 2624 527 2643 e
545 2623 631 2652 seqq.
647 2613 859 2649 editionibus,
875 2612 962 2651 quod
1006 2619 1058 2644 cte
1078 2620 1128 2643 est
1149 2613 1333 2649 interdim't,
1354 2617 1389 2642 et
1414 2610 1446 2642 id
1471 2611 1575 2642 errori
1599 2609 1711 2642 locum

260 2658 374 2684 tamen
400 2654 452 2685 hic
480 2655 590 2686 abesse
615 2665 683 2685 non
712 2660 832 2696 potest.
876 2655 961 2686 Edd.
1007 2655 1136 2686 videtur
1150 2656 1274 2686 fecisse.

261 2697 300 2729 R.
315 2697 370 2727 ΒΓ.
387 2698 444 2727 &c.
458 2698 687 2728 intercludere.
1047 2702 1086 2731 87
1111 2698 1150 2728 de
1164 2707 1233 2728 meo
1239 2696 1353 2738 fundo
1367 2694 1534 2737 dejecerit]
1561 2694 1627 2726 Hie
1640 2705 1713 2727 riu·-

303 2742 342 2769 85
365 2748 428 2768 non
446 2749 519 2770 sum
535 2750 576 2770 ex
595 2739 735 2778 decreto]
761 2739 886 2770 Rursus
908 2740 962 2772 hic
1004 2750 1058 2771 sus
1073 2739 1222 2771 Graevius
1245 2739 1347 2770 edidit
1362 2740 1531 2778 delegerit.
1576 2737 1637 2769 Ed.
1654 2738 1709 2771 W.

262 2780 296 2812 ἲ).
313 2781 485 2811 Manutius
499 2792 539 2812 ea·
553 2783 663 2813 edicto.
679 2793 709 2812 v.
726 2791 833 2822 supra.
1004 2782 1058 2814 hic
1072 2782 1172 2815 habet
1188 2781 1352 2825 dejecerit.
1365 2792 1396 2814 v.
1409 2791 1508 2824 supra
1521 2778 1564 2813 ad
1576 2790 1606 2813 c.
1620 2783 1674 2822 27.

300 2824 341 2855 36
365 2832 423 2866 pr,
449 2825 635 2868 interdixit]
667 2823 883 2858 Scribendum
911 2830 962 2857 est
1145 2847 1150 2851 -
