1907 3231
362 140 387 177 ⁶
920 131 1198 182 ‘ona'rio

366 258 442 301 pro
466 244 596 301 ipsius
627 247 848 288 affinitate.
872 261 968 288 nam
994 248 1042 289 P.
1067 249 1237 296 Quintii
1260 249 1561 292 consobrinam
1592 247 1727 290 habet
1748 247 1791 288 iri

365 302 638 343 matrimonio
663 304 854 353 Naevius,
876 314 916 344 et
950 319 1002 346 ex
1033 320 1083 346 ea
1113 306 1280 346 liberos.
1341 307 1470 357 Quia,
1503 306 1615 361 quod
1652 305 1790 345 virum

367 359 526 399 bonum
567 360 703 401 facere
736 362 974 416 oportebat,
1008 363 1047 402 id
1090 362 1340 418 loquebatur
1379 363 1579 413 Nzevius3
1609 360 1793 402 credidit

368 415 587 463 Quintius,
621 432 732 465 cum,
767 418 838 472 qui
878 419 1115 459 orationem
1151 421 1357 460 bonorum
1389 421 1641 469 imitaretur,
1676 418 1792 459 facta

368 487 538 527 quoque
572 475 849 515 imitaturum.
889 477 1129 517 auctionem
1164 475 1268 516 velle
1306 476 1444 517 faeere
1475 476 1665 517 desistit:
1702 474 1792 515 Ro*

370 543 481 568 main
515 531 819 585 proficiscitur:
852 530 1020 573 decedit
1051 547 1103 573 ex
1137 532 1278 573 Gallia
1310 533 1491 573 Romam
1528 532 1652 573 simul
1687 531 1790 572 Nae-

310 582 477 625 17vius.
538 588 648 627 Cum
683 589 904 643 pecuniam
933 589 983 629 C.
1008 589 1212 636 Quintius
1249 589 1298 630 P.
1322 590 1516 645 Scapulae
1550 588 1792 639 debuisset,

371 657 444 697 per
478 653 532 692 te,
564 644 615 684 C.
647 645 821 699 Aquilli,
853 645 1013 687 decidit
1047 646 1094 686 l’.
1126 645 1345 696 Quintius,
1378 647 1492 702 quod
1523 645 1666 686 liberis
1697 643 1789 699 ejus

370 699 631 741 dissolveret.
670 701 768 742 Hoc
790 715 841 741 co
863 716 937 757 per
959 712 1000 743 te
1022 704 1244 758 agebatur,
1266 703 1380 758 quod
1404 712 1578 758 propter
1597 701 1791 742 aerariam

371 757 575 797 rationein
603 773 687 798 non
719 759 818 798 satis
841 770 927 799 erat
961 761 1003 800 in
1028 755 1182 800 tabulis
1213 759 1468 816 inspexisse,
1488 768 1696 814 quantum
1717 757 1791 798 de-

326 810 553 863 bberetur,
575 816 615 844 ‘2¹2
630 815 706 855 nisi
741 816 792 856 ad
818 815 1006 857 Castoris
1040 818 1274 872 ‹3112esi=s‹·t,
1306 825 1512 871 quantum
1541 815 1791 857 solveretur.

354 868 547 922 ‘Decidis
578 873 810 927 statuisque
844 884 903 922 tu,
926 876 1152 930 2³pr‹›pter
1186 873 1554 923 necessitudinem,
1583 886 1680 927 quae
1710 871 1790 913 tibi

325 918 467 967 5cum
500 928 692 982 Scapulis
722 938 799 979 est,
829 930 931 984 quid
963 931 1013 971 iis
1043 931 1094 971 ad
1124 932 1342 971 denarium
1375 930 1620 970 solveretur.
1680 927 1792 970 Haec

311 991 357 1028 18
372 984 514 1024 omnia
537 985 740 1031 Quintiis
763 987 931 1041 agebat,
954 1000 1127 1028 auctore
1151 997 1194 1028 et
1215 1000 1469 1028 consuasore
1494 985 1663 1027 Naevio.
1698 985 1790 1026 Nee

369 1041 538 1089 mirum,
562 1041 594 1081 si
618 1042 708 1096 ejus
733 1044 930 1083 utebatur
951 1044 1144 1093 consilio,
1166 1043 1288 1098 cujus
1318 1044 1525 1084 auxilium
1556 1043 1637 1083 sibi
1669 1056 1791 1098 parad

370 1106 458 1136 tum
484 1099 676 1153 putabat.
701 1113 782 1139 non
810 1100 937 1140 modo
959 1101 1072 1141 enim
1106 1100 1318 1156 pollicitus
1340 1110 1429 1141 erat
1456 1101 1498 1141 in
1523 1099 1690 1150 Gallia3
1721 1099 1792 1141 sed

369 1152 522 1194 Roma·
546 1155 751 1208 quotidie,
773 1158 812 1187 2⁴
827 1157 948 1198 simul
980 1167 1107 1213 atquc
1137 1157 1217 1198 sibi
1242 1158 1310 1198 hic
1343 1158 1573 1207 annuisset,
1596 1166 1792 1197 numera-

369 1219 508 1250 turum
536 1226 578 1251 se
600 1212 783 1253 (licebat.
844 1213 1048 1259 Quintius
1072 1229 1197 1270 porro
1220 1215 1348 1255 istum
1374 1227 1495 1269 posse
1516 1213 1655 1254 facere
1675 1213 1793 1254 vide-

370 1267 468 1318 bat3
496 1267 652 1308 debere
684 1269 971 1326 intelligebat:
1004 1271 1189 1322 mentiri,
1211 1272 1312 1326 quia
1332 1285 1473 1321 eausa,
1496 1284 1570 1311 cur
1590 1269 1792 1311 mentire-

370 1333 452 1374 tur,
483 1339 568 1365 non
598 1335 701 1375 erat,
736 1338 817 1367 non
852 1329 1043 1383 putabat.
1075 1329 1192 1384 quasi
1225 1328 1339 1369 domi
1373 1341 1570 1368 nummos
1600 1327 1790 1377 haberet,

371 1380 431 1420 ita
450 1382 671 1422 constituit
697 1383 888 1439 Scapulis
919 1399 962 1426 se
984 1385 1195 1425 daturum.
1257 1385 1462 1425 Naevium
1484 1383 1707 1425 certiorem
1730 1383 1794 1424 fa-

311 1436 358 1476 19
371 1438 454 1478 cit:
488 1450 624 1494 rogat,
647 1450 694 1479 ut
724 1450 856 1491 curet,
879 1442 991 1496 quod
1023 1443 1217 1483 dixisset.
1276 1441 1386 1482 Tum
1418 1441 1496 1482 iste
1518 1440 1583 1481 vir
1603 1439 1791 1496 optimus

368 1498 549 1545 (vereor,
572 1511 624 1536 ne
651 1511 694 1536 se
727 1497 905 1538 derideri
938 1509 1072 1554 putet,
1095 1499 1206 1553 quod
1243 1499 1393 1539 iterum
1422 1496 1515 1552 jam
1544 1497 1656 1548 dico,
1679 1497 1792 1553 opti⁴

368 1553 496 1601 mus,)
519 1553 590 1606 qui
615 1553 727 1594 hunc
750 1554 790 1593 in
816 1570 999 1596 summas
1027 1556 1244 1611 angustias
1267 1555 1497 1596 adductum
1520 1562 1713 1610 putaret3
1744 1561 1793 1594 ut

364 1621 460 1648 eum
486 1610 570 1649 suis
592 1611 910 1652 conditionibus
934 1613 973 1653 in
1002 1613 1094 1669 ipso
1117 1612 1295 1653 articulo
1319 1612 1522 1667 temporis
1553 1610 1791 1666 adstringe,

366 1675 442 1714 ret,
467 1680 597 1706 assem
627 1681 716 1707 sese
750 1678 879 1724 negat
910 1670 1121 1720 daturum,
1145 1669 1225 1710 nisi
1257 1669 1372 1724 prius
1394 1670 1447 1709 de
1469 1670 1593 1709 rebus
1616 1667 1792 1708 rationi·

367 1721 529 1776 busque
559 1724 773 1764 societatis
804 1727 1002 1767 omnibus
1032 1726 1283 1777 decidissetg
1314 1736 1358 1767 et
1391 1727 1553 1775 scisset,
1581 1724 1662 1765 sibi
1691 1738 1790 1765 cum

365 1777 548 1824 Quintio
571 1782 871 1823 controversiae
896 1783 1000 1824 nihil
1023 1783 1228 1824 futurum.
1276 1782 1508 1833 Posterius,
1532 1781 1686 1837 inquit,
1708 1781 1791 1822 ista

364 1835 618 1887 videbimus,
643 1837 872 1883 Quintius:
895 1854 1009 1881 nunc
1032 1840 1114 1881 hoe
1137 1840 1261 1880 velim
1285 1854 1406 1880 cures
1424 1840 1477 1891 (si
1500 1838 1580 1880 tibi
1604 1837 1790 1889 videtur)

364 1892 477 1945 quod
505 1893 667 1934 dixisti.
730 1895 873 1951 Negat
906 1911 949 1937 se
979 1897 1061 1937 alia
1094 1898 1256 1937 ratione
1289 1896 1516 1947 facturum,
1544 1895 1660 1950 quod
1691 1908 1790 1950 pro-

363 1948 569 1991 misisset:
602 1965 686 1992 non
720 1951 812 2008 plus
841 1967 915 1994 sua
940 1953 1106 2006 referre,
1129 1968 1255 2010 quam
1288 1954 1337 2004 si,
1361 1967 1458 1994 eum
1491 1954 1531 1984 25
1544 1951 1789 1994 auctionem

403 2080 444 2109 25>
459 2081 519 2109 nisi
532 2081 578 2110 ad
595 2081 733 2112 Gtstoris
746 2084 917 2123 qumis-set]
935 2085 981 2114 ad
996 2084 1055 2115 ἂι-
1098 2085 1197 2115 hante
1220 2083 1402 2123 Lambino;
1426 2084 1486 2114 nisi
1506 2083 1664 2124 φηθεὶς-εει
1676 2088 1695 2114 e
1711 2090 1790 2113 con·

360 2122 613 2153 stmisedAVaet
625 2124 703 2154 Mss.
714 2125 820 2164 plures
832 2128 988 2166 ap.Grut.
1002 2127 1055 2157 ln-
1098 2127 1258 2158 tractione
1277 2128 1401 2157 factum
1419 2131 1480 2162 est,
1495 2126 1587 2164 cujus
1605 2129 1640 2155 et
1658 2123 1723 2155 alia
1735 2134 1790 2154 ex-

360 2162 465 2201 telligi
478 2171 507 2193 et
525 2166 677 2205 explicari
696 2174 802 2206 potest
818 2179 835 2198 e
848 2169 938 2199 Verr.
962 2169 988 2205 1,
1004 2172 1055 2203 49.
1098 2170 1206 2208 cmpla
1220 2172 1336 2199 notata
1345 2175 1436 2205 sunt,
1448 2177 1507 2208 pro
1518 2167 1687 2207 quoesitum
1698 2169 1790 2203 esset,

361 2213 457 2242 quare
478 2206 520 2235 ibi
545 2208 684 2237 maxime
705 2208 743 2238 de
767 2210 891 2241 ratione
933 2212 1057 2241 ecunioe
1100 2211 1183 2250 quod
1197 2214 1230 2240 et
1246 2211 1361 2241 melius
1373 2210 1526 2241 convenit
1538 2208 1746 2248 sequentibus
1758 2217 1788 2248 q.

361 2254 569 2283 quaereretur.
594 2248 636 2279 Et
649 2256 720 2280 erat
732 2261 770 2280 ea
785 2251 866 2282 mdes
932 2253 1050 2289 sonim,
1095 2255 1283 2289 sulm-etur,
1312 2262 1429 2293 nempe
1458 2251 1595 2292 pecunia
1626 2250 1789 2286 Romam,

360 2288 415 2317 ubi
443 2292 549 2320 omnis
575 2299 624 2321 res
645 2293 829 2331 pecuniaria
853 2294 1052 2331 versabatur,
1095 2305 1169 2325 cum
1186 2304 1316 2325 summa
1333 2293 1480 2335 pecuniae
1493 2293 1528 2323 in
1538 2291 1660 2323 tabulis
1673 2297 1758 2322 esset
1771 2301 1790 2322 e

361 2337 493 2370 propter
518 2335 731 2371 argentarios,
757 2335 810 2374 qui
839 2336 882 2366 ibi
910 2338 1052 2367 stabant.
1095 2336 1228 2366 Gallicae
1240 2337 1386 2376 pecuniae
1400 2336 1534 2366 ratione.
1545 2345 1575 2365 v.
1585 2333 1675 2365 elav.
1688 2333 1723 2364 in
1734 2332 1788 2364 de-

363 2370 475 2410 naque
501 2373 656 2413 Quintius
678 2386 716 2404 eo
739 2376 907 2407 advocasse
928 2378 1054 2408 videtur
1096 2380 1220 2408 narius.
1265 2377 1304 2408 ln
1317 2378 1378 2408 hac
1397 2377 1601 2408 dubitatione
1619 2375 1702 2406 nihil
1717 2385 1787 2406 mu·

361 2413 494 2450 amicos,
518 2417 550 2445 in
574 2416 622 2446 hi;
643 2417 837 2456 Aquinium,
859 2425 895 2448 ut
912 2430 984 2449 cum
1003 2420 1052 2450 his
1095 2426 1164 2451 tare
1178 2420 1328 2450 sustinui.

360 2464 462 2491 (μυξη
472 2464 531 2491 ret,
553 2459 629 2497 quid
653 2460 797 2498 Scapulis
819 2461 859 2491 ad
884 2460 1051 2492 denarium
1137 2464 1176 2493 23
1193 2466 1326 2502 propter
1342 2470 1454 2491 necess.
1470 2470 1499 2500 q.
1511 2464 1535 2490 t.
1549 2469 1624 2490 cum
1636 2458 1788 2500 ScaImlis

360 2495 543 2535 deberetur,
571 2507 605 2530 et
632 2501 790 2540 Aquillius
818 2501 857 2533 de
885 2505 1050 2534 communi
1094 2504 1154 2543 est]
1180 2503 1242 2535 vid.
1257 2504 1346 2534 clav.
1362 2503 1394 2533 in
1410 2500 1453 2533 P.
1467 2502 1622 2542 Scapula.

360 2540 525 2570 sententia
539 2543 701 2579 statuisse,
718 2551 877 2582 quantum
897 2545 1052 2585 Quintius
1137 2548 1177 2576 94
1197 2546 1297 2576 simul
1320 2549 1416 2584 atque
1441 2544 1500 2575 sibi
1527 2545 1578 2574 lu’c
1603 2541 1698 2582 anm]
1721 2541 1788 2574 Ms.

360 2579 500 2611 deberet.
524 2592 552 2611 v.
576 2583 690 2614 Lamb.
713 2585 754 2616 ad
773 2587 805 2617 h.
821 2586 844 2616 l.
888 2587 950 2617 Pro
970 2597 1009 2617 eo
1029 2598 1051 2618 a
1094 2588 1162 2618 Pal.
1177 2597 1228 2627 ap.
1243 2587 1338 2617 Grut.
1353 2587 1452 2616 simul
1463 2586 1515 2616 hic
1523 2586 1594 2616 ima.
1607 2585 1785 2625 eleganter.

360 2619 580 2660 ,Quoestoribus
596 2625 715 2656 liabent
737 2628 809 2658 aliae
828 2624 898 2658 edd.
913 2634 993 2659 vett.
1017 2634 1051 2660 et
1093 2628 1207 2660 Lamb.
1235 2629 1335 2659 edidit
1369 2628 1542 2658 innuisset:
1577 2636 1649 2666 quae
1681 2626 1788 2657 forma

360 2661 439 2692 Mss.
474 2665 614 2703 quidam.
661 2668 815 2705 Dixisset,
852 2674 891 2700 ut
923 2672 1050 2710 opinor,
1093 2676 1143 2701 est
1179 2671 1334 2701 usitatior
1374 2669 1408 2700 in
1441 2679 1536 2700 sensu
1568 2667 1786 2708 significandi,

358 2705 450 2744 apud
459 2708 626 2738 ararium.
663 2709 745 2739 Orta
759 2718 806 2741 est
822 2714 1001 2752 corruptio,
1015 2720 1052 2743 ut
1095 2723 1190 2752 quam
1211 2723 1356 2743 annuere
1366 2725 1374 2741 :
1396 2711 1450 2741 sed
1466 2711 1638 2742 discrimen
1652 2709 1784 2749 vulgare

359 2746 488 2792 opinor,
502 2759 520 2778 e
537 2750 805 2789 praecedentibus,
825 2755 979 2785 aerariam
996 2765 1051 2786 ra-
1095 2764 1160 2785 nou
1190 2760 1240 2784 est
1265 2760 1402 2785 eertum.
1443 2753 1535 2783 Verr.
1564 2751 1625 2789 ΠΙ,
1650 2755 1702 2786 91.
1724 2751 1786 2782 hoe

358 2791 489 2823 nonem,
503 2791 589 2829 quod
600 2792 639 2822 ad
651 2795 800 2824 aerarium
814 2800 938 2826 traxere
953 2797 1052 2836 impe-
1093 2797 1291 2837 significasse
1302 2800 1332 2826 ee
1347 2795 1498 2826 annuisse
1508 2795 1595 2824 visus
1605 2798 1663 2824 est.

361 2830 533 2861 riti—Pro
547 2835 704 2871 quoesisset
719 2841 828 2866 autem
845 2837 1050 2869 scribendum
1136 2841 1176 2870 95
1198 2839 1378 2869 auctionem
1413 2835 1575 2874 venderet]
1613 2835 1675 2866 Ms.
1719 2832 1788 2864 Pal·

358 2873 530 2911 quoen'sees,
546 2882 582 2905 ut
599 2875 701 2906 voluit
719 2877 962 2917 Hotomannus,
979 2890 1051 2921 pro—
1094 2880 1180 2911 idem
1205 2880 1353 2910 auctione
1378 2889 1408 2909 v.
1435 2884 1473 2910 ut
1496 2878 1626 2909 volebat
1648 2877 1786 2908 Hotom.
