<?xml version="1.0" encoding="UTF-8"?>
<!DOCTYPE html PUBLIC "-//W3C//DTD XHTML 1.0 Transitional//EN"
    "http://www.w3.org/TR/xhtml1/DTD/xhtml1-transitional.dtd">
<html xmlns="http://www.w3.org/1999/xhtml" xml:lang="en" lang="en">
 <head>
  <title>
</title>
<meta http-equiv="Content-Type" content="text/html;charset=utf-8" />
  <meta name='ocr-system' content='tesseract 3.04.00' />
  <meta name='ocr-capabilities' content='ocr_page ocr_carea ocr_par ocr_line ocrx_word'/>
</head>
<body>
  <div class='ocr_page' id='page_1' title='image "./p1operaomnia02ciceuoft_0276.png"; bbox 0 0 1907 3231; ppageno 0'>
   <div class='ocr_carea' id='block_1_1' title="bbox 314 119 1220 159">
    <p class='ocr_par' dir='ltr' id='par_1_1' title="bbox 314 119 1220 159">
     <span class='ocr_line' id='line_1_1' title="bbox 314 119 1220 159; baseline 0.004 -4"><span class='ocrx_word' id='word_1_1' title='bbox 314 120 390 155; x_wconf 70' lang='lat'>252</span> <span class='ocrx_word' id='word_1_2' title='bbox 850 119 919 158; x_wconf 91' lang='lat' dir='ltr'>IN</span> <span class='ocrx_word' id='word_1_3' title='bbox 945 119 1220 159; x_wconf 84' lang='lat' dir='ltr'>VERREM</span> 
     </span>
    </p>
   </div>
   <div class='ocr_carea' id='block_1_2' title="bbox 182 221 1742 2505">
    <p class='ocr_par' dir='ltr' id='par_1_2' title="bbox 302 221 1742 394">
     <span class='ocr_line' id='line_1_2' title="bbox 315 221 1741 282; baseline 0.004 -21"><span class='ocrx_word' id='word_1_4' title='bbox 315 228 493 262; x_wconf 83' lang='lat' dir='ltr'>stratum</span> <span class='ocrx_word' id='word_1_5' title='bbox 512 238 520 264; x_wconf 90' lang='lat'>:</span> <span class='ocrx_word' id='word_1_6' title='bbox 554 221 588 263; x_wconf 89' lang='lat' dir='ltr'>si</span> <span class='ocrx_word' id='word_1_7' title='bbox 609 221 721 264; x_wconf 85' lang='lat' dir='ltr'>hanc</span> <span class='ocrx_word' id='word_1_8' title='bbox 744 223 829 264; x_wconf 86' lang='lat' dir='ltr'>vim</span> <span class='ocrx_word' id='word_1_9' title='bbox 852 224 1045 275; x_wconf 87' lang='lat' dir='ltr'>adhibes,</span> <span class='ocrx_word' id='word_1_10' title='bbox 1067 225 1170 281; x_wconf 90' lang='lat' dir='ltr'>quid</span> <span class='ocrx_word' id='word_1_11' title='bbox 1191 238 1299 282; x_wconf 91' lang='lat' dir='ltr'>opus</span> <span class='ocrx_word' id='word_1_12' title='bbox 1320 232 1385 266; x_wconf 88' lang='lat' dir='ltr'>est</span> <span class='ocrx_word' id='word_1_13' title='bbox 1406 223 1600 280; x_wconf 83' lang='lat' dir='ltr'>judicio?</span> <span class='ocrx_word' id='word_1_14' title='bbox 1631 224 1741 273; x_wconf 76' lang='lat' dir='ltr'>Quis</span> 
     </span>
     <span class='ocr_line' id='line_1_3' title="bbox 313 280 1742 339; baseline 0.003 -20"><span class='ocrx_word' id='word_1_15' title='bbox 313 291 443 333; x_wconf 85' lang='lat' dir='ltr'>porro</span> <span class='ocrx_word' id='word_1_16' title='bbox 464 280 558 330; x_wconf 90' lang='lat' dir='ltr'>erit,</span> <span class='ocrx_word' id='word_1_17' title='bbox 580 282 652 335; x_wconf 92' lang='lat' dir='ltr'>qui</span> <span class='ocrx_word' id='word_1_18' title='bbox 685 295 771 321; x_wconf 90' lang='lat' dir='ltr'>non</span> <span class='ocrx_word' id='word_1_19' title='bbox 803 281 925 322; x_wconf 85' lang='lat' dir='ltr'>malit</span> <span class='ocrx_word' id='word_1_20' title='bbox 953 281 1200 323; x_wconf 86' lang='lat' dir='ltr'>decumanis</span> <span class='ocrx_word' id='word_1_21' title='bbox 1222 282 1306 323; x_wconf 87' lang='lat' dir='ltr'>tuis</span> <span class='ocrx_word' id='word_1_22' title='bbox 1336 282 1449 332; x_wconf 88' lang='lat' dir='ltr'>dare,</span> <span class='ocrx_word' id='word_1_23' title='bbox 1470 282 1584 337; x_wconf 92' lang='lat' dir='ltr'>quod</span> <span class='ocrx_word' id='word_1_24' title='bbox 1606 296 1742 339; x_wconf 88' lang='lat' dir='ltr'>popo-</span> 
     </span>
     <span class='ocr_line' id='line_1_4' title="bbox 302 336 1564 394; baseline 0.003 -18"><span class='ocrx_word' id='word_1_25' title='bbox 302 336 457 386; x_wconf 76' lang='lat' dir='ltr'>scerit,</span> <span class='ocrx_word' id='word_1_26' title='bbox 479 351 608 391; x_wconf 87' lang='lat' dir='ltr'>quam</span> <span class='ocrx_word' id='word_1_27' title='bbox 630 339 683 378; x_wconf 83' lang='lat' dir='ltr'>ab</span> <span class='ocrx_word' id='word_1_28' title='bbox 706 337 874 378; x_wconf 88' lang='lat' dir='ltr'>asseclis</span> <span class='ocrx_word' id='word_1_29' title='bbox 897 338 980 378; x_wconf 88' lang='lat' dir='ltr'>tuis</span> <span class='ocrx_word' id='word_1_30' title='bbox 1002 338 1238 394; x_wconf 90' lang='lat' dir='ltr'>quadruplo</span> <span class='ocrx_word' id='word_1_31' title='bbox 1261 338 1564 380; x_wconf 85' lang='lat' dir='ltr'>condemnari?</span> 
     </span>
    </p>

    <p class='ocr_par' dir='ltr' id='par_1_3' title="bbox 235 391 1740 452">
     <span class='ocr_line' id='line_1_5' title="bbox 235 391 1740 452; baseline 0.002 -19"><span class='ocrx_word' id='word_1_32' title='bbox 235 396 306 444; x_wconf 80' lang='grc'>14,</span> <span class='ocrx_word' id='word_1_33' title='bbox 375 391 453 434; x_wconf 84' lang='lat' dir='ltr'>Illa</span> <span class='ocrx_word' id='word_1_34' title='bbox 473 408 573 434; x_wconf 86' lang='lat' dir='ltr'>vero</span> <span class='ocrx_word' id='word_1_35' title='bbox 594 395 799 450; x_wconf 83' lang='lat' dir='ltr'>praeclara</span> <span class='ocrx_word' id='word_1_36' title='bbox 823 403 887 434; x_wconf 90' lang='lat' dir='ltr'>est</span> <span class='ocrx_word' id='word_1_37' title='bbox 915 394 1104 435; x_wconf 79' lang='lat' dir='ltr'><strong>clausula</strong></span> <span class='ocrx_word' id='word_1_38' title='bbox 1123 396 1268 447; x_wconf 86' lang='lat' dir='ltr'>edicti,</span> <span class='ocrx_word' id='word_1_39' title='bbox 1289 396 1402 452; x_wconf 87' lang='lat' dir='ltr'>quod</span> <span class='ocrx_word' id='word_1_40' title='bbox 1425 396 1617 437; x_wconf 85' lang='lat' dir='ltr'>omnium</span> <span class='ocrx_word' id='word_1_41' title='bbox 1637 408 1740 436; x_wconf 90' lang='lat' dir='ltr'>con-</span> 
     </span>
    </p>

    <p class='ocr_par' dir='ltr' id='par_1_4' title="bbox 253 450 1740 679">
     <span class='ocr_line' id='line_1_6' title="bbox 253 450 1740 506; baseline 0.003 -18"><span class='ocrx_word' id='word_1_42' title='bbox 253 468 303 502; x_wconf 85' lang='lat'>35</span> <span class='ocrx_word' id='word_1_43' title='bbox 318 450 632 500; x_wconf 81' lang='lat' dir='ltr'>troversiarum,</span> <span class='ocrx_word' id='word_1_44' title='bbox 668 466 763 506; x_wconf 84' lang='lat' dir='ltr'>quae</span> <span class='ocrx_word' id='word_1_45' title='bbox 796 460 937 491; x_wconf 79' lang='lat' dir='ltr'>essent</span> <span class='ocrx_word' id='word_1_46' title='bbox 974 451 1084 492; x_wconf 91' lang='lat' dir='ltr'>inter</span> <span class='ocrx_word' id='word_1_47' title='bbox 1120 462 1328 494; x_wconf 85' lang='lat' dir='ltr'>aratorem</span> <span class='ocrx_word' id='word_1_48' title='bbox 1361 462 1404 494; x_wconf 88' lang='lat' dir='ltr'>et</span> <span class='ocrx_word' id='word_1_49' title='bbox 1440 454 1740 503; x_wconf 85' lang='lat' dir='ltr'>decumanum,</span> 
     </span>
     <span class='ocr_line' id='line_1_7' title="bbox 315 506 1740 564; baseline 0.002 -18"><span class='ocrx_word' id='word_1_50' title='bbox 315 506 349 546; x_wconf 90' lang='lat' dir='ltr'>si</span> <span class='ocrx_word' id='word_1_51' title='bbox 384 515 477 548; x_wconf 84' lang='lat' dir='ltr'>uter</span> <span class='ocrx_word' id='word_1_52' title='bbox 508 507 625 557; x_wconf 79' lang='lat' dir='ltr'>velit,</span> <span class='ocrx_word' id='word_1_53' title='bbox 655 508 800 558; x_wconf 73' lang='lat' dir='ltr'>eflicit,</span> <span class='ocrx_word' id='word_1_54' title='bbox 834 522 877 548; x_wconf 89' lang='lat' dir='ltr'>se</span> <span class='ocrx_word' id='word_1_55' title='bbox 909 517 1225 564; x_wconf 84' lang='lat' dir='ltr'>recuperatores</span> <span class='ocrx_word' id='word_1_56' title='bbox 1257 510 1470 551; x_wconf 85' lang='lat' dir='ltr'>daturum.</span> <span class='ocrx_word' id='word_1_57' title='bbox 1531 509 1740 560; x_wconf 88' lang='lat' dir='ltr'>Primum,</span> 
     </span>
     <span class='ocr_line' id='line_1_8' title="bbox 313 565 1740 624; baseline 0.001 -21"><span class='ocrx_word' id='word_1_58' title='bbox 313 577 410 618; x_wconf 85' lang='lat' dir='ltr'>quae</span> <span class='ocrx_word' id='word_1_59' title='bbox 450 573 591 619; x_wconf 87' lang='lat' dir='ltr'>potest</span> <span class='ocrx_word' id='word_1_60' title='bbox 625 578 716 604; x_wconf 88' lang='lat' dir='ltr'>esse</span> <span class='ocrx_word' id='word_1_61' title='bbox 748 565 1053 616; x_wconf 82' lang='lat' dir='ltr'>controversia,</span> <span class='ocrx_word' id='word_1_62' title='bbox 1088 579 1187 606; x_wconf 86' lang='lat' dir='ltr'>cum</span> <span class='ocrx_word' id='word_1_63' title='bbox 1219 566 1269 617; x_wconf 91' lang='lat' dir='ltr'>is,</span> <span class='ocrx_word' id='word_1_64' title='bbox 1304 567 1375 621; x_wconf 91' lang='lat' dir='ltr'>qui</span> <span class='ocrx_word' id='word_1_65' title='bbox 1414 575 1559 624; x_wconf 85' lang='lat' dir='ltr'>petere</span> <span class='ocrx_word' id='word_1_66' title='bbox 1595 566 1740 616; x_wconf 90' lang='lat' dir='ltr'>debet,</span> 
     </span>
     <span class='ocr_line' id='line_1_9' title="bbox 312 621 1738 679; baseline 0.003 -19"><span class='ocrx_word' id='word_1_67' title='bbox 312 621 477 662; x_wconf 81' lang='lat' dir='ltr'>aufert?</span> <span class='ocrx_word' id='word_1_68' title='bbox 507 629 551 660; x_wconf 89' lang='lat' dir='ltr'>et</span> <span class='ocrx_word' id='word_1_69' title='bbox 586 635 685 660; x_wconf 90' lang='lat' dir='ltr'>cum</span> <span class='ocrx_word' id='word_1_70' title='bbox 727 622 761 662; x_wconf 88' lang='lat' dir='ltr'>is</span> <span class='ocrx_word' id='word_1_71' title='bbox 803 636 904 673; x_wconf 89' lang='lat' dir='ltr'>non,</span> <span class='ocrx_word' id='word_1_72' title='bbox 943 630 1151 676; x_wconf 86' lang='lat' dir='ltr'>quantum</span> <span class='ocrx_word' id='word_1_73' title='bbox 1189 622 1381 673; x_wconf 89' lang='lat' dir='ltr'>debetur,</span> <span class='ocrx_word' id='word_1_74' title='bbox 1419 624 1491 664; x_wconf 85' lang='lat' dir='ltr'>sed</span> <span class='ocrx_word' id='word_1_75' title='bbox 1528 631 1738 679; x_wconf 85' lang='lat' dir='ltr'>quantum</span> 
     </span>
    </p>

    <p class='ocr_par' dir='ltr' id='par_1_5' title="bbox 182 677 1738 964">
     <span class='ocr_line' id='line_1_10' title="bbox 182 677 1738 730; baseline -0.001 -10"><span class='ocrx_word' id='word_1_76' title='bbox 182 682 297 720; x_wconf 72' lang='lat' dir='ltr'>p.155.</span> <span class='ocrx_word' id='word_1_77' title='bbox 311 677 584 718; x_wconf 86' lang='lat' dir='ltr'>commodum</span> <span class='ocrx_word' id='word_1_78' title='bbox 625 690 703 728; x_wconf 89' lang='lat' dir='ltr'>est,</span> <span class='ocrx_word' id='word_1_79' title='bbox 745 677 912 720; x_wconf 83' lang='lat' dir='ltr'>aufert?</span> <span class='ocrx_word' id='word_1_80' title='bbox 961 678 1030 719; x_wconf 90' lang='lat' dir='ltr'>ille</span> <span class='ocrx_word' id='word_1_81' title='bbox 1078 687 1235 730; x_wconf 87' lang='lat' dir='ltr'>autem,</span> <span class='ocrx_word' id='word_1_82' title='bbox 1277 680 1618 723; x_wconf 35' lang='lat' dir='ltr'>undexablatum</span> <span class='ocrx_word' id='word_1_83' title='bbox 1658 687 1738 730; x_wconf 90' lang='lat' dir='ltr'>est,</span> 
     </span>
     <span class='ocr_line' id='line_1_11' title="bbox 268 732 1737 792; baseline 0.001 -18"><span class='ocrx_word' id='word_1_84' title='bbox 268 732 472 789; x_wconf 75' lang='lat' dir='ltr'>³·judi0i0</span> <span class='ocrx_word' id='word_1_85' title='bbox 514 749 636 775; x_wconf 86' lang='lat' dir='ltr'>suum</span> <span class='ocrx_word' id='word_1_86' title='bbox 678 749 927 791; x_wconf 88' lang='lat' dir='ltr'>recuperare</span> <span class='ocrx_word' id='word_1_87' title='bbox 969 735 1085 776; x_wconf 89' lang='lat' dir='ltr'>nullo</span> <span class='ocrx_word' id='word_1_88' title='bbox 1121 736 1251 777; x_wconf 88' lang='lat' dir='ltr'>modo</span> <span class='ocrx_word' id='word_1_89' title='bbox 1293 740 1460 792; x_wconf 87' lang='lat' dir='ltr'>potest?</span> <span class='ocrx_word' id='word_1_90' title='bbox 1498 737 1651 778; x_wconf 88' lang='lat' dir='ltr'>deinde</span> <span class='ocrx_word' id='word_1_91' title='bbox 1691 737 1737 777; x_wconf 85' lang='lat' dir='ltr'>in</span> 
     </span>
     <span class='ocr_line' id='line_1_12' title="bbox 306 791 1736 846; baseline 0.002 -15"><span class='ocrx_word' id='word_1_92' title='bbox 306 791 391 832; x_wconf 89' lang='lat' dir='ltr'>hoc</span> <span class='ocrx_word' id='word_1_93' title='bbox 412 791 596 832; x_wconf 82' lang='lat' dir='ltr'>31h0m0</span> <span class='ocrx_word' id='word_1_94' title='bbox 626 791 802 846; x_wconf 83' lang='lat' dir='ltr'>lynceus</span> <span class='ocrx_word' id='word_1_95' title='bbox 834 793 962 834; x_wconf 87' lang='lat' dir='ltr'>etiam</span> <span class='ocrx_word' id='word_1_96' title='bbox 985 792 1162 834; x_wconf 81' lang='lat' dir='ltr'>callidus</span> <span class='ocrx_word' id='word_1_97' title='bbox 1193 807 1242 834; x_wconf 86' lang='lat' dir='ltr'>ac</span> <span class='ocrx_word' id='word_1_98' title='bbox 1273 803 1485 834; x_wconf 83' lang='lat' dir='ltr'>veterator</span> <span class='ocrx_word' id='word_1_99' title='bbox 1514 808 1603 835; x_wconf 90' lang='lat' dir='ltr'>esse</span> <span class='ocrx_word' id='word_1_100' title='bbox 1630 793 1736 845; x_wconf 90' lang='lat' dir='ltr'>vult,</span> 
     </span>
     <span class='ocr_line' id='line_1_13' title="bbox 305 848 1734 902; baseline 0.001 -13"><span class='ocrx_word' id='word_1_101' title='bbox 305 848 422 902; x_wconf 88' lang='lat' dir='ltr'>quod</span> <span class='ocrx_word' id='word_1_102' title='bbox 443 848 505 889; x_wconf 88' lang='lat' dir='ltr'>ita</span> <span class='ocrx_word' id='word_1_103' title='bbox 523 849 684 901; x_wconf 86' lang='lat' dir='ltr'>scribit,</span> <span class='ocrx_word' id='word_1_104' title='bbox 709 849 757 891; x_wconf 84' lang='lat' dir='ltr'>S1</span> <span class='ocrx_word' id='word_1_105' title='bbox 785 863 912 891; x_wconf 77' lang='lat' dir='ltr'><strong>UTER</strong></span> <span class='ocrx_word' id='word_1_106' title='bbox 938 863 1112 901; x_wconf 82' lang='lat' dir='ltr'><strong>VOLET,</strong></span> <span class='ocrx_word' id='word_1_107' title='bbox 1137 864 1559 892; x_wconf 81' lang='lat' dir='ltr'><strong>RECUPERATORES</strong></span> <span class='ocrx_word' id='word_1_108' title='bbox 1586 863 1734 892; x_wconf 74' lang='lat' dir='ltr'>nAno.</span> 
     </span>
     <span class='ocr_line' id='line_1_14' title="bbox 307 905 1735 964; baseline 0.001 -18"><span class='ocrx_word' id='word_1_109' title='bbox 307 906 451 952; x_wconf 85' lang='lat' dir='ltr'>Quam</span> <span class='ocrx_word' id='word_1_110' title='bbox 486 905 626 962; x_wconf 90' lang='lat' dir='ltr'>lepide</span> <span class='ocrx_word' id='word_1_111' title='bbox 663 921 708 947; x_wconf 89' lang='lat' dir='ltr'>se</span> <span class='ocrx_word' id='word_1_112' title='bbox 746 906 875 948; x_wconf 88' lang='lat' dir='ltr'>furari</span> <span class='ocrx_word' id='word_1_113' title='bbox 912 910 1063 963; x_wconf 84' lang='lat' dir='ltr'>putat?</span> <span class='ocrx_word' id='word_1_114' title='bbox 1093 907 1275 962; x_wconf 86' lang='lat' dir='ltr'>Utrique</span> <span class='ocrx_word' id='word_1_115' title='bbox 1311 907 1417 948; x_wconf 85' lang='lat' dir='ltr'>facit</span> <span class='ocrx_word' id='word_1_116' title='bbox 1452 915 1735 964; x_wconf 82' lang='lat' dir='ltr'>potestatem3</span> 
     </span>
    </p>

    <p class='ocr_par' dir='ltr' id='par_1_6' title="bbox 306 963 1736 1019">
     <span class='ocr_line' id='line_1_15' title="bbox 306 963 1736 1019; baseline 0.002 -17"><span class='ocrx_word' id='word_1_117' title='bbox 306 963 378 1002; x_wconf 85' lang='lat' dir='ltr'>sed</span> <span class='ocrx_word' id='word_1_118' title='bbox 412 971 555 1003; x_wconf 90' lang='lat' dir='ltr'>utrum</span> <span class='ocrx_word' id='word_1_119' title='bbox 594 963 655 1003; x_wconf 84' lang='lat' dir='ltr'>ita</span> <span class='ocrx_word' id='word_1_120' title='bbox 686 963 916 1019; x_wconf 82' lang='lat' dir='ltr'>scripserit,</span> <span class='ocrx_word' id='word_1_121' title='bbox 955 964 988 1004; x_wconf 89' lang='lat' dir='ltr'>si</span> <span class='ocrx_word' id='word_1_122' title='bbox 1027 972 1121 1005; x_wconf 87' lang='lat' dir='ltr'>uter</span> <span class='ocrx_word' id='word_1_123' title='bbox 1154 965 1281 1016; x_wconf 80' lang='lat' dir='ltr'>volet,</span> <span class='ocrx_word' id='word_1_124' title='bbox 1317 980 1384 1015; x_wconf 83' lang='lat' dir='ltr'>an,</span> <span class='ocrx_word' id='word_1_125' title='bbox 1419 964 1452 1004; x_wconf 88' lang='lat' dir='ltr'>si</span> <span class='ocrx_word' id='word_1_126' title='bbox 1474 965 1736 1005; x_wconf 84' lang='lat' dir='ltr'>decumanus</span> 
     </span>
    </p>

    <p class='ocr_par' dir='ltr' id='par_1_7' title="bbox 241 1019 1733 1131">
     <span class='ocr_line' id='line_1_16' title="bbox 241 1019 1733 1078; baseline -0.001 -16"><span class='ocrx_word' id='word_1_127' title='bbox 241 1057 246 1062; x_wconf 81' lang='grc'><em>.</em></span> <span class='ocrx_word' id='word_1_128' title='bbox 306 1019 435 1070; x_wconf 88' lang='lat' dir='ltr'>volet,</span> <span class='ocrx_word' id='word_1_129' title='bbox 467 1019 575 1060; x_wconf 86' lang='lat' dir='ltr'>nihil</span> <span class='ocrx_word' id='word_1_130' title='bbox 608 1020 796 1061; x_wconf 88' lang='lat' dir='ltr'>interest.</span> <span class='ocrx_word' id='word_1_131' title='bbox 829 1030 970 1062; x_wconf 86' lang='lat' dir='ltr'>arator</span> <span class='ocrx_word' id='word_1_132' title='bbox 1004 1022 1118 1062; x_wconf 88' lang='lat' dir='ltr'>enim</span> <span class='ocrx_word' id='word_1_133' title='bbox 1152 1030 1246 1062; x_wconf 88' lang='lat' dir='ltr'>tuos</span> <span class='ocrx_word' id='word_1_134' title='bbox 1280 1022 1383 1062; x_wconf 79' lang='lat' dir='ltr'>istos</span> <span class='ocrx_word' id='word_1_135' title='bbox 1416 1031 1733 1078; x_wconf 86' lang='lat' dir='ltr'>recuperatores</span> 
     </span>
     <span class='ocr_line' id='line_1_17' title="bbox 304 1077 690 1131; baseline 0.005 -15"><span class='ocrx_word' id='word_1_136' title='bbox 304 1091 538 1131; x_wconf 82' lang='lat' dir='ltr'>numquam</span> <span class='ocrx_word' id='word_1_137' title='bbox 561 1077 690 1118; x_wconf 85' lang='lat' dir='ltr'>volet.</span> 
     </span>
    </p>

    <p class='ocr_par' dir='ltr' id='par_1_8' title="bbox 241 1133 1735 1591">
     <span class='ocr_line' id='line_1_18' title="bbox 241 1133 1732 1192; baseline 0.002 -18"><span class='ocrx_word' id='word_1_138' title='bbox 241 1145 293 1179; x_wconf 83' lang='lat'>36</span> <span class='ocrx_word' id='word_1_139' title='bbox 363 1134 508 1180; x_wconf 86' lang='lat' dir='ltr'>Quid?</span> <span class='ocrx_word' id='word_1_140' title='bbox 539 1133 610 1174; x_wconf 86' lang='lat' dir='ltr'>illa</span> <span class='ocrx_word' id='word_1_141' title='bbox 630 1134 871 1189; x_wconf 79' lang='lat' dir='ltr'>cujusmodi</span> <span class='ocrx_word' id='word_1_142' title='bbox 904 1143 1016 1186; x_wconf 88' lang='lat' dir='ltr'>sunt,</span> <span class='ocrx_word' id='word_1_143' title='bbox 1039 1150 1134 1191; x_wconf 84' lang='lat' dir='ltr'>quae</span> <span class='ocrx_word' id='word_1_144' title='bbox 1157 1150 1211 1176; x_wconf 79' lang='lat' dir='ltr'>ex</span> <span class='ocrx_word' id='word_1_145' title='bbox 1236 1144 1440 1191; x_wconf 87' lang='lat' dir='ltr'>tempore,</span> <span class='ocrx_word' id='word_1_146' title='bbox 1463 1135 1517 1176; x_wconf 92' lang='lat' dir='ltr'>ab</span> <span class='ocrx_word' id='word_1_147' title='bbox 1537 1133 1732 1192; x_wconf 88' lang='lat' dir='ltr'>Apronio</span> 
     </span>
     <span class='ocr_line' id='line_1_19' title="bbox 303 1190 1734 1249; baseline 0.002 -19"><span class='ocrx_word' id='word_1_148' title='bbox 303 1190 563 1242; x_wconf 82' lang='lat' dir='ltr'>admonitus,</span> <span class='ocrx_word' id='word_1_149' title='bbox 584 1191 750 1233; x_wconf 84' lang='lat' dir='ltr'>edixit?</span> <span class='ocrx_word' id='word_1_150' title='bbox 781 1192 838 1238; x_wconf 82' lang='lat' dir='ltr'>Q.</span> <span class='ocrx_word' id='word_1_151' title='bbox 859 1192 1059 1249; x_wconf 79' lang='lat' dir='ltr'>Septitio,</span> <span class='ocrx_word' id='word_1_152' title='bbox 1080 1192 1382 1234; x_wconf 86' lang='lat' dir='ltr'>honestissimo</span> <span class='ocrx_word' id='word_1_153' title='bbox 1402 1192 1592 1243; x_wconf 89' lang='lat' dir='ltr'>homine,</span> <span class='ocrx_word' id='word_1_154' title='bbox 1613 1192 1734 1248; x_wconf 92' lang='lat' dir='ltr'>equi-</span> 
     </span>
     <span class='ocr_line' id='line_1_20' title="bbox 301 1247 1735 1306; baseline 0.002 -18"><span class='ocrx_word' id='word_1_155' title='bbox 301 1257 430 1302; x_wconf 89' lang='lat' dir='ltr'>teque</span> <span class='ocrx_word' id='word_1_156' title='bbox 450 1247 663 1300; x_wconf 89' lang='lat' dir='ltr'>Romano,</span> <span class='ocrx_word' id='word_1_157' title='bbox 685 1249 907 1290; x_wconf 88' lang='lat' dir='ltr'>resistente</span> <span class='ocrx_word' id='word_1_158' title='bbox 920 1248 1129 1306; x_wconf 89' lang='lat' dir='ltr'>Apronio,</span> <span class='ocrx_word' id='word_1_159' title='bbox 1144 1259 1187 1290; x_wconf 91' lang='lat' dir='ltr'>et</span> <span class='ocrx_word' id='word_1_160' title='bbox 1209 1250 1461 1301; x_wconf 88' lang='lat' dir='ltr'>affirmante,</span> <span class='ocrx_word' id='word_1_161' title='bbox 1483 1264 1526 1290; x_wconf 85' lang='lat' dir='ltr'>se</span> <span class='ocrx_word' id='word_1_162' title='bbox 1546 1249 1638 1305; x_wconf 89' lang='lat' dir='ltr'>plus</span> <span class='ocrx_word' id='word_1_163' title='bbox 1660 1250 1735 1291; x_wconf 90' lang='lat' dir='ltr'>de-</span> 
     </span>
     <span class='ocr_line' id='line_1_21' title="bbox 301 1306 1731 1363; baseline 0.001 -18"><span class='ocrx_word' id='word_1_164' title='bbox 301 1319 429 1346; x_wconf 89' lang='lat' dir='ltr'>cuma</span> <span class='ocrx_word' id='word_1_165' title='bbox 449 1320 535 1346; x_wconf 91' lang='lat' dir='ltr'>non</span> <span class='ocrx_word' id='word_1_166' title='bbox 557 1306 773 1357; x_wconf 88' lang='lat' dir='ltr'>daturum,</span> <span class='ocrx_word' id='word_1_167' title='bbox 789 1306 981 1348; x_wconf 83' lang='lat' dir='ltr'>exoritur</span> <span class='ocrx_word' id='word_1_168' title='bbox 1000 1307 1214 1363; x_wconf 83' lang='lat' dir='ltr'>peculiare</span> <span class='ocrx_word' id='word_1_169' title='bbox 1235 1307 1424 1348; x_wconf 87' lang='lat' dir='ltr'>edictum</span> <span class='ocrx_word' id='word_1_170' title='bbox 1445 1306 1731 1363; x_wconf 84' lang='lat' dir='ltr'>repentinum,</span> 
     </span>
     <span class='ocr_line' id='line_1_22' title="bbox 299 1362 1734 1419; baseline 0.002 -17"><span class='ocrx_word' id='word_1_171' title='bbox 299 1375 356 1402; x_wconf 89' lang='lat' dir='ltr'>ne</span> <span class='ocrx_word' id='word_1_172' title='bbox 385 1362 480 1418; x_wconf 90' lang='lat' dir='ltr'>quis</span> <span class='ocrx_word' id='word_1_173' title='bbox 509 1362 771 1404; x_wconf 85' lang='lat' dir='ltr'>frumentum</span> <span class='ocrx_word' id='word_1_174' title='bbox 802 1364 855 1404; x_wconf 90' lang='lat' dir='ltr'>de</span> <span class='ocrx_word' id='word_1_175' title='bbox 886 1378 983 1404; x_wconf 88' lang='lat' dir='ltr'>area</span> <span class='ocrx_word' id='word_1_176' title='bbox 1003 1364 1170 1405; x_wconf 89' lang='lat' dir='ltr'>tolleret</span> <span class='ocrx_word' id='word_1_177' title='bbox 1199 1374 1311 1414; x_wconf 84' lang='lat' dir='ltr'>ante,</span> <span class='ocrx_word' id='word_1_178' title='bbox 1334 1379 1461 1419; x_wconf 88' lang='lat' dir='ltr'>quam</span> <span class='ocrx_word' id='word_1_179' title='bbox 1483 1378 1583 1405; x_wconf 88' lang='lat' dir='ltr'>cum</span> <span class='ocrx_word' id='word_1_180' title='bbox 1604 1363 1734 1405; x_wconf 84' lang='lat' dir='ltr'>decu-</span> 
     </span>
     <span class='ocr_line' id='line_1_23' title="bbox 297 1420 1733 1477; baseline 0.002 -18"><span class='ocrx_word' id='word_1_181' title='bbox 297 1433 428 1460; x_wconf 84' lang='lat' dir='ltr'>mano</span> <span class='ocrx_word' id='word_1_182' title='bbox 449 1429 598 1476; x_wconf 87' lang='lat' dir='ltr'>pactus</span> <span class='ocrx_word' id='word_1_183' title='bbox 620 1429 744 1462; x_wconf 89' lang='lat' dir='ltr'>esset.</span> <span class='ocrx_word' id='word_1_184' title='bbox 806 1420 988 1462; x_wconf 85' lang='lat' dir='ltr'>Ferebat</span> <span class='ocrx_word' id='word_1_185' title='bbox 1017 1422 1127 1462; x_wconf 87' lang='lat' dir='ltr'>hanc</span> <span class='ocrx_word' id='word_1_186' title='bbox 1152 1436 1323 1477; x_wconf 86' lang='lat' dir='ltr'>quoque</span> <span class='ocrx_word' id='word_1_187' title='bbox 1354 1421 1626 1477; x_wconf 87' lang='lat' dir='ltr'>iniquitatem</span> <span class='ocrx_word' id='word_1_188' title='bbox 1657 1420 1733 1462; x_wconf 87' lang='lat' dir='ltr'>Se-</span> 
     </span>
     <span class='ocr_line' id='line_1_24' title="bbox 299 1476 1728 1534; baseline 0.001 -17"><span class='ocrx_word' id='word_1_189' title='bbox 299 1476 466 1531; x_wconf 84' lang='lat' dir='ltr'>ptitius,</span> <span class='ocrx_word' id='word_1_190' title='bbox 488 1483 532 1518; x_wconf 85' lang='lat' dir='ltr'>et</span> <span class='ocrx_word' id='word_1_191' title='bbox 561 1478 687 1519; x_wconf 85' lang='lat' dir='ltr'>imbri</span> <span class='ocrx_word' id='word_1_192' title='bbox 722 1477 984 1519; x_wconf 82' lang='lat' dir='ltr'>frumentum</span> <span class='ocrx_word' id='word_1_193' title='bbox 1014 1479 1229 1534; x_wconf 89' lang='lat' dir='ltr'>corrumpi</span> <span class='ocrx_word' id='word_1_194' title='bbox 1261 1480 1303 1519; x_wconf 90' lang='lat' dir='ltr'>in</span> <span class='ocrx_word' id='word_1_195' title='bbox 1336 1493 1433 1519; x_wconf 83' lang='lat' dir='ltr'>area</span> <span class='ocrx_word' id='word_1_196' title='bbox 1461 1478 1728 1534; x_wconf 84' lang='lat' dir='ltr'>patiebatur:</span> 
     </span>
     <span class='ocr_line' id='line_1_25' title="bbox 301 1534 1731 1591; baseline 0.002 -18"><span class='ocrx_word' id='word_1_197' title='bbox 301 1548 400 1574; x_wconf 90' lang='lat' dir='ltr'>cum</span> <span class='ocrx_word' id='word_1_198' title='bbox 422 1534 525 1576; x_wconf 85' lang='lat' dir='ltr'>illud</span> <span class='ocrx_word' id='word_1_199' title='bbox 547 1535 734 1576; x_wconf 87' lang='lat' dir='ltr'>edictum</span> <span class='ocrx_word' id='word_1_200' title='bbox 758 1545 931 1590; x_wconf 87' lang='lat' dir='ltr'>repente</span> <span class='ocrx_word' id='word_1_201' title='bbox 962 1535 1223 1576; x_wconf 88' lang='lat' dir='ltr'>uberrimum</span> <span class='ocrx_word' id='word_1_202' title='bbox 1245 1545 1288 1576; x_wconf 89' lang='lat' dir='ltr'>et</span> <span class='ocrx_word' id='word_1_203' title='bbox 1318 1535 1731 1591; x_wconf 88' lang='lat' dir='ltr'>quaestuosissimum</span> 
     </span>
    </p>

    <p class='ocr_par' dir='ltr' id='par_1_9' title="bbox 243 1591 1731 1648">
     <span class='ocr_line' id='line_1_26' title="bbox 243 1591 1731 1648; baseline 0.002 -17"><span class='ocrx_word' id='word_1_204' title='bbox 243 1605 247 1611; x_wconf 91' lang='lat'>·</span> <span class='ocrx_word' id='word_1_205' title='bbox 299 1591 502 1642; x_wconf 85' lang='lat' dir='ltr'>nascitur,</span> <span class='ocrx_word' id='word_1_206' title='bbox 524 1601 571 1632; x_wconf 90' lang='lat' dir='ltr'>ut</span> <span class='ocrx_word' id='word_1_207' title='bbox 592 1601 690 1633; x_wconf 87' lang='lat' dir='ltr'>ante</span> <span class='ocrx_word' id='word_1_208' title='bbox 715 1591 927 1633; x_wconf 83' lang='lat' dir='ltr'>Kalendas</span> <span class='ocrx_word' id='word_1_209' title='bbox 951 1593 1070 1634; x_wconf 83' lang='lat' dir='ltr'>Sext.</span> <span class='ocrx_word' id='word_1_210' title='bbox 1093 1607 1240 1634; x_wconf 88' lang='lat' dir='ltr'>omnes</span> <span class='ocrx_word' id='word_1_211' title='bbox 1271 1593 1470 1633; x_wconf 84' lang='lat' dir='ltr'>decumas</span> <span class='ocrx_word' id='word_1_212' title='bbox 1501 1592 1554 1633; x_wconf 85' lang='lat' dir='ltr'>ad</span> <span class='ocrx_word' id='word_1_213' title='bbox 1575 1606 1731 1648; x_wconf 88' lang='lat' dir='ltr'>aquam</span> 
     </span>
    </p>

    <p class='ocr_par' dir='ltr' id='par_1_10' title="bbox 235 1648 1730 2505">
     <span class='ocr_line' id='line_1_27' title="bbox 235 1648 1730 1705; baseline 0 -15"><span class='ocrx_word' id='word_1_214' title='bbox 235 1651 289 1690; x_wconf 80' lang='lat'>37</span> <span class='ocrx_word' id='word_1_215' title='bbox 300 1648 543 1704; x_wconf 84' lang='lat' dir='ltr'>deportatas</span> <span class='ocrx_word' id='word_1_216' title='bbox 561 1649 782 1691; x_wconf 89' lang='lat' dir='ltr'>haberent.</span> <span class='ocrx_word' id='word_1_217' title='bbox 844 1648 944 1690; x_wconf 89' lang='lat' dir='ltr'>Hoc</span> <span class='ocrx_word' id='word_1_218' title='bbox 966 1650 1107 1690; x_wconf 89' lang='lat' dir='ltr'>edicto</span> <span class='ocrx_word' id='word_1_219' title='bbox 1139 1664 1224 1690; x_wconf 89' lang='lat' dir='ltr'>non</span> <span class='ocrx_word' id='word_1_220' title='bbox 1247 1649 1379 1690; x_wconf 82' lang='lat' dir='ltr'>Siculi</span> <span class='ocrx_word' id='word_1_221' title='bbox 1401 1653 1520 1702; x_wconf 85' lang='lat' dir='ltr'>(nam</span> <span class='ocrx_word' id='word_1_222' title='bbox 1541 1664 1613 1690; x_wconf 90' lang='lat' dir='ltr'>eos</span> <span class='ocrx_word' id='word_1_223' title='bbox 1635 1649 1730 1705; x_wconf 91' lang='lat' dir='ltr'>qui-</span> 
     </span>
     <span class='ocr_line' id='line_1_28' title="bbox 297 1705 1729 1762; baseline 0.001 -17"><span class='ocrx_word' id='word_1_224' title='bbox 297 1705 394 1746; x_wconf 83' lang='lat' dir='ltr'>dem</span> <span class='ocrx_word' id='word_1_225' title='bbox 409 1706 502 1761; x_wconf 83' lang='lat' dir='ltr'>jam</span> <span class='ocrx_word' id='word_1_226' title='bbox 526 1706 814 1762; x_wconf 88' lang='lat' dir='ltr'>superioribus</span> <span class='ocrx_word' id='word_1_227' title='bbox 837 1707 989 1747; x_wconf 91' lang='lat' dir='ltr'>edictis</span> <span class='ocrx_word' id='word_1_228' title='bbox 1012 1707 1112 1747; x_wconf 84' lang='lat' dir='ltr'>satis</span> <span class='ocrx_word' id='word_1_229' title='bbox 1135 1707 1377 1762; x_wconf 85' lang='lat' dir='ltr'>perdiderat</span> <span class='ocrx_word' id='word_1_230' title='bbox 1407 1716 1535 1761; x_wconf 87' lang='lat' dir='ltr'>atque</span> <span class='ocrx_word' id='word_1_231' title='bbox 1562 1706 1729 1747; x_wconf 86' lang='lat' dir='ltr'>afflixe-</span> 
     </span>
     <span class='ocr_line' id='line_1_29' title="bbox 295 1763 1728 1820; baseline 0.002 -18"><span class='ocrx_word' id='word_1_232' title='bbox 295 1764 395 1813; x_wconf 84' lang='lat' dir='ltr'>rat),</span> <span class='ocrx_word' id='word_1_233' title='bbox 418 1764 489 1804; x_wconf 87' lang='lat' dir='ltr'>sed</span> <span class='ocrx_word' id='word_1_234' title='bbox 513 1764 581 1804; x_wconf 89' lang='lat' dir='ltr'>isti</span> <span class='ocrx_word' id='word_1_235' title='bbox 607 1764 686 1819; x_wconf 88' lang='lat' dir='ltr'>ipsi</span> <span class='ocrx_word' id='word_1_236' title='bbox 710 1763 874 1820; x_wconf 90' lang='lat' dir='ltr'>equites</span> <span class='ocrx_word' id='word_1_237' title='bbox 900 1763 1101 1815; x_wconf 83' lang='lat' dir='ltr'>Romani,</span> <span class='ocrx_word' id='word_1_238' title='bbox 1123 1764 1197 1818; x_wconf 89' lang='lat' dir='ltr'>qui</span> <span class='ocrx_word' id='word_1_239' title='bbox 1230 1778 1353 1804; x_wconf 87' lang='lat' dir='ltr'>suum</span> <span class='ocrx_word' id='word_1_240' title='bbox 1376 1763 1449 1818; x_wconf 87' lang='lat' dir='ltr'>jus</span> <span class='ocrx_word' id='word_1_241' title='bbox 1471 1763 1653 1804; x_wconf 87' lang='lat' dir='ltr'>retinere</span> <span class='ocrx_word' id='word_1_242' title='bbox 1682 1778 1728 1805; x_wconf 88' lang='lat' dir='ltr'>se</span> 
     </span>
     <span class='ocr_line' id='line_1_30' title="bbox 293 1820 1725 1877; baseline 0.001 -17"><span class='ocrx_word' id='word_1_243' title='bbox 293 1829 444 1861; x_wconf 89' lang='lat' dir='ltr'>contra</span> <span class='ocrx_word' id='word_1_244' title='bbox 465 1820 706 1876; x_wconf 86' lang='lat' dir='ltr'>Apronium</span> <span class='ocrx_word' id='word_1_245' title='bbox 739 1835 863 1877; x_wconf 89' lang='lat' dir='ltr'>posse</span> <span class='ocrx_word' id='word_1_246' title='bbox 887 1831 1010 1862; x_wconf 83' lang='lat' dir='ltr'>erant</span> <span class='ocrx_word' id='word_1_247' title='bbox 1039 1821 1249 1871; x_wconf 84' lang='lat' dir='ltr'>arbitrati,</span> <span class='ocrx_word' id='word_1_248' title='bbox 1272 1820 1483 1876; x_wconf 87' lang='lat' dir='ltr'>splendidi</span> <span class='ocrx_word' id='word_1_249' title='bbox 1515 1820 1725 1872; x_wconf 88' lang='lat' dir='ltr'>homines,</span> 
     </span>
     <span class='ocr_line' id='line_1_31' title="bbox 291 1877 1727 1934; baseline 0.001 -17"><span class='ocrx_word' id='word_1_250' title='bbox 291 1886 334 1917; x_wconf 83' lang='lat' dir='ltr'>et</span> <span class='ocrx_word' id='word_1_251' title='bbox 356 1877 448 1917; x_wconf 85' lang='lat' dir='ltr'>aliis</span> <span class='ocrx_word' id='word_1_252' title='bbox 470 1879 727 1933; x_wconf 85' lang='lat' dir='ltr'>praetoribus</span> <span class='ocrx_word' id='word_1_253' title='bbox 746 1878 940 1934; x_wconf 86' lang='lat' dir='ltr'>gratiosi,</span> <span class='ocrx_word' id='word_1_254' title='bbox 963 1878 1095 1919; x_wconf 86' lang='lat' dir='ltr'>vincti</span> <span class='ocrx_word' id='word_1_255' title='bbox 1118 1877 1313 1934; x_wconf 88' lang='lat' dir='ltr'>Apronio</span> <span class='ocrx_word' id='word_1_256' title='bbox 1337 1877 1480 1918; x_wconf 84' lang='lat' dir='ltr'>traditi</span> <span class='ocrx_word' id='word_1_257' title='bbox 1502 1887 1615 1919; x_wconf 87' lang='lat' dir='ltr'>sunt.</span> <span class='ocrx_word' id='word_1_258' title='bbox 1645 1877 1727 1919; x_wconf 89' lang='lat' dir='ltr'>At-</span> 
     </span>
     <span class='ocr_line' id='line_1_32' title="bbox 292 1934 1724 1991; baseline 0.001 -18"><span class='ocrx_word' id='word_1_259' title='bbox 292 1935 453 1976; x_wconf 85' lang='lat' dir='ltr'>tendite</span> <span class='ocrx_word' id='word_1_260' title='bbox 485 1936 614 1986; x_wconf 89' lang='lat' dir='ltr'>enim,</span> <span class='ocrx_word' id='word_1_261' title='bbox 645 1935 887 1991; x_wconf 85' lang='lat' dir='ltr'>cujusmodi</span> <span class='ocrx_word' id='word_1_262' title='bbox 920 1936 1062 1976; x_wconf 84' lang='lat' dir='ltr'>edicta</span> <span class='ocrx_word' id='word_1_263' title='bbox 1094 1936 1193 1976; x_wconf 87' lang='lat' dir='ltr'>sint.</span> <span class='ocrx_word' id='word_1_264' title='bbox 1230 1948 1295 1976; x_wconf 79' lang='lat' dir='ltr'>NE</span> <span class='ocrx_word' id='word_1_265' title='bbox 1332 1947 1539 1986; x_wconf 82' lang='lat' dir='ltr'>TOLLAT,</span> <span class='ocrx_word' id='word_1_266' title='bbox 1569 1934 1724 1990; x_wconf 86' lang='lat' dir='ltr'>inquit,</span> 
     </span>
     <span class='ocr_line' id='line_1_33' title="bbox 292 1992 1726 2048; baseline 0.001 -17"><span class='ocrx_word' id='word_1_267' title='bbox 292 2003 354 2031; x_wconf 78' lang='lat' dir='ltr'>Ex</span> <span class='ocrx_word' id='word_1_268' title='bbox 387 2005 531 2044; x_wconf 84' lang='lat' dir='ltr'>AREA,</span> <span class='ocrx_word' id='word_1_269' title='bbox 558 2006 659 2033; x_wconf 76' lang='lat' dir='ltr'>NISI</span> <span class='ocrx_word' id='word_1_270' title='bbox 697 2007 812 2034; x_wconf 84' lang='lat' dir='ltr'>ER1T</span> <span class='ocrx_word' id='word_1_271' title='bbox 847 2007 1049 2034; x_wconf 82' lang='lat' dir='ltr'>PACTUS.</span> <span class='ocrx_word' id='word_1_272' title='bbox 1111 1992 1223 2033; x_wconf 86' lang='lat' dir='ltr'>Satis</span> <span class='ocrx_word' id='word_1_273' title='bbox 1254 1992 1348 2033; x_wconf 85' lang='lat' dir='ltr'>haec</span> <span class='ocrx_word' id='word_1_274' title='bbox 1379 2006 1537 2048; x_wconf 86' lang='lat' dir='ltr'>magna</span> <span class='ocrx_word' id='word_1_275' title='bbox 1567 1992 1631 2033; x_wconf 91' lang='lat' dir='ltr'>vis</span> <span class='ocrx_word' id='word_1_276' title='bbox 1659 2001 1726 2033; x_wconf 90' lang='lat' dir='ltr'>est</span> 
     </span>
     <span class='ocr_line' id='line_1_34' title="bbox 287 2049 1724 2106; baseline 0.001 -17"><span class='ocrx_word' id='word_1_277' title='bbox 287 2049 340 2089; x_wconf 85' lang='lat' dir='ltr'>ad</span> <span class='ocrx_word' id='word_1_278' title='bbox 374 2049 518 2104; x_wconf 85' lang='lat' dir='ltr'>inique</span> <span class='ocrx_word' id='word_1_279' title='bbox 551 2050 870 2106; x_wconf 84' lang='lat' dir='ltr'>paciscendum.</span> <span class='ocrx_word' id='word_1_280' title='bbox 907 2050 1020 2091; x_wconf 84' lang='lat' dir='ltr'>malo</span> <span class='ocrx_word' id='word_1_281' title='bbox 1051 2050 1163 2090; x_wconf 88' lang='lat' dir='ltr'>enim</span> <span class='ocrx_word' id='word_1_282' title='bbox 1200 2049 1294 2105; x_wconf 90' lang='lat' dir='ltr'>plus</span> <span class='ocrx_word' id='word_1_283' title='bbox 1327 2049 1603 2104; x_wconf 87' lang='lat' dir='ltr'>dare,.quam</span> <span class='ocrx_word' id='word_1_284' title='bbox 1635 2063 1724 2091; x_wconf 90' lang='lat' dir='ltr'>non</span> 
     </span>
     <span class='ocr_line' id='line_1_35' title="bbox 286 2105 1722 2162; baseline 0.001 -17"><span class='ocrx_word' id='word_1_285' title='bbox 286 2115 451 2148; x_wconf 86' lang='lat' dir='ltr'>mature</span> <span class='ocrx_word' id='word_1_286' title='bbox 472 2121 526 2147; x_wconf 81' lang='lat' dir='ltr'>ex</span> <span class='ocrx_word' id='word_1_287' title='bbox 549 2121 646 2147; x_wconf 86' lang='lat' dir='ltr'>area</span> <span class='ocrx_word' id='word_1_288' title='bbox 668 2107 827 2149; x_wconf 88' lang='lat' dir='ltr'>tollere.</span> <span class='ocrx_word' id='word_1_289' title='bbox 887 2105 947 2147; x_wconf 89' lang='lat' dir='ltr'>At</span> <span class='ocrx_word' id='word_1_290' title='bbox 970 2108 1053 2148; x_wconf 86' lang='lat' dir='ltr'>ista</span> <span class='ocrx_word' id='word_1_291' title='bbox 1077 2107 1137 2147; x_wconf 84' lang='lat' dir='ltr'>vis</span> <span class='ocrx_word' id='word_1_292' title='bbox 1161 2106 1408 2162; x_wconf 86' lang='lat' dir='ltr'>Septitium,</span> <span class='ocrx_word' id='word_1_293' title='bbox 1430 2113 1474 2146; x_wconf 87' lang='lat' dir='ltr'>et</span> <span class='ocrx_word' id='word_1_294' title='bbox 1494 2106 1722 2147; x_wconf 90' lang='lat' dir='ltr'>nonnullos</span> 
     </span>
     <span class='ocr_line' id='line_1_36' title="bbox 287 2162 1723 2219; baseline 0.001 -16"><span class='ocrx_word' id='word_1_295' title='bbox 287 2162 459 2218; x_wconf 86' lang='lat' dir='ltr'>Septitii</span> <span class='ocrx_word' id='word_1_296' title='bbox 492 2164 664 2215; x_wconf 87' lang='lat' dir='ltr'>similes,</span> <span class='ocrx_word' id='word_1_297' title='bbox 695 2179 782 2205; x_wconf 91' lang='lat' dir='ltr'>non</span> <span class='ocrx_word' id='word_1_298' title='bbox 814 2165 1011 2216; x_wconf 68' lang='lat' dir='ltr'>coercet,</span> <span class='ocrx_word' id='word_1_299' title='bbox 1044 2164 1117 2219; x_wconf 90' lang='lat' dir='ltr'>qui</span> <span class='ocrx_word' id='word_1_300' title='bbox 1146 2163 1207 2204; x_wconf 91' lang='lat' dir='ltr'>ita</span> <span class='ocrx_word' id='word_1_301' title='bbox 1239 2164 1411 2204; x_wconf 87' lang='lat' dir='ltr'>dicunt:</span> <span class='ocrx_word' id='word_1_302' title='bbox 1445 2162 1546 2204; x_wconf 89' lang='lat' dir='ltr'>Non</span> <span class='ocrx_word' id='word_1_303' title='bbox 1576 2162 1723 2205; x_wconf 86' lang='lat' dir='ltr'>tollam</span> 
     </span>
     <span class='ocr_line' id='line_1_37' title="bbox 285 2220 1719 2277; baseline 0.001 -16"><span class='ocrx_word' id='word_1_304' title='bbox 285 2221 443 2276; x_wconf 88' lang='lat' dir='ltr'>potius,</span> <span class='ocrx_word' id='word_1_305' title='bbox 466 2236 592 2276; x_wconf 85' lang='lat' dir='ltr'>quam</span> <span class='ocrx_word' id='word_1_306' title='bbox 618 2222 824 2277; x_wconf 86' lang='lat' dir='ltr'>paciscar.</span> <span class='ocrx_word' id='word_1_307' title='bbox 883 2224 923 2253; x_wconf 71' lang='lat'>32</span> <span class='ocrx_word' id='word_1_308' title='bbox 939 2221 1022 2262; x_wconf 88' lang='lat' dir='ltr'>His</span> <span class='ocrx_word' id='word_1_309' title='bbox 1053 2222 1134 2261; x_wconf 86' lang='lat' dir='ltr'>hoc</span> <span class='ocrx_word' id='word_1_310' title='bbox 1156 2221 1413 2276; x_wconf 85' lang='lat' dir='ltr'>opponitur:</span> <span class='ocrx_word' id='word_1_311' title='bbox 1446 2220 1719 2276; x_wconf 89' lang='lat' dir='ltr'>deportatum</span> 
     </span>
     <span class='ocr_line' id='line_1_38' title="bbox 284 2277 1719 2334; baseline 0.001 -17"><span class='ocrx_word' id='word_1_312' title='bbox 284 2277 442 2318; x_wconf 86' lang='lat' dir='ltr'>habeas</span> <span class='ocrx_word' id='word_1_313' title='bbox 464 2288 563 2319; x_wconf 88' lang='lat' dir='ltr'>ante</span> <span class='ocrx_word' id='word_1_314' title='bbox 587 2277 768 2320; x_wconf 82' lang='lat' dir='ltr'>Kalend.</span> <span class='ocrx_word' id='word_1_315' title='bbox 793 2279 914 2320; x_wconf 86' lang='lat' dir='ltr'>Sext.</span> <span class='ocrx_word' id='word_1_316' title='bbox 978 2278 1230 2334; x_wconf 88' lang='lat' dir='ltr'>Deportabo</span> <span class='ocrx_word' id='word_1_317' title='bbox 1253 2277 1398 2333; x_wconf 82' lang='lat' dir='ltr'>igitur.</span> <span class='ocrx_word' id='word_1_318' title='bbox 1448 2277 1544 2318; x_wconf 84' lang='lat' dir='ltr'>Nisi</span> <span class='ocrx_word' id='word_1_319' title='bbox 1566 2286 1719 2334; x_wconf 81' lang='lat' dir='ltr'>pactus</span> 
     </span>
     <span class='ocr_line' id='line_1_39' title="bbox 281 2334 1721 2391; baseline 0.001 -17"><span class='ocrx_word' id='word_1_320' title='bbox 281 2335 378 2386; x_wconf 86' lang='lat' dir='ltr'>eris,</span> <span class='ocrx_word' id='word_1_321' title='bbox 401 2350 488 2376; x_wconf 87' lang='lat' dir='ltr'>non</span> <span class='ocrx_word' id='word_1_322' title='bbox 510 2337 821 2377; x_wconf 80' lang='lat' dir='ltr'>commovebis.</span> <span class='ocrx_word' id='word_1_323' title='bbox 885 2336 956 2377; x_wconf 88' lang='lat' dir='ltr'>Sic</span> <span class='ocrx_word' id='word_1_324' title='bbox 979 2334 1229 2391; x_wconf 86' lang='lat' dir='ltr'>deportandi</span> <span class='ocrx_word' id='word_1_325' title='bbox 1252 2335 1342 2375; x_wconf 87' lang='lat' dir='ltr'>dies</span> <span class='ocrx_word' id='word_1_326' title='bbox 1373 2335 1616 2390; x_wconf 78' lang='lat' dir='ltr'>praestituta</span> <span class='ocrx_word' id='word_1_327' title='bbox 1638 2334 1721 2376; x_wconf 85' lang='lat' dir='ltr'>tol-</span> 
     </span>
     <span class='ocr_line' id='line_1_40' title="bbox 282 2391 1719 2448; baseline 0.001 -17"><span class='ocrx_word' id='word_1_328' title='bbox 282 2391 366 2432; x_wconf 90' lang='lat' dir='ltr'>lere</span> <span class='ocrx_word' id='word_1_329' title='bbox 387 2394 573 2448; x_wconf 80' lang='lat' dir='ltr'>cogebat</span> <span class='ocrx_word' id='word_1_330' title='bbox 594 2408 648 2434; x_wconf 85' lang='lat' dir='ltr'>ex</span> <span class='ocrx_word' id='word_1_331' title='bbox 672 2408 782 2434; x_wconf 86' lang='lat' dir='ltr'>area.</span> <span class='ocrx_word' id='word_1_332' title='bbox 834 2393 1076 2434; x_wconf 86' lang='lat' dir='ltr'>Prohibitio</span> <span class='ocrx_word' id='word_1_333' title='bbox 1099 2391 1290 2443; x_wconf 90' lang='lat' dir='ltr'>tollendi,</span> <span class='ocrx_word' id='word_1_334' title='bbox 1312 2391 1395 2433; x_wconf 89' lang='lat' dir='ltr'>nisi</span> <span class='ocrx_word' id='word_1_335' title='bbox 1418 2400 1570 2448; x_wconf 89' lang='lat' dir='ltr'>pactus</span> <span class='ocrx_word' id='word_1_336' title='bbox 1591 2399 1719 2443; x_wconf 87' lang='lat' dir='ltr'>esset,</span> 
     </span>
     <span class='ocr_line' id='line_1_41' title="bbox 280 2449 1266 2505; baseline 0.001 -17"><span class='ocrx_word' id='word_1_337' title='bbox 280 2449 368 2489; x_wconf 68' lang='lat' dir='ltr'>vim</span> <span class='ocrx_word' id='word_1_338' title='bbox 390 2450 624 2491; x_wconf 81' lang='lat' dir='ltr'>adhibebat</span> <span class='ocrx_word' id='word_1_339' title='bbox 646 2451 852 2505; x_wconf 85' lang='lat' dir='ltr'>pactioni,</span> <span class='ocrx_word' id='word_1_340' title='bbox 877 2465 964 2491; x_wconf 88' lang='lat' dir='ltr'>non</span> <span class='ocrx_word' id='word_1_341' title='bbox 986 2449 1266 2492; x_wconf 86' lang='lat' dir='ltr'>voluntatem.</span> 
     </span>
    </p>
   </div>
   <div class='ocr_carea' id='block_1_3' title="bbox 271 2561 1716 2898">
    <p class='ocr_par' dir='ltr' id='par_1_11' title="bbox 271 2561 1716 2898">
     <span class='ocr_line' id='line_1_42' title="bbox 321 2561 1442 2602; baseline -0.002 -9"><span class='ocrx_word' id='word_1_342' title='bbox 321 2565 358 2593; x_wconf 84' lang='lat'>31</span> <span class='ocrx_word' id='word_1_343' title='bbox 396 2565 487 2594; x_wconf 73' lang='lat' dir='ltr'>homo</span> <span class='ocrx_word' id='word_1_344' title='bbox 516 2563 636 2602; x_wconf 72' lang='lat' dir='ltr'>luteus]</span> <span class='ocrx_word' id='word_1_345' title='bbox 664 2563 766 2594; x_wconf 80' lang='lat' dir='ltr'>Vetus</span> <span class='ocrx_word' id='word_1_346' title='bbox 798 2563 898 2594; x_wconf 87' lang='lat' dir='ltr'>lectio</span> <span class='ocrx_word' id='word_1_347' title='bbox 928 2568 978 2594; x_wconf 87' lang='lat' dir='ltr'>est</span> <span class='ocrx_word' id='word_1_348' title='bbox 1020 2563 1052 2594; x_wconf 91' lang='lat' dir='ltr'>id</span> <span class='ocrx_word' id='word_1_349' title='bbox 1067 2563 1147 2594; x_wconf 87' lang='lat' dir='ltr'>Mss.</span> <span class='ocrx_word' id='word_1_350' title='bbox 1163 2562 1292 2602; x_wconf 85' lang='lat' dir='ltr'>quidam</span> <span class='ocrx_word' id='word_1_351' title='bbox 1308 2561 1442 2592; x_wconf 78' lang='lat' dir='ltr'>habent.</span> 
     </span>
     <span class='ocr_line' id='line_1_43' title="bbox 278 2602 1716 2644; baseline 0.001 -9"><span class='ocrx_word' id='word_1_352' title='bbox 278 2606 419 2643; x_wconf 67' lang='lat' dir='ltr'>lynceus,</span> <span class='ocrx_word' id='word_1_353' title='bbox 447 2606 533 2644; x_wconf 88' lang='lat' dir='ltr'>quod</span> <span class='ocrx_word' id='word_1_354' title='bbox 555 2616 630 2636; x_wconf 85' lang='lat' dir='ltr'>eum</span> <span class='ocrx_word' id='word_1_355' title='bbox 654 2606 800 2636; x_wconf 79' lang='lat' dir='ltr'>Victorio</span> <span class='ocrx_word' id='word_1_356' title='bbox 822 2610 857 2635; x_wconf 74' lang='lat' dir='ltr'>ot</span> <span class='ocrx_word' id='word_1_357' title='bbox 878 2606 977 2636; x_wconf 80' lang='lat' dir='ltr'>Lam-</span> <span class='ocrx_word' id='word_1_358' title='bbox 1062 2608 1102 2637; x_wconf 75' lang='lat'>3⁶2</span> <span class='ocrx_word' id='word_1_359' title='bbox 1126 2606 1191 2637; x_wconf 79' lang='lat' dir='ltr'>His</span> <span class='ocrx_word' id='word_1_360' title='bbox 1206 2607 1262 2635; x_wconf 82' lang='grc' dir='ltr'><em>Ιιοι·</em></span> <span class='ocrx_word' id='word_1_361' title='bbox 1274 2603 1456 2644; x_wconf 78' lang='lat' dir='ltr'>opponitur]</span> <span class='ocrx_word' id='word_1_362' title='bbox 1482 2602 1564 2633; x_wconf 85' lang='lat' dir='ltr'>Haee</span> <span class='ocrx_word' id='word_1_363' title='bbox 1578 2608 1628 2634; x_wconf 83' lang='lat' dir='ltr'>est</span> <span class='ocrx_word' id='word_1_364' title='bbox 1640 2614 1716 2636; x_wconf 70' lang='lat' dir='ltr'>vera</span> 
     </span>
     <span class='ocr_line' id='line_1_44' title="bbox 276 2644 1714 2688; baseline 0.001 -11"><span class='ocrx_word' id='word_1_365' title='bbox 276 2647 353 2677; x_wconf 87' lang='lat' dir='ltr'>bino</span> <span class='ocrx_word' id='word_1_366' title='bbox 381 2648 476 2678; x_wconf 78' lang='lat' dir='ltr'>edidi.</span> <span class='ocrx_word' id='word_1_367' title='bbox 528 2648 646 2678; x_wconf 81' lang='lat' dir='ltr'>Sensus</span> <span class='ocrx_word' id='word_1_368' title='bbox 676 2653 743 2677; x_wconf 83' lang='lat' dir='ltr'>est:</span> <span class='ocrx_word' id='word_1_369' title='bbox 777 2647 849 2678; x_wconf 86' lang='lat' dir='ltr'>vult</span> <span class='ocrx_word' id='word_1_370' title='bbox 875 2648 976 2678; x_wconf 81' lang='lat' dir='ltr'>videri</span> <span class='ocrx_word' id='word_1_371' title='bbox 1018 2648 1130 2685; x_wconf 79' lang='lat' dir='ltr'>lectio,</span> <span class='ocrx_word' id='word_1_372' title='bbox 1158 2649 1300 2688; x_wconf 88' lang='lat' dir='ltr'>primum</span> <span class='ocrx_word' id='word_1_373' title='bbox 1326 2647 1414 2676; x_wconf 85' lang='lat' dir='ltr'>edita</span> <span class='ocrx_word' id='word_1_374' title='bbox 1451 2645 1491 2676; x_wconf 91' lang='lat' dir='ltr'>ab</span> <span class='ocrx_word' id='word_1_375' title='bbox 1517 2644 1601 2675; x_wconf 83' lang='lat' dir='ltr'>Aldo</span> <span class='ocrx_word' id='word_1_376' title='bbox 1627 2646 1714 2687; x_wconf 86' lang='lat' dir='ltr'>Nep.</span> 
     </span>
     <span class='ocr_line' id='line_1_45' title="bbox 275 2687 1714 2730; baseline 0.001 -12"><span class='ocrx_word' id='word_1_377' title='bbox 275 2689 427 2719; x_wconf 83' lang='lat' dir='ltr'>callidus:</span> <span class='ocrx_word' id='word_1_378' title='bbox 465 2699 532 2720; x_wconf 88' lang='lat' dir='ltr'>non</span> <span class='ocrx_word' id='word_1_379' title='bbox 567 2695 616 2720; x_wconf 84' lang='lat' dir='ltr'>est</span> <span class='ocrx_word' id='word_1_380' title='bbox 653 2691 787 2727; x_wconf 86' lang='lat' dir='ltr'>mirum,</span> <span class='ocrx_word' id='word_1_381' title='bbox 817 2699 892 2720; x_wconf 87' lang='lat' dir='ltr'>nam</span> <span class='ocrx_word' id='word_1_382' title='bbox 926 2695 975 2720; x_wconf 83' lang='lat' dir='ltr'>est</span> <span class='ocrx_word' id='word_1_383' title='bbox 1019 2700 1116 2730; x_wconf 86' lang='lat' dir='ltr'>quam</span> <span class='ocrx_word' id='word_1_384' title='bbox 1132 2690 1291 2720; x_wconf 83' lang='lat' dir='ltr'>Gruterus</span> <span class='ocrx_word' id='word_1_385' title='bbox 1313 2688 1388 2718; x_wconf 86' lang='lat' dir='ltr'>dare</span> <span class='ocrx_word' id='word_1_386' title='bbox 1403 2687 1519 2724; x_wconf 88' lang='lat' dir='ltr'>voluit,</span> <span class='ocrx_word' id='word_1_387' title='bbox 1534 2687 1590 2717; x_wconf 88' lang='lat' dir='ltr'>sed</span> <span class='ocrx_word' id='word_1_388' title='bbox 1606 2697 1714 2728; x_wconf 80' lang='lat' dir='ltr'>operae</span> 
     </span>
     <span class='ocr_line' id='line_1_46' title="bbox 273 2730 1713 2772; baseline 0 -11"><span class='ocrx_word' id='word_1_389' title='bbox 273 2730 405 2770; x_wconf 71' lang='lat' dir='ltr'>lynceus</span> <span class='ocrx_word' id='word_1_390' title='bbox 441 2732 509 2762; x_wconf 83' lang='lat' dir='ltr'>scil.</span> <span class='ocrx_word' id='word_1_391' title='bbox 537 2732 590 2770; x_wconf 83' lang='lat' dir='ltr'>qui</span> <span class='ocrx_word' id='word_1_392' title='bbox 618 2739 668 2762; x_wconf 82' lang='lat' dir='ltr'>est</span> <span class='ocrx_word' id='word_1_393' title='bbox 696 2732 850 2772; x_wconf 82' lang='lat' dir='ltr'>optimus.</span> <span class='ocrx_word' id='word_1_394' title='bbox 882 2733 972 2762; x_wconf 77' lang='lat' dir='ltr'>Immo</span> <span class='ocrx_word' id='word_1_395' title='bbox 1014 2733 1181 2771; x_wconf 84' lang='lat' dir='ltr'>vulgatam</span> <span class='ocrx_word' id='word_1_396' title='bbox 1200 2731 1375 2770; x_wconf 77' lang='lat' dir='ltr'>apponitur</span> <span class='ocrx_word' id='word_1_397' title='bbox 1389 2739 1573 2766; x_wconf 72' lang='lat' dir='ltr'>servavere3</span> <span class='ocrx_word' id='word_1_398' title='bbox 1599 2739 1656 2760; x_wconf 89' lang='lat' dir='ltr'>nec</span> <span class='ocrx_word' id='word_1_399' title='bbox 1679 2730 1713 2761; x_wconf 91' lang='lat' dir='ltr'>id</span> 
     </span>
     <span class='ocr_line' id='line_1_47' title="bbox 273 2771 1712 2813; baseline 0 -11"><span class='ocrx_word' id='word_1_400' title='bbox 273 2774 380 2803; x_wconf 72' lang='lat' dir='ltr'>luteus</span> <span class='ocrx_word' id='word_1_401' title='bbox 395 2783 460 2803; x_wconf 89' lang='lat' dir='ltr'>non</span> <span class='ocrx_word' id='word_1_402' title='bbox 479 2781 528 2804; x_wconf 82' lang='lat' dir='ltr'>est</span> <span class='ocrx_word' id='word_1_403' title='bbox 551 2775 597 2804; x_wconf 73' lang='lat' dir='ltr'>ita</span> <span class='ocrx_word' id='word_1_404' title='bbox 619 2780 747 2813; x_wconf 84' lang='lat' dir='ltr'>aptum,</span> <span class='ocrx_word' id='word_1_405' title='bbox 766 2774 852 2813; x_wconf 90' lang='lat' dir='ltr'>quod</span> <span class='ocrx_word' id='word_1_406' title='bbox 875 2774 972 2803; x_wconf 79' lang='lat' dir='ltr'>refer-</span> <span class='ocrx_word' id='word_1_407' title='bbox 1014 2774 1156 2804; x_wconf 79' lang='lat' dir='ltr'>correxit</span> <span class='ocrx_word' id='word_1_408' title='bbox 1168 2774 1237 2804; x_wconf 75' lang='lat' dir='ltr'>Jac.</span> <span class='ocrx_word' id='word_1_409' title='bbox 1253 2773 1447 2802; x_wconf 85' lang='lat' dir='ltr'>Gronovius.</span> <span class='ocrx_word' id='word_1_410' title='bbox 1491 2771 1555 2802; x_wconf 83' lang='lat' dir='ltr'>Res</span> <span class='ocrx_word' id='word_1_411' title='bbox 1571 2773 1640 2812; x_wconf 84' lang='lat' dir='ltr'>ipsa</span> <span class='ocrx_word' id='word_1_412' title='bbox 1653 2771 1712 2802; x_wconf 85' lang='lat' dir='ltr'>do-</span> 
     </span>
     <span class='ocr_line' id='line_1_48' title="bbox 271 2813 1710 2856; baseline 0.001 -12"><span class='ocrx_word' id='word_1_413' title='bbox 271 2820 328 2844; x_wconf 76' lang='lat' dir='ltr'>tnr</span> <span class='ocrx_word' id='word_1_414' title='bbox 352 2816 454 2854; x_wconf 65' lang='lat' dir='ltr'>magis</span> <span class='ocrx_word' id='word_1_415' title='bbox 481 2816 519 2845; x_wconf 84' lang='lat' dir='ltr'>ad</span> <span class='ocrx_word' id='word_1_416' title='bbox 545 2826 664 2852; x_wconf 84' lang='lat' dir='ltr'>mores,</span> <span class='ocrx_word' id='word_1_417' title='bbox 692 2826 789 2855; x_wconf 78' lang='lat' dir='ltr'>quain</span> <span class='ocrx_word' id='word_1_418' title='bbox 818 2816 858 2846; x_wconf 87' lang='lat' dir='ltr'>ad</span> <span class='ocrx_word' id='word_1_419' title='bbox 883 2816 971 2855; x_wconf 79' lang='lat' dir='ltr'>inge·</span> <span class='ocrx_word' id='word_1_420' title='bbox 1015 2823 1079 2853; x_wconf 74' lang='lat' dir='ltr'>cet,</span> <span class='ocrx_word' id='word_1_421' title='bbox 1103 2816 1274 2856; x_wconf 75' lang='lat' dir='ltr'>opponitur</span> <span class='ocrx_word' id='word_1_422' title='bbox 1295 2824 1362 2845; x_wconf 84' lang='lat' dir='ltr'>esse</span> <span class='ocrx_word' id='word_1_423' title='bbox 1385 2823 1516 2844; x_wconf 86' lang='lat' dir='ltr'>verum:</span> <span class='ocrx_word' id='word_1_424' title='bbox 1540 2813 1595 2845; x_wconf 81' lang='lat' dir='ltr'>sed</span> <span class='ocrx_word' id='word_1_425' title='bbox 1617 2818 1651 2856; x_wconf 54' lang='lat' dir='ltr'>et</span> <span class='ocrx_word' id='word_1_426' title='bbox 1674 2815 1710 2846; x_wconf 83' lang='lat' dir='ltr'>in</span> 
     </span>
     <span class='ocr_line' id='line_1_49' title="bbox 271 2858 1460 2898; baseline -0.001 -10"><span class='ocrx_word' id='word_1_427' title='bbox 271 2858 374 2888; x_wconf 83' lang='lat' dir='ltr'>nium.</span> <span class='ocrx_word' id='word_1_428' title='bbox 431 2858 484 2889; x_wconf 75' lang='lat' dir='ltr'>Ita</span> <span class='ocrx_word' id='word_1_429' title='bbox 512 2858 613 2889; x_wconf 80' lang='lat' dir='ltr'>edidit</span> <span class='ocrx_word' id='word_1_430' title='bbox 645 2859 768 2898; x_wconf 82' lang='lat' dir='ltr'>pr&#39;unus</span> <span class='ocrx_word' id='word_1_431' title='bbox 795 2858 910 2895; x_wconf 82' lang='lat' dir='ltr'>Aldus,</span> <span class='ocrx_word' id='word_1_432' title='bbox 939 2864 974 2888; x_wconf 80' lang='lat' dir='ltr'>et.</span> <span class='ocrx_word' id='word_1_433' title='bbox 1015 2859 1095 2890; x_wconf 86' lang='lat' dir='ltr'>Mss.</span> <span class='ocrx_word' id='word_1_434' title='bbox 1112 2858 1205 2889; x_wconf 85' lang='lat' dir='ltr'>bonis</span> <span class='ocrx_word' id='word_1_435' title='bbox 1219 2862 1387 2898; x_wconf 85' lang='lat' dir='ltr'>repertum</span> <span class='ocrx_word' id='word_1_436' title='bbox 1399 2862 1460 2888; x_wconf 77' lang='lat' dir='ltr'>est.</span> 
     </span>
    </p>
   </div>
  </div>
 </body>
</html>
