1907 3231
512 142 635 183 ACT.
671 142 727 179 II.
777 140 964 179 LIBER
1001 137 1244 178 PRIMUS.
1527 141 1599 176 125

164 247 322 303 partim
344 245 479 288 securi
509 245 733 301 percussit,
765 245 920 301 partim
943 243 988 285 in
1018 243 1200 285 vinculis
1223 242 1407 293 necavit,
1441 243 1598 297 partim

167 305 441 360 implorantes
467 303 569 358 jura
598 303 808 344 libertatis
830 311 883 343 -et
904 301 1099 343 'civitatis
1135 301 1178 340 in
1211 313 1383 339 crucem
1413 299 1599 340 sustulit.
1623 301 1627 306 '

168 360 363 417 Rapiunt
382 374 480 400 eum
502 360 555 400 ad
589 359 846 416 supplicium
881 359 940 400 dii
975 358 1127 414 patrii:
1160 356 1275 411 quod
1299 355 1380 395 iste
1402 355 1600 396 inventus

166 427 245 469 est,
276 418 348 473 qui
368 431 391 457 e
413 416 642 472 complexu
662 428 886 472 parentum
918 417 1120 471 abreptos
1148 413 1258 454 filios
1281 412 1333 453 ad
1353 426 1501 452 necem
1523 413 1602 453 du-

165 483 294 525 ceret,
325 483 369 515 et
390 483 586 529 parentes
610 475 794 529 pretium
827 488 904 530 pro
938 473 1155 529 sepultura
1185 469 1369 511 liberum
1393 481 1601 524 posceret.

167 530 417 587 Religiones
436 546 535 572 vero
548 532 914 586 caeremoniaeque
932 530 1126 571 omnium
1145 541 1361 568 sacrorum
1383 526 1603 566 fanorum-

166 602 250 642 que
271 588 457 639 violatae,
489 588 799 644 simulacraque
831 589 1024 638 deorum,
1055 601 1152 642 quae
1174 599 1261 625 non
1284 583 1413 624 modo
1436 598 1489 623 ex
1515 583 1602 623 suis

167 644 338 700 templis
360 645 504 686 ablata
538 656 650 696 sunt,
682 646 754 686 sed
785 645 915 686 etiam
939 645 1089 700 jacent
1120 643 1164 683 in
1200 641 1400 690 tenebris,
1431 640 1485 680 ab
1518 641 1603 680 isto

168 711 333 743 retrusa
354 711 483 757 atque
501 703 662 753 abdita,
685 703 917 744 consistere
936 702 1027 756 ejus
1050 701 1240 741 animum
1263 698 1353 738 sine
1375 696 1517 738 furore
1538 706 1603 738 at-

167 773 250 814 que
283 760 471 800 amentia
502 775 589 800 non
623 761 783 800 sinunt.
844 759 997 813 Neque
1027 759 1107 798 iste
1135 757 1241 796 mihi
1275 755 1443 796 videtur
1477 769 1520 795 se
1549 754 1639 800 adg

168 816 490 857 damnationem
520 816 672 858 offerre
702 816 854 866 solum,
885 829 1023 870 neque
1055 815 1139 855 hoc
1168 813 1359 854 avaritiae
1393 808 1632 868 supplicio‘

169 874 405 924 communi,
428 875 501 929 qui
526 889 568 914 se
592 883 657 914 tot
678 873 906 915 sceleribus
928 872 1224 921 obstrinxerit,
1246 878 1474 910 contentus
1492 883 1605 911 esse:

170 930 432 987 singularem
462 931 676 986 quandam
706 944 884 986 poenam
909 930 1030 971 istius
1057 927 1256 969 immanis
1287 935 1415 981 atque
1448 926 1609 982 impor-

167 996 274 1029 tuna
295 998 446 1029 natura
466 988 691 1029 desiderat.
726 988 828 1028 Non
846 987 889 1027 id
910 988 1046 1028 solum
1065 986 1286 1042 quaeritur,
1308 994 1370 1034 ut,
1392 983 1474 1024 isto
1489 983 1609 1023 dam-

168 1055 288 1096 nato,
322 1046 436 1085 bona
458 1046 736 1086 restituantur
758 1045 823 1096 iis,
856 1045 1012 1099 quibus
1034 1052 1181 1099 erepta
1202 1050 1326 1083 sunt:
1359 1041 1430 1081 sed
1449 1050 1492 1081 et
1512 1040 1611 1081 reli-

170 1102 320 1158 giones
341 1102 518 1143 deorum
541 1102 847 1143 immortalium
870 1102 1112 1158 expiandae,
1143 1109 1187 1141 et
1205 1099 1366 1141 civium
1390 1098 1610 1138 Romano-

170 1174 266 1200 rum
298 1160 527 1211 cruciatus,
569 1159 887 1214 multorumque
929 1158 1225 1200 innocentium
1256 1156 1444 1211 sanguis,
1487 1155 1609 1195 istius

171 1216 385 1272 supplicio
420 1216 597 1258 luendus
628 1226 706 1258 est.
768 1217 869 1258 Non
903 1217 1018 1257 enim
1052 1216 1205 1265 furem,
1237 1213 1310 1255 sed
1344 1222 1646 1268 ereptoremz9

171 1288 258 1314 non
281 1274 537 1325 adulterum,
570 1275 642 1315 sed
670 1283 1014 1330 expugnatorem
1046 1271 1296 1329 pudicitiae:
1328 1285 1416 1311 non
1442 1269 1610 1310 sacrile-

171 1345 290 1386 gum,
322 1331 394 1372 sed
428 1331 596 1372 hostem
631 1346 850 1372 sacrorum
884 1331 1253 1386 religionumque:
1286 1342 1373 1368 non
1396 1327 1612 1377 sicarium,

171 1388 244 1429 sed
266 1388 606 1429 crudelissimum
640 1388 887 1429 carnificem
917 1388 1079 1429 civium
1115 1386 1431 1439 sociorumque,
1465 1384 1508 1424 in
1543 1399 1614 1425 ve-

175 1454 310 1486 strum
337 1445 553 1500 judicium
586 1445 866 1487 adduximus:
900 1454 949 1486 ut
979 1459 1061 1500 ego
1095 1443 1211 1484 hunc
1240 1457 1374 1483 unum
1403 1441 1615 1497 ejusmodi

175 1517 295 1543 reum
318 1511 414 1558 post
436 1503 661 1544 hominum
679 1503 934 1545 memoriam
955 1501 1087 1544 fuisse
1108 1501 1303 1551 arbitrer,
1327 1499 1396 1541 eui
1422 1499 1615 1540 damnari

170 1559 411 1615 expediret.

233 1617 348 1658 Nam
370 1617 465 1672 quis
499 1617 583 1659 hoc
608 1633 694 1659 non
720 1617 937 1675 intelligit,
968 1617 1099 1658 istum
1126 1615 1386 1665 absolutum,
1420 1614 1501 1655 diis
1535 1614 1662 1680 lio-4

173 1674 449 1730 minibusque
471 1675 633 1726 invitis,
665 1685 807 1717 tamen
831 1691 885 1717 ex
907 1676 1106 1716 manibus
1130 1673 1277 1730 populi
1301 1672 1488 1713 Romani
1507 1672 1613 1728 eripi

172 1731 291 1772 nullo
314 1732 443 1773 modo
468 1736 618 1788 posse?
658 1733 769 1780 Quis
792 1733 876 1774 hoc
897 1748 984 1774 non
1005 1732 1224 1788 perspicit,
1245 1730 1447 1787 praeclare
1467 1730 1615 1771 nobis-

172 1804 274 1830 cum
303 1799 447 1831 actum
470 1790 536 1840 iri,
567 1791 601 1831 si
632 1790 816 1846 populus
840 1791 1063 1831 Romanus
1092 1789 1214 1830 istius
1248 1788 1373 1829 unius
1403 1787 1613 1845 supplicio
1627 1795 1725 1832 [uta.

170 1850 191 1880 9
214 1856 441 1888 contentus
464 1847 608 1899 fuerit,
640 1863 689 1889 ac
712 1863 798 1889 non
823 1849 883 1889 sic
909 1847 1126 1898 statuerit,
1148 1861 1236 1887 non
1256 1846 1386 1886 istum
1407 1845 1547 1900 majus
1570 1845 1655 1886 ina·

173 1917 264 1944 sese
287 1904 421 1946 scelus
444 1906 706 1961 concepisse,
736 1921 835 1947 cum
860 1906 958 1946 fana
977 1905 1184 1960 spoliarit,
1209 1917 1308 1944 cum
1331 1909 1396 1944 tot
1418 1902 1615 1943 homines

175 1961 426 2003 innoeentes
461 1964 637 2013 necarit,
669 1978 767 2004 cum
800 1964 915 2004 cives
955 1962 1179 2003 Romanos
1214 1970 1366 2010 morte,
1405 1960 1614 2009 cruciatu,

175 2033 303 2060 cruce
344 2019 556 2072 affecerit3
589 2035 688 2061 cum
727 2021 981 2077 praedonum
1022 2020 1168 2070 duces,
1198 2028 1377 2073 accepta
1418 2018 1615 2073 pecunia,

176 2076 416 2129 dimiserit3
447 2092 575 2133 quam
597 2092 685 2128 eos,
718 2079 752 2119 si
777 2079 850 2133 qui
882 2079 1013 2118 istum
1044 2087 1124 2128 tot,
1155 2075 1300 2125 tantis,
1334 2084 1421 2115 tam
1444 2074 1618 2116 nefariis

174 2133 409 2175 sceleribus
432 2145 699 2191 coopertum,
724 2136 859 2191 jurati
883 2135 1095 2176 sententia
1113 2149 1189 2176 sua
1210 2132 1455 2174 liberarint?
1517 2131 1616 2174 Non
1634 2143 1681 2175 10

177 2200 257 2242 est,
289 2206 377 2232 non
398 2202 463 2233 est
485 2193 529 2233 in
553 2192 635 2234 hoe
666 2193 841 2233 homine
870 2193 1072 2249 cuiquam
1104 2191 1312 2247 peccandi
1339 2190 1474 2241 locus,
1500 2189 1620 2244 judi-

177 2263 275 2290 ces:
307 2264 394 2290 non
436 2250 472 2290 is
513 2260 578 2291 est
617 2265 727 2301 reus,
758 2265 845 2291 non
878 2250 922 2291 id
957 2260 1142 2306 tempus,
1174 2262 1261 2288 non
1296 2247 1339 2288 id
1378 2247 1621 2297 consilium,

182 2309 349 2359 (metuo
371 2321 425 2348 ne
447 2308 550 2362 quid
580 2308 850 2364 arrogantius
875 2307 988 2363 apud
1012 2307 1116 2348 tales
1142 2306 1256 2346 viros
1281 2304 1428 2346 videar
1447 2304 1622 2355 dicere,)

183 2377 240 2404 ne
263 2372 384 2405 actor
405 2366 579 2420 quidem
603 2375 667 2406 est
691 2366 740 2415 is,
772 2366 841 2406 cui
871 2380 965 2406 reus
990 2374 1078 2405 tam
1100 2377 1274 2413 nocens,
1307 2372 1394 2402 tam
1418 2361 1625 2417 perditus,

180 2429 270 2462 tam
310 2422 464 2473 vietus,
496 2433 570 2464 aut
611 2422 780 2464 occulte
819 2423 988 2478 surripi,
1019 2431 1094 2462 aut
1122 2422 1298 2475 impune
1331 2419 1438 2475 eripi
1474 2420 1624 2476 possit.

181 2477 266 2519 His
306 2493 389 2535 ego
417 2479 642 2535 judicibus
677 2495 763 2521 non
795 2480 1004 2535 probabo,
1039 2478 1090 2520 C.
1114 2478 1293 2518 Verrem
1326 2484 1478 2517 contra
1509 2476 1625 2532 leges

182 2536 388 2590 pecunias
412 2538 603 2593 cepisse?
635 2538 910 2579 sustinebunt
933 2536 1037 2577 tales
1061 2536 1154 2586 viri,
1187 2549 1231 2575 se
1254 2543 1317 2575 tot
1341 2534 1624 2584 senatoribus,

181 2603 246 2633 tot
279 2594 497 2648 equitibus
531 2595 755 2645 Romanis,
790 2606 855 2635 tot
887 2594 1151 2642 civitatibus,
1184 2602 1250 2633 tot
1278 2591 1525 2632 hominibus
1547 2591 1627 2632 ho-

179 2651 434 2692 nestissimis
460 2666 515 2693 ex
540 2662 627 2694 tam
655 2653 808 2694 illustri
842 2652 1078 2708 prorincia,
1111 2659 1177 2691 tot
1206 2649 1463 2705 populorum
1487 2649 1629 2705 priva-

181 2773 315 2805 Sallust.
339 2774 413 2806 Cat.
430 2778 479 2807 31.
496 2781 578 2807 extr.
596 2778 637 2807 ab
652 2778 792 2808 inimicis
801 2787 885 2819 proe-
930 2786 1005 2806 vero
1027 2776 1074 2806 sic.
1095 2776 1159 2807 Ms.
1181 2776 1244 2807 Gu.
1265 2781 1298 2807 et
1315 2775 1361 2805 sic
1385 2775 1568 2805 Priscianus
1584 2775 1631 2804 10-

181 2825 254 2855 ceps
268 2827 361 2856 agor.
931 2829 1006 2849 euin
1031 2824 1268 2850 commemorat
1289 2818 1326 2849 L.
1348 2817 1474 2848 XVIII.
1490 2827 1521 2857 p.
1541 2820 1632 2848 1155.

225 2863 245 2892 9
267 2863 434 2891 contentus
447 2860 524 2900 erit]
552 2861 639 2900 Quia
659 2862 806 2901 sequitur
822 2866 888 2892 sta·
932 2861 981 2893 ed.
998 2861 1131 2892 Putsch.
1176 2861 1288 2902 Itaque
1302 2861 1347 2891 sic
1361 2860 1495 2891 correxi.
1554 2867 1559 2870 ·

182 2901 298 2939 tuerit,
313 2901 490 2942 legendum
505 2904 625 2934 credidi
629 2903 742 2944 fuerit
754 2906 769 2933 f
807 2904 889 2936 Eece
1350 2911 1353 2912 ⁷
1440 2908 1444 2912 ”
