1907 3231
302 137 376 171 632
895 139 1143 176 ORATIO

302 238 611 294 promulgavit,
634 241 827 291 ostendi;
861 241 1012 283 doceat
1036 242 1140 297 ipse,
1171 255 1274 281 num
1305 255 1387 297 ego
1417 255 1544 297 quem
1571 254 1737 298 posses-

303 310 442 335 sorem
464 296 705 348 defendam,
737 313 835 338 culn
870 298 1048 353 agrariae
1080 298 1163 354 legi
1194 299 1360 339 resisto.
1421 299 1582 340 Silvam
1606 300 1738 340 Scan-

305 352 407 392 tiam
434 354 596 395 vendis.
651 359 683 386 ll
703 355 942 410 respublica
964 355 1177 409 possidet:
1210 355 1411 396 defendo.
1465 356 1736 411 Campanum

305 424 456 465 agrum
478 411 660 453 dividis:
685 426 758 451 vos
781 411 881 450 estis
904 411 946 450 in
971 412 1263 467 possessione:
1287 428 1372 454 non
1395 414 1517 454 cedo.
1572 413 1739 454 Deinde

306 466 460 519 ltaliae,
484 468 658 518 Siciliae,
675 478 998 522 ceterarumque
1013 469 1328 523 provinciarum
1353 471 1654 526 possessioneS‚
1669 484 1740 510 ve-

304 524 419 565 nales
454 540 503 566 ac
537 526 798 580 proscriptas
831 524 913 565 hac
948 525 1041 581 lege
1076 526 1223 567 video:
1257 538 1396 568 vestra
1425 537 1523 569 sunt
1563 527 1740 584 praedia,

285 592 457 623 'vestrae
490 582 792 638 possessiones,
824 582 1016 622 resistam
1047 592 1176 637 atque
1204 585 1475 639 repugnabo;
1506 599 1644 641 neque
1666 599 1741 640 pa-

285 638 400 689 'tia1·,
425 656 447 679 a
469 653 686 694 quoquam
709 638 917 694 populum
942 639 1188 680 Romanum
1207 641 1259 681 de
1276 642 1361 681 suis
1385 641 1740 696 possessionibuS,

307 710 375 736 me
403 695 591 745 consule,
613 696 851 737 demoveri:
885 697 1125 752 praesertim
1154 712 1254 738 cum
1286 698 1406 738 vobis
1439 699 1546 740 nihil
1575 712 1742 754 quaera-

247 752 294 786 16
308 763 389 793 tur.
452 752 552 793 Hoc
582 753 696 793 enirn
720 767 794 793 vos
820 753 910 794 12in
940 768 1080 795 errore
1111 755 1267 795 versari
1300 755 1462 796 diutius
1495 771 1581 797 non
1613 771 1743 812 opor·

307 820 381 852 tet,
444 810 561 850 Num
592 810 687 866 quis
712 810 900 851 vestrum
923 811 975 852 ad
1009 812 1109 862 vim,
1132 813 1185 852 ad
1208 812 1388 863 facinus,
1412 813 1464 853 ad
1486 813 1649 854 caedem
1670 827 1742 854 ac-

304 867 604 908 commodatus
629 870 717 909 est?
749 882 890 909 nemo.
952 867 1087 924 Atqui
1117 870 1155 910 ei
1187 870 1333 925 generi
1367 870 1606 921 hominum,
1633 869 1741 910 mihi

303 925 479 975 credite,
509 924 756 980 Campanus
788 940 904 981 ager,
935 935 979 966 et
1005 927 1210 982 praeclara
1241 926 1313 967 illa
1344 926 1496 982 Capua
1526 935 1741 969 servatur:

302 982 519 1023 exercitus
561 992 712 1023 contra
755 997 844 1032 VOS,
880 993 1032 1024 contra
1070 984 1315 1025 libertatem
1357 993 1556 1036 vestram,
1593 993 1745 1025 contra

303 1038 387 1080 Cn.
416 1039 673 1095 Pompeium
708 1039 1012 1082 constituitur:
1045 1051 1196 1081 contra
1227 1042 1340 1083 hanc
1369 1043 1533 1092 urbem,
1566 1041 1741 1097 Capua:

301 1106 454 1138 contra
477 1112 567 1148 vos,
599 1112 750 1137 manus
783 1097 1006 1138 hominum
1038 1098 1444 1140 audacissimorum:
1477 1108 1629 1140 contra
1660 1097 1744 1139 Cn.

303 1153 576 1210 Pompeium,
619 1155 766 1195 decem
809 1155 938 1195 duces
974 1165 1293 1211 comparantur.
1354 1157 1542 1197 Veniant
1581 1170 1742 1206 coram,

301 1220 358 1262 et,
390 1212 594 1267 quoniam
633 1215 666 1242 ¹3
682 1226 749 1252 me
784 1212 826 1252 in
864 1221 1048 1252 vestram
1079 1213 1350 1265 concionem,
1385 1213 1507 1255 vobis
1541 1213 1741 1270 flagitan-

302 1269 433 1321 tibus,
457 1277 819 1321 convocaverunt,
843 1270 1068 1310 disserant.

193 581 225 613 p.
240 575 280 606 90

264 625 281 644 a

346 1405 380 1432 11
405 1412 488 1442 resp.
499 1401 652 1442 possidet]
677 1401 784 1431 Graev.
800 1402 941 1441 populus
957 1400 1000 1432 R.
1091 1404 1126 1432 13
1150 1412 1200 1432 me
1222 1401 1258 1431 in
1279 1405 1424 1432 vestram
1449 1401 1745 1432 concionem—con-

299 1445 393 1477 bene.
439 1446 492 1475 Sic
517 1446 552 1475 in
575 1444 667 1474 libris
682 1444 895 1474 Lauredanus
910 1454 1001 1484 repe-
1043 1444 1256 1483 vocaverunt]
1292 1444 1381 1474 Male
1416 1444 1577 1474 Gruterus
1610 1443 1747 1482 corrigit

300 1487 357 1523 rit,
369 1488 414 1517 sic
429 1488 536 1517 Graev.
551 1488 586 1517 in
601 1487 714 1516 Franc.
732 1486 812 1516 Edd.
829 1496 876 1526 pr.
895 1486 936 1516 H.
955 1486 998 1516 P.
1046 1492 1253 1522 vocaverunt,
1288 1486 1375 1525 quod
1402 1496 1581 1517 convocare
1607 1485 1647 1515 de
1679 1494 1747 1515 uno

347 1532 384 1560 12
407 1530 441 1559 in
469 1539 577 1559 errore
602 1529 742 1568 versari]
775 1528 817 1558 In
843 1529 884 1558 ab
912 1528 1001 1558 libris
1045 1538 1111 1558 non
1134 1529 1272 1558 dicatur.
1317 1528 1380 1558 Sed
1403 1528 1610 1558 referendum
1631 1530 1681 1558 est
1703 1527 1746 1558 ad

300 1572 493 1611 quibusdam
513 1582 574 1601 scr.
591 1574 624 1600 et
639 1571 709 1601 edd.
725 1571 830 1607 abest,
846 1570 932 1609 quod
952 1581 1001 1601 se-
1044 1580 1111 1607 eos,
1131 1571 1186 1609 qui
1210 1570 1402 1601 Ciceronem
1425 1575 1601 1600 vocarant:
1625 1578 1742 1600 omnes

300 1620 396 1643 cutus
411 1619 461 1644 est
474 1615 635 1643 Gruterus
651 1623 717 1643 non
731 1613 824 1642 bene.
869 1613 1001 1643 Rectius
1045 1613 1233 1649 voluerunt,
1257 1623 1309 1642 me
1333 1612 1367 1642 in
1394 1613 1584 1642 concionem
1616 1611 1742 1641 venire:

301 1656 447 1694 Graevius
468 1658 502 1686 in
518 1657 674 1687 restituit.
719 1656 847 1685 Primus
862 1656 897 1686 in
913 1655 1002 1686 addi·
1045 1655 1090 1684 sie
1116 1655 1311 1685 conscribere
1330 1656 1498 1694 epistolam
1517 1655 1557 1684 de
1575 1653 1745 1685 communi

300 1698 349 1729 dit
362 1698 474 1729 Aldus.
1045 1697 1185 1738 epistola
1197 1697 1330 1735 dicitur,
1346 1702 1380 1728 et
1394 1696 1459 1727 alia
1470 1697 1600 1727 similia.

260 1858 294 1888 b·
599 1858 671 1905 M.
710 1855 980 1904 TULLII
1024 1854 1451 1903 CICERONIS

1011 1962 1072 1989 Ro

455 1963 1598 2106 cuAsspii-zlo,

631 2120 1228 2201 PERDUELLIONiS
1273 2148 1431 2200 REO,

999 2242 1063 2269 AD

774 2309 829 2370 Q
850 2307 957 2388 U}
980 2308 1030 2360 R
1050 2307 1076 2362 1
1095 2307 1142 2360 T
1163 2307 1212 2360 E
1233 2306 1285 2361 s,

696 2414 898 2454 ORATIO
926 2414 1357 2453 OCTAVADECIMA.

824 2577 1229 2614 ARGUMENTUM.

311 2664 399 2700 Cum
421 2662 458 2698 C.
480 2660 602 2696 Morio
631 2663 666 2694 et
694 2657 738 2693 L.
765 2657 908 2692 Valerio
930 2656 1060 2692 COSS.
1087 2658 1280 2693 seditiosus
1314 2656 1346 2691 T
1342 2655 1409 2691 rib.
1435 2655 1487 2703 pl.
1518 2654 1750 2696 Saturninus,

360 2716 535 2763 permissa
568 2710 697 2747 COSS.
727 2710 824 2746 SCto
851 2710 1049 2756 republica,
1080 2708 1290 2757 inteifectus
1322 2712 1422 2748 esset,
1445 2719 1505 2742 sex
1535 2711 1571 2742 et
1596 2709 1754 2754 triginta

360 2767 465 2802 annis
490 2770 586 2812 post,
609 2764 778 2799 Cicerone
799 2762 952 2797 Consule
981 2761 1019 2796 C.
1040 2761 1213 2796 Rabirius
1237 2760 1498 2809 perduellionis
1525 2770 1606 2794 reus
1622 2758 1754 2808 factus

360 2824 411 2855 est
440 2830 461 2853 (ι
487 2818 524 2852 T.
545 2818 650 2852 Attio
670 2815 840 2854 Labieno,
872 2815 935 2861 qui
963 2813 1142 2849 hominem
1168 2816 1435 2849 sacrosanctum
1462 2811 1703 2847 Saturninum
1730 2823 1754 2846 α

359 2871 514 2908 Rabirio
534 2867 764 2918 interfectum
793 2866 945 2903 dicebat.
1003 2866 1121 2902 Causa
1140 2870 1223 2902 acta
1241 2870 1293 2901 est
1316 2866 1437 2913 primo
1462 2865 1511 2900 ad
1528 2863 1754 2907 Duumviros
