1907 3231
569 117 689 156 PRo
715 115 879 155 LEGE
910 101 1188 155 MANILIA.
1531 119 1603 155 501

149 223 344 267 tradidit.
403 221 552 264 Multa
588 220 798 278 praetereo
829 221 1054 265 consulto:
1099 224 1141 256 39
1159 220 1230 262 sed
1264 235 1321 262 ea·
1348 236 1424 263 vos
1457 222 1606 279 conje-

149 292 274 324 ctura
307 280 574 339 perspicitis:
605 282 871 337 4⁰quantum
903 280 1018 322 illud
1038 279 1196 322 bellum
1231 277 1395 320 factum
1425 281 1602 336 putetiS,

148 340 268 397 quod
289 339 560 394 conjungant
589 352 712 395 reges
743 337 1049 396 potentissimi,
1073 345 1284 379 renovent
1315 337 1491 392 agitatae
1525 353 1602 379 na-

148 398 306 448 tiones,
337 395 575 452 suscipiant
603 396 787 454 integrae.
824 406 989 454 gentes,
1027 410 1166 437 novus
1193 395 1428 450 imperator
1459 405 1600 436 vester

150 455 353 512 accipiat,
373 464 519 496 vetere
551 453 676 510 pulso
697 456 920 496 exercitu?
953 454 1066 495 Satis
1089 453 1196 495 mihi
1225 451 1363 493 multa
1381 452 1515 492 verba
1536 452 1598 493 fe·
1617 452 1683 499 10

147 513 258 554 cisse
287 512 450 563 videor,
472 526 603 567 quare
634 511 717 554 hoc
748 512 909 554 bellum
939 521 1065 563 esset,
1089 524 1245 569 genere
1276 510 1372 567 ipso
1402 523 1597 550 necessa·
1609 524 1661 562 (ῃ

145 569 598 627 riuin,'magnitudine
616 570 926 626 periculosum:
961 579 1106 621 restat,
1122 578 1172 610 ut
1192 568 1245 610 de
1265 568 1524 624 imperatore
1545 568 1599 609 ad

148 625 193 669 id
215 627 376 669 bellum
405 627 651 685 deligendo,
674 644 725 670 ac
751 628 884 670 tantis
907 629 1033 669 rebus
1057 626 1351 684 praeficiendO,
1367 625 1601 667 dicendum

146 699 239 727 esse
259 685 472 727 videatur.

183 743 401 795 ·Utinam‚
439 743 648 796 Quirites,
685 744 876 785 virorum
915 742 1093 785 fortium
1131 751 1261 797 atque
1303 741 1602 783 innocentium

145 801 320 859 copiam
341 810 508 843 tantam
530 801 762 853 haberetis,
783 810 833 842 ut
862 801 960 841 haec
982 801 1106 841 vobis
1134 799 1389 840 deliberatio
1412 799 1602 840 difficilis

144 868 272 911 esset,
294 874 527 916 quemnam
549 859 824 916 potissimum
847 858 979 899 tantis
1000 859 1127 898 rebus
1149 872 1199 898 ac
1219 865 1342 898 tanto
1361 856 1472 897 bello
1490 872 1602 913 prae-

145 916 383 959 ficiendum
415 918 648 974 putaretis!
684 916 814 957 Nunc
844 931 945 957 vcro
980 930 1080 957 cum
1113 915 1169 956 sit
1204 929 1314 955 unus
1350 913 1432 955 Cn.
1468 913 1600 955 Pom-

144 975 283 1031 peius,
305 975 380 1032 qui
401 990 489 1016 non
516 974 647 1015 modo
669 988 819 1015 eorum
849 973 1092 1024 hominum,
1115 972 1188 1029 qui
1219 987 1336 1013 nunc
1367 981 1482 1023 sunt,
1505 971 1600 1028 glo-

144 1033 269 1086 riam,
299 1033 373 1074 sed
402 1033 533 1074 etiam
569 1032 840 1088 antiquitatis
875 1032 1130 1072 memoriam
1159 1030 1321 1071 virtute
1360 1030 1598 1086 superarit3

144 1105 243 1146 quae
266 1104 332 1132 res
353 1100 433 1142 est,
456 1105 554 1147 quae
576 1090 847 1146 cujusquam-
864 1090 1056 1130 animum
1088 1089 1132 1129 in
1163 1087 1245 1130 hac
1267 1103 1396 1130 causa
1417 1088 1595 1129 dubium

145 1149 288 1190 facere
309 1149 476 1205 possit?
510 1147 605 1205 Ego
625 1149 741 1190 enim
764 1148 825 1189 sic
847 1148 1067 1198 existimo,
1087 1147 1129 1187 in
1153 1161 1322 1187 summo
1341 1146 1598 1202 imperatore
1610 1151 1662 1185 28

143 1214 333 1263 quatuor
352 1207 429 1248 has
452 1221 517 1248 res
540 1207 679 1247 inesse
702 1216 916 1262 oportere,
936 1204 1166 1261 scientiam
1193 1204 1253 1245 rei
1276 1204 1490 1255 militaris,
1513 1203 1600 1244 vir-

144 1272 299 1316 tutem,
323 1264 643 1316 auctoritatem,
666 1264 934 1305 felicitatem.
997 1263 1108 1310 Quis
1144 1262 1277 1317 igitur
1307 1262 1392 1303 hoc
1423 1261 1600 1303 homine

143 1322 353 1364 scientior
389 1322 595 1378 umq'uam
638 1330 713 1363 aut
750 1322 849 1374 fuit,
883 1329 958 1362 aut
992 1335 1084 1362 esse
1120 1320 1298 1362 debuit?
1330 1320 1405 1375 qui
1441 1334 1464 1360 e
1498 1319 1600 1361 ludo

142 1381 325 1437 ⁴¹atque
354 1380 554 1438 pueritiae
585 1379 828 1436 disciplina,
853 1378 964 1421 bello
986 1378 1196 1428 inaximo,
1218 1386 1349 1433 atque
1380 1377 1600 1418 acerrimis

143 1436 359 1491 hostibus,
382 1439 435 1480 ad
457 1437 592 1494 patris
614 1438 871 1487 exercitum,
894 1446 1024 1492 atque
1055 1436 1100 1477 in
1130 1435 1300 1476 militiae
1323 1435 1599 1492 disciplinam

142 1495 366 1552 profectus
396 1498 490 1538 est?
520 1495 595 1550 qui
617 1505 814 1537 extrema
844 1494 1031 1551 pueritia
1061 1493 1183 1534 miles
1216 1492 1300 1533 fuit
1331 1493 1488 1534 summi
1519 1493 1601 1534 im-

142 1553 382 1610 peratoris?
413 1553 591 1594 ineunte
621 1552 913 1595 adolescentia
932 1551 1115 1593 maximi
1147 1551 1240 1607 ipse
1270 1550 1487 1591 exercitus
1519 1550 1602 1591 im-

142 1614 344 1668 perator?
376 1612 450 1666 qui
481 1611 641 1668 saepius
671 1626 772 1653 cum
801 1611 928 1652 hoste
959 1608 1177 1660 conflixit,
1209 1623 1339 1664 quam
1371 1608 1601 1664 quisquam

142 1681 244 1712 cum
275 1669 454 1711 inimico
487 1670 784 1711 concertavit?
816 1668 940 1725 plura
970 1667 1083 1709 bella
1119 1667 1267 1723 gessit,
1305 1681 1436 1722 quam
1467 1666 1600 1708 ceteri

140 1727 368 1785 legerunt?
399 1727 541 1784 plures
573 1727 819 1783 provincias
848 1725 1055 1777 confecit,
1077 1739 1207 1781 quam
1239 1724 1312 1766 alii
1334 1724 1599 1781 concupive-

141 1788 272 1828 runt?
296 1785 420 1840 cujus
443 1785 735 1826 adolescentia
757 1784 809 1826 ad
833 1784 1059 1826 scientiam
1081 1783 1141 1824 rei
1163 1781 1362 1823 militaris
1383 1797 1471 1823 non
1495 1781 1599 1823 alie-

140 1843 209 1885 nis
234 1843 478 1900 praeceptiS,
500 1843 574 1884 sed
596 1844 683 1884 suis
706 1843 913 1899 imperiis,
936 1857 1024 1883 non
1046 1840 1359 1882 offensionibus
1387 1839 1503 1890 belli,
1522 1840 1594 1882 sed
1607 1845 1642 1878 b:

144 1901 355 1953 victoriis,
385 1916 474 1942 non
505 1901 748 1957 stipendiis,
780 1899 851 1941 sed
886 1898 1117 1956 triumphis
1139 1908 1205 1939 est
1235 1897 1430 1939 erudita?
1464 1898 1597 1944 Quod

139 1959 331 2016 denique
351 1973 489 2016 genus
514 1958 612 2000 belli
633 1973 726 2000 esse
747 1967 907 2016 potest,
927 1958 971 1999 in
993 1972 1080 2013 quo
1100 1956 1220 1998 illum
1242 1971 1330 1997 non
1352 1955 1599 1998 exercuerit

138 2125 233 2158 dedit
256 2124 371 2163 Aldus,
395 2135 492 2165 quem
516 2125 621 2156 secuti
635 2128 715 2156 sunt
728 2124 843 2156 Victo·

143 2170 211 2200 rius
232 2173 267 2200 ct
290 2168 357 2203 alii.
402 2168 564 2198 Gruterus
588 2173 682 2198 vetus
707 2166 845 2207 confecti

143 2211 321 2249 revocavit,
336 2212 357 2242 i.
370 2221 401 2241 e.
414 2210 524 2246 fracti,
535 2210 699 2241 debilitati
712 2222 719 2239 ε
743 2210 800 2241 sed
814 2210 843 2240 ei

139 2255 310 2295 stipendiis
324 2263 393 2291 non
406 2254 573 2284 eonvenit-
588 2263 667 2284 nam
682 2252 846 2293 stipendia

143 2297 275 2338 proprie
293 2306 362 2328 non
374 2296 564 2338 conficiunt,
580 2296 637 2327 sed
650 2296 745 2327 labor
759 2295 847 2326 mili-

143 2338 203 2371 tilae'
212 2342 249 2371 ‘et
263 2339 395 2370 similia.

184 2384 228 2418 -39
242 2382 349 2413 εεᾶνεα
360 2392 415 2412 vos
423 2392 452 2412 c.
459 2382 644 2422 perspicitis
653 2393 663 2411 .·
684 2384 848 2421 quantum

143 2426 218 2466 δια]
266 2426 318 2455 Sic
347 2425 436 2455 hunc
470 2424 581 2455 locum
608 2424 788 2464 legendum
812 2430 848 2454 et

142 2467 448 2509 interpungendum
466 2468 591 2508 putavi.
614 2467 763 2497 Graevius
774 2476 846 2497 cor-

143 2511 229 2542 rexit
244 2511 419 2552 perspicite
443 2521 461 2541 e
486 2510 567 2540 Mss.
595 2510 724 2541 Erfurt.
746 2509 846 2540 Verd.

144 2554 218 2591 &c.‚
239 2558 280 2584 ut
301 2563 421 2594 nempe
442 2553 624 2584 referretur
649 2552 712 2583 hoe
735 2551 777 2583 ad
798 2562 848 2582 se-

142 2595 289 2635 quentia.
320 2595 384 2627 Sed
397 2596 563 2636 quomodo
576 2596 612 2626 in
627 2596 690 2626 hac
703 2595 846 2626 lectione

143 2643 232 2670 stare
246 2642 369 2679 potest
395 2640 462 2670 ea?
488 2638 575 2678 quod
602 2638 778 2669 manifeste
805 2637 847 2668 ad

144 2681 388 2712 antecedentia
408 2681 568 2722 pertinet,
607 2682 695 2711 sicut
737 2681 847 2720 ipsum

144 2723 338 2763 conjectura
350 2725 497 2754 verbum.
519 2724 592 2754 Nec
607 2723 751 2755 arbitror
763 2723 848 2753 bene

143 2767 207 2798 diei
221 2767 396 2806 perspicite
408 2771 571 2806 quantum
580 2767 715 2807 putetis.

153 2836 158 2837 γ
185 2811 229 2840 40
243 2813 407 2850 quantum
419 2810 507 2840 illud
518 2811 639 2840 bellum
642 2808 782 2849 fizetum
791 2807 846 2848 p.]

145 2851 288 2883 Factum
299 2851 425 2882 habent
442 2852 516 2882 edd.
540 2852 668 2893 primae,
681 2861 786 2889 usque
808 2850 850 2881 ad

144 2894 278 2926 Aldum.
293 2894 330 2925 P.
346 2894 514 2927 Victorius
530 2895 655 2937 primus
669 2893 771 2926 edidit
783 2892 850 2933 fu-

887 2127 1015 2161 turam,
1026 2134 1123 2164 quem
1139 2132 1254 2154 omnes
1270 2121 1374 2153 secuti
1391 2125 1481 2152 sunt.
1504 2120 1597 2151 Grae-

887 2167 958 2197 vius
973 2167 1119 2197 restituit
1123 2165 1276 2207 factum.
1292 2171 1401 2202 recte3
1420 2174 1495 2195 cum
1511 2173 1595 2204 prae-

887 2210 1001 2239 sertim
1019 2210 1053 2240 in
1067 2219 1107 2240 co
1122 2209 1203 2240 Mss.
1220 2208 1443 2239 consentiant.
1466 2207 1596 2247 Nempe

888 2252 1027 2289 bellum,
1043 2252 1134 2292 quod
1146 2251 1309 2283 Lucullus
1328 2260 1487 2289 magnum
1505 2259 1598 2290 repe-

889 2300 990 2333 rerat,
1015 2295 1047 2325 id
1070 2296 1172 2326 etiam
1198 2296 1306 2333 majus
1332 2293 1460 2323 factum
1481 2296 1532 2322 cst
1556 2302 1596 2324 ex

890 2338 947 2375 ii5,·
965 2347 1046 2377 quas
1068 2342 1321 2372 commemorat,
1337 2336 1453 2365 causis.
1499 2336 1597 2365 Cete-

892 2390 966 2411 rum
982 2390 1050 2410 non
1064 2390 1123 2420 pro
1138 2384 1229 2410 certo
1242 2379 1361 2414 dicam,
1373 2377 1482 2408 locum
1497 2378 1597 2417 plane

891 2423 1059 2463 integrum
1074 2433 1155 2458 csse,
1172 2422 1256 2452 nihil
1271 2426 1349 2452 ante
1364 2425 1526 2460 quantum
1541 2431 1596 2450 ex-

889 2466 1003 2496 cidisse
1026 2465 1078 2495 vel
1103 2466 1262 2496 vitiosum
1287 2473 1366 2494 esse.
1411 2462 1598 2495 Lenissima

890 2508 1052 2539 correctio
1066 2507 1199 2538 videtur
1207 2508 1338 2547 putatis
1351 2515 1411 2546 pro
1419 2506 1556 2546 putetis.

931 2554 970 2582 41
996 2548 1456 2591 atquepuevitioedisciplina]
1483 2548 1597 2578 Refer-

888 2599 946 2625 tur
976 2593 1018 2623 ad
1047 2594 1175 2624 ntibieioe
1202 2592 1420 2631 disciplinam.
1479 2591 1598 2630 Itaque

890 2646 958 2667 non
981 2635 1121 2666 debebat
1147 2646 1166 2666 a
1187 2635 1318 2665 Graevio
1333 2634 1452 2673 corrigi
1475 2645 1493 2664 e
1516 2643 1597 2674 pau-

890 2680 936 2709 cis
956 2679 1037 2709 Mss.
1056 2678 1250 2719 disciplinisq
1262 2682 1310 2707 rut
1328 2676 1598 2715 intelligerentur

891 2726 991 2759 artes,
1028 2731 1102 2761 quae
1137 2721 1311 2751 discuntur
1337 2729 1357 2749 a
1375 2730 1379 2743 1
1393 2721 1523 2759 pueris:
1562 2723 1598 2749 et

891 2765 1025 2795 deberet
1047 2763 1121 2794 addi
1144 2762 1353 2804 praepositiof
1363 2765 1463 2801 atque
1477 2773 1499 2792 (ι
1515 2771 1599 2802 pue-

892 2807 978 2837 ritiae
1005 2808 1037 2837 d.
1068 2816 1128 2837 nec
1155 2806 1245 2836 enim
1272 2804 1414 2835 dicimus
1434 2805 1599 2846 prqficssssei

892 2860 909 2879 e
921 2850 1112 2891 disciplinis,
1129 2852 1189 2880 aut
1201 2859 1223 2879 e
1233 2847 1349 2880 literis.

804 2935 936 2978 ΗΚΒ
