1907 3231
377 146 455 180 206
900 144 971 186 IN
997 146 1270 187 VERREM

382 254 522 288 tamen
545 247 670 290 hasce
690 248 818 305 hujus
843 251 1098 307 cupiditates
1120 265 1332 308 exponam
1355 250 1438 291 alio
1458 250 1577 292 loco:
1608 263 1722 292 nunc
1741 247 1794 296 ad

317 303 371 338 89
383 303 607 346 Sthenium
634 317 832 348 revertar.
893 307 1043 362 ltaque
1065 309 1143 349 iste
1166 309 1434 349 vehementer
1458 307 1636 349 Sthenio
1657 306 1795 349 infen-

381 374 466 410 sus,
487 361 720 417 hospitium
741 364 777 404 ei
802 365 1034 406 renuntiat:
1069 365 1197 406 domo
1217 366 1309 420 ejus
1326 365 1520 419 emigrat,
1544 373 1670 419 atque
1687 363 1793 404 adeo

379 418 486 458 exit.
523 433 619 459 nam
646 420 739 474 jam
772 430 870 460 ante
909 421 1124 475 migrarat.
1185 421 1295 463 Eum
1331 432 1472 462 autem
1510 420 1802 473 inimicissimi·

381 473 548 516 Sthenii
578 476 750 516 donnum
782 491 899 516 suain
930 479 1074 518 statim
1105 478 1302 527 invitant,
1333 489 1379 518 ut
1407 479 1597 519 animum
1625 477 1718 532 ers
1750 475 1793 516 in

378 531 604 572 Sthenium
630 533 956 582 inflammarent,
977 535 1246 576 ementiendo
1272 534 1429 589 aliquid
1451 545 1493 576 et
1514 531 1794 576 criminando.

378 590 415 620 97
424 587 482 628 Hi
505 599 643 628 autem
668 600 787 629 erant
805 590 1008 642 [inimici]
1031 590 1288 645 Agathinus,
1307 591 1435 632 homo
1453 591 1622 640 nobilis,
1644 601 1686 631 et
1705 586 1796 636 Do-

379 645 567 695 rotheus,
589 645 659 700 qui
686 646 867 686 habebat
894 647 935 687 in
967 648 1239 688 matrimonio
1271 647 1565 698 Callidamam,
1585 644 1794 702 Agathini

379 701 470 754 ejus
494 701 637 752 tiliam,
658 703 711 743 de
731 717 815 757 qua
837 703 915 744 iste
937 704 1140 744 audierat.
1202 704 1352 759 ltaque
1379 705 1431 746 ad
1454 718 1656 761 generum
1678 702 1795 757 Aga-

380 758 492 798 thini
513 759 695 814 migrare
716 759 881 801 maluit.
933 762 1024 802 Una
1047 775 1131 801 nox
1156 761 1461 813 intercesserat,
1483 775 1581 802 cum
1602 761 1682 801 iste
1704 758 1795 800 Do-

379 814 574 855 rotheum
606 817 665 857 sic
696 816 915 873 diligebat,
945 822 985 851 98
1000 828 1045 858 ut
1074 818 1250 867 diceres,
1281 817 1425 858 omnia
1456 818 1564 859 inter
1595 831 1668 858 eos
1703 828 1794 857 esse

377 873 644 914 communia:
677 872 943 929 Agathinum
965 874 1025 915 ita
1051 875 1320 925 observabat,
1345 883 1390 914 ut
1421 874 1602 929 aliquem
1623 873 1796 914 affinem

248 935 280 966 Ρ·
299 927 427 968 ¹⁶27·ac
440 929 741 984 propinquum.
763 940 1034 972 contemnere
1047 932 1174 972 etiam
1192 931 1361 987 signum
1379 931 1480 972 illud
1503 930 1795 985 Himeraejam

336 980 365 999 ³·
380 985 616 1036 videbatur,
637 987 752 1042 quod
773 1002 870 1028 eum
893 988 1027 1029 multo
1045 989 1182 1044 magis
1202 989 1338 1043 figura
1358 998 1401 1028 et
1421 987 1676 1029 lineamenta
1697 987 1794 1028 hos-

292 1046 361 1099 37
378 1042 478 1096 pitae
501 1043 783 1085 delectabant.
828 1044 979 1099 Itaque
1001 1045 1159 1086 hortari
1182 1045 1374 1086 homines
1395 1045 1547 1100 coepit,
1567 1053 1615 1085 ut
1635 1042 1794 1098 aliquid

315 1118 366 1151 90
378 1098 555 1141 Sthenio
589 1100 762 1155 periculi
784 1111 987 1152 crearent,
1006 1102 1278 1157 criminisque
1299 1102 1607 1157 confingerent.
1666 1099 1798 1143 Dice-

379 1155 482 1196 bant
502 1170 544 1196 se
566 1157 624 1197 illi
647 1157 752 1198 nihil
775 1158 942 1209 habere,
962 1159 1075 1213 quod
1097 1158 1300 1200 dicerent.
1329 1158 1441 1200 Tum
1464 1160 1543 1199 iste
1562 1158 1626 1200 his
1648 1167 1792 1213 aperte

375 1213 563 1253 ostendit
591 1219 632 1248 99
645 1223 689 1255 et
717 1215 1001 1266 confirmavit,
1028 1230 1100 1256 cos
1130 1216 1173 1256 in
1204 1216 1444 1265 Sthenium,
1471 1215 1677 1270 quidquid
1708 1213 1795 1256 vel-

374 1269 477 1320 lent,
500 1269 623 1310 simul
646 1280 772 1327 atque
794 1272 846 1313 ad
869 1286 911 1312 se
932 1272 1196 1322 detulissent,
1220 1274 1487 1328 probaturos.
1539 1271 1608 1313 Ita
1626 1271 1686 1312 >illi
1707 1285 1793 1312 nou

375 1327 708 1381 procrastinant:
743 1329 966 1370 Sthenium
990 1330 1133 1370 statim
1154 1330 1366 1381 educunt;
1396 1330 1519 1384 ajunt
1539 1330 1592 1370 ab
1613 1343 1664 1375 eo
1682 1327 1796 1369 litte-

375 1397 442 1423 ras
463 1383 655 1439 publieas
676 1399 765 1426 esse
794 1397 1028 1442 corruptas.
1089 1386 1290 1428 Sthenius
1322 1385 1521 1442 postulat,
1542 1397 1591 1427 ut
1610 1400 1708 1426 cum
1731 1398 1795 1427 se-

375 1454 475 1480 cum
497 1441 559 1480 sui
582 1442 695 1482 cives
713 1454 844 1496 agant
860 1444 911 1484 dc
929 1443 1077 1484 litteris
1097 1443 1279 1498 publicis
1296 1443 1521 1499 corruptiS,
1547 1446 1605 1474 ¹0⁰
1617 1442 1793 1498 ejusque

377 1497 435 1537 rei
458 1497 623 1552 legibus
644 1498 1016 1540 Thermitanorum
1039 1501 1152 1541 aetio
1175 1500 1253 1550 sit3
1285 1515 1381 1541 cum
1401 1509 1570 1541 senatus
1591 1499 1794 1555 populus-

374 1568 457 1608 que
483 1554 699 1596 Romanus
718 1555 1018 1606 Thermitanis,
1038 1558 1150 1611 quod
1175 1572 1338 1612 semper
1360 1558 1403 1598 in
1421 1556 1611 1598 amicitia
1628 1556 1794 1610 fideque

374 1611 643 1660 mansissent,
670 1614 860 1663 lurbein,
877 1628 1016 1667 agros,
1031 1614 1226 1668 legesque
1241 1630 1334 1654 suas
1349 1613 1623 1665 reddidisset3
1647 1612 1794 1654 Publi-

375 1681 507 1722 usque
537 1668 730 1723 Rupilius
754 1681 902 1725 postea
923 1671 1034 1722 leges
1060 1672 1119 1710 ita
1142 1671 1294 1712 Siculis
1317 1686 1370 1711 ex
1393 1679 1561 1711 senatus
1583 1669 1794 1720 consulto,

374 1723 426 1764 de
448 1724 594 1765 decem
619 1726 853 1779 legatorum
877 1724 1086 1767 sententia
1107 1727 1304 1778 dedisset,
1328 1737 1376 1767 ut
1396 1728 1509 1768 cives
1541 1727 1649 1768 inter
1670 1741 1714 1768 se
1735 1726 1793 1768 le-

376 1781 502 1836 gibus
525 1783 609 1822 suis
640 1780 834 1838 agerent3
867 1784 1063 1838 idemque
1093 1784 1176 1824 hoc
1198 1784 1424 1825 sshabuerit
1456 1784 1606 1824 Verres
1630 1784 1726 1840 ¹ipse
1748 1784 1791 1824 in

314 1846 358 1879 91
375 1838 538 1890 ediet03
575 1848 620 1880 ut
641 1840 692 1881 de
714 1839 779 1881 his
801 1841 999 1882 omnibus
1016 1841 1152 1881 causis
1176 1855 1219 1881 se
1240 1842 1292 1882 ad
1314 1841 1428 1898 leges
1449 1840 1658 1895 rejiceret.
1690 1839 1792 1892 Iste,

1103 1964 1150 1996 pr.
1178 1956 1286 1996 Vulgo
1307 1955 1411 1996 eJ'usoe
1435 1955 1496 1992 rei,
1519 1954 1606 1994 quod
1624 1954 1700 1986 ferri
1726 1963 1793 1985 non

1105 2003 1314 2078 Poiesutvibem]
1341 2048 1399 2080 pro
1413 2039 1507 2068 urbes¹
1517 2048 1535 2068 e
1548 2037 1610 2068 Ms.
1625 2041 1688 2068 vet.
1703 2038 1796 2070 Nan·

414 1955 453 1987 97
478 1952 527 1984 Hi
539 1957 648 1984 autem
661 1959 754 1984 erant
767 1955 903 1995 inimici]
931 1955 1061 1986 Inimici

373 1994 582 2025 vehementer
604 1995 737 2036 languet
759 2004 792 2027 ct
814 1998 928 2036 frigide
947 1998 1061 2028 redun-

374 2035 448 2066 dat:
473 2046 548 2066 nam
566 2039 727 2076 praecessit
743 2040 954 2070 inimicissimi
972 2040 1063 2069 Sthe-

372 2079 430 2149 nlii.
446 2120 452 2126 ¹
481 2079 540 2109 Est
552 2080 621 2110 sine
635 2080 730 2110 dubie
743 2081 858 2120 glossa.
904 2081 1004 2111 Uncis
1016 2082 1065 2112 in-

372 2129 391 2149 c
406 2129 466 2150 usi.

415 2164 455 2196 98
477 2167 514 2193 ul
529 2162 648 2193 diceres
663 2164 771 2194 omnia
787 2174 850 2194 esse
865 2164 937 2204 &c.]
968 2165 1065 2195 Face-

372 2203 500 2234 tissime
523 2205 660 2240 dictum,
686 2215 756 2245 pro,
783 2211 821 2236 ut
847 2216 919 2236 vere
944 2207 1064 2236 amicos

373 2255 441 2276 esse
450 2246 569 2276 diceres
581 2258 590 2284 ;
606 2247 784 2278 substituta
791 2248 980 2278 definitione
989 2249 1069 2278 ami-

343 2325 346 2329 ·
374 2288 403 2317 ci
419 2289 540 2325 Stoica,
554 2288 643 2318 velut
655 2289 751 2329 plane
766 2290 805 2319 ad
819 2295 981 2330 praecepta
993 2290 1068 2320 Phi-

373 2327 586 2370 losophorum
601 2336 709 2361 essent
721 2332 830 2368 amici,
845 2331 900 2362 sed
913 2337 952 2362 ut
966 2332 1067 2362 anibi—

342 2409 347 2416 .
373 2372 480 2409 guitas
494 2378 591 2408 esset,
608 2372 648 2402 ad
667 2382 802 2403 uxorem
817 2373 975 2404 Dorothei
992 2384 1082 2414 per-⁷

371 2413 481 2443 tinens
496 2424 505 2451 ;
528 2423 591 2453 quo
603 2419 637 2444 et
651 2416 818 2454 sequentia
832 2416 1009 2455 pertinent.

417 2458 458 2489 99
480 2460 510 2484 et
531 2456 749 2496 confirmavit,
764 2467 814 2487 eos
829 2459 862 2487 in
879 2457 1062 2494 Sthenium,

370 2497 522 2536 quicquid
541 2499 670 2534 veIIem,
685 2499 756 2538 pta]
787 2500 838 2529 Sic
862 2500 1061 2538 interpunxi.

371 2537 452 2568 Edd.
469 2549 516 2578 pr.
539 2543 570 2569 et
591 2540 797 2578 confirmavit
816 2551 865 2572 eos
882 2542 917 2570 in
934 2541 1063 2572 Stheni-

369 2588 425 2608 um
441 2591 447 2608 ε
479 2583 675 2611 recentiores
702 2587 732 2612 et
759 2584 978 2623 confirmavit,
1001 2594 1077 2620 eos,

368 2626 403 2650 in
419 2621 489 2651 Sth.
504 2623 562 2652 ἃς.
585 2623 672 2653 Istone
681 2623 714 2652 in
728 2626 868 2664 aliquem
881 2634 948 2654 non
960 2625 1063 2655 latine

368 2662 502 2693 dieitur:
528 2670 559 2694 at
586 2665 724 2704 probare
746 2667 781 2695 in
807 2668 961 2706 aliquem,
988 2667 1009 2696 i.
1033 2678 1062 2697 e.

368 2704 518 2734 adversus
541 2716 570 2735 a.
614 2707 676 2736 Sed
691 2706 762 2737 edd.
776 2712 857 2738 vett.
880 2718 993 2738 omnes
1009 2709 1065 2739 ad-

367 2744 451 2785 dunt
466 2747 624 2780 dicerem.-
653 2748 738 2787 quod
759 2748 903 2780 deletum
925 2755 987 2786 est,
1002 2760 1059 2780 au-

366 2788 512 2860 cGtoribus
534 2789 612 2819 Mss.
635 2789 772 2828 duobus,
795 2801 813 2822 a
838 2792 999 2823 Lambino
1025 2797 1060 2822 et

400 2834 463 2858 mt.

412 2873 469 2902 100
490 2869 621 2912 ejusque
645 2873 708 2914 rei]
740 2874 792 2906 Sic
813 2874 896 2906 edidi
919 2885 959 2906 ex
985 2874 1058 2907 edd.

1107 2081 1152 2111 nii
1175 2092 1249 2112 cuin
1266 2082 1393 2111 Graevio
1410 2080 1524 2120 recepi.
1537 2080 1726 2111 reddidisset
1744 2086 1794 2112 est

1105 2123 1299 2163 reliquisset.
1314 2131 1480 2162 nunquam
1493 2122 1580 2152 enim
1594 2122 1780 2154 amiserant.

1148 2168 1166 2195 -2
1191 2165 1337 2195 habuerit
1366 2164 1402 2194 V.
1428 2165 1494 2203 ipse
1520 2164 1555 2193 in
1576 2163 1692 2203 edicto]
1727 2164 1797 2196 Cur

1106 2208 1254 2237 habuerit
1265 2207 1281 2236 ?
1311 2207 1411 2236 immo
1437 2206 1565 2236 haberet
1576 2217 1585 2234 .-
1617 2205 1678 2236 nisi
1707 2205 1797 2238 aliud

1112 2250 1244 2279 verbum
1267 2248 1348 2278 latet
1366 2249 1400 2278 in
1421 2247 1481 2277 hac
1503 2247 1652 2278 lectione.
1670 2247 1726 2278 sed
1746 2253 1796 2279 est

1111 2290 1180 2321 haee
1194 2290 1317 2331 phrasis
1331 2291 1365 2320 in
1380 2290 1439 2320 hac
1453 2299 1486 2319 re
1500 2295 1656 2329 perpetua
1669 2289 1797 2321 Cicero-

1111 2333 1172 2362 nis.
1217 2333 1368 2362 Ceterum
1402 2332 1436 2362 in
1463 2332 1670 2369 sequentibus
1697 2341 1731 2362 se
1757 2332 1798 2363 de

1105 2374 1327 2405 Thermitanis
1353 2378 1403 2404 est
1428 2373 1690 2412 intelligendum.
1733 2373 1795 2405 Sed

1107 2416 1154 2446 ita
1177 2416 1281 2446 oratio
1305 2417 1344 2446 fit
1361 2415 1554 2449 ἀνακὸλυθος.
1597 2415 1684 2446 Nam
1709 2415 1796 2455 quod

1106 2458 1259 2488 Sthenius
1278 2458 1435 2498 postulat,
1451 2457 1483 2488 id
1497 2457 1537 2488 ad
1555 2457 1654 2497 ipsius
1667 2467 1797 2488 causam

1106 2501 1272 2539 pertinet:
1295 2500 1403 2539 itaque
1425 2504 1500 2539 post
1521 2504 1792 2531 commemoratas

1106 2541 1192 2580 leges
1204 2548 1238 2571 et
1249 2540 1392 2572 edietum
1405 2541 1541 2572 debebat
1549 2542 1650 2580 sequi,
1662 2546 1700 2572 ut
1711 2551 1743 2571 se
1751 2550 1795 2572 sc.

1106 2584 1276 2614 Sthenium
1293 2584 1339 2613 ud
1349 2585 1433 2622 leges
1445 2581 1592 2623 rejiceret
1605 2595 1614 2612 .·
1628 2582 1684 2613 sed
1695 2583 1734 2614 de
1746 2584 1796 2614 his

1104 2626 1200 2656 rebus
1213 2626 1359 2655 omnibus
1372 2635 1438 2655 non
1453 2625 1513 2655 uni
1527 2624 1663 2655 Sthenio
1679 2634 1795 2660 conve-

1106 2668 1169 2703 nit,
1184 2667 1211 2697 si
1235 2667 1356 2710 ἀκριβῶς
1378 2666 1535 2707 capimus,
1551 2666 1612 2696 nisi
1634 2667 1718 2697 forte
1738 2675 1795 2696 vo—

1107 2709 1170 2739 luit
1182 2718 1248 2739 non
1263 2719 1320 2749 pro
1337 2719 1395 2740 sua
1410 2707 1506 2739 modo
1520 2717 1617 2739 eausa
1629 2707 1796 2749 postulare

1101 2750 1176 2787 hoc,
1194 2750 1248 2781 sed
1271 2761 1329 2791 pro
1352 2755 1425 2782 toto
1447 2758 1564 2789 genere
1577 2761 1587 2785 t¹
1611 2749 1696 2790 quod
1712 2749 1795 2781 mihi

1101 2793 1217 2823 melius
1235 2792 1374 2830 videtur,
1397 2802 1438 2822 ne
1457 2792 1641 2829 ἅνακίλῡθοε
1659 2792 1704 2824 sit
1723 2801 1798 2824 ora.-

1101 2834 1150 2865 tio
1165 2845 1176 2874 3
1202 2835 1289 2876 quod
1303 2840 1353 2867 est
1363 2834 1396 2868 h.
1412 2834 1433 2866 l.
1449 2834 1572 2867 durius.
