1907 3231
295 147 372 183 624
849 146 1097 186 ORATIO
1133 147 1185 185 11.

295 249 362 290 cie
395 250 620 303 torridum,
654 249 810 294 Romae
843 259 1111 294 contemtum
1147 259 1289 306 atque
1308 248 1530 306 abjectum
1562 251 1738 295 videba-

295 321 407 358 mus,
427 308 541 349 hunc
565 308 728 366 Capuae
753 309 977 364 Campano
998 309 1226 364 supercilio
1248 323 1298 349 ac
1321 309 1440 364 regio
1462 309 1616 365 spiritu
1637 325 1760 352 cum

298 364 555 418 vider-emus,
587 366 780 423 Magios,
812 365 1002 407 Blossios
1032 365 1139 406 mihi
1171 365 1346 407 videbar
1376 365 1469 407 illos
1501 367 1660 418 videre,
1689 382 1743 409 ac

233 420 524 464 s4Jubellios.
583 401 696 466 Jam
709 438 807 463 vero
829 422 902 477 qui
934 431 1074 464 metus
1095 431 1187 464 erat
1216 424 1507 467 tunicatorum
1537 424 1709 466 illorum
1725 426 1760 467 8,»

298 488 343 520 et
372 480 415 521 in
446 479 616 522 Albana
637 490 680 522 et
703 479 910 535 Seplasia,
942 494 1038 533 quae
1071 481 1343 521 concursatio
1374 483 1740 537 percontantium,

299 537 403 592 quid
442 547 602 594 praetor
635 537 878 578 edixisset?
908 537 982 578 ubi
1022 540 1221 580 cenaret?
1254 538 1408 593 ¹6quid
1440 540 1739 584 enunciassete

302 594 394 635 Nos
425 605 583 644 autem,
607 594 707 635 hinc
742 593 884 634 Roma
905 594 978 649 qui
1001 609 1267 644 vene1amus‚
1290 609 1385 650 Jam
1414 609 1502 637 non
1533 596 1746 653 hospites,

215 654 287 704 35
300 652 371 692 sed
394 652 645 716 peregrini
633 661 763 714 atque
793 651 873 692 adv
878 666 970 693 enae
1001 651 1348 693 nominabamur.
1409 651 1522 694 Haec
1543 655 1617 718 qui
1640 669 1740 710 pro-

236 727 286 762 95
301 710 534 764 spexeiint,
566 723 750 762 majores
781 717 950 750 nostros
982 709 1095 760 dico,
1119 709 1329 760 Quirites,
1352 721 1438 750 non
1459 723 1532 751 eos
1561 711 1608 752 in
1637 711 1741 753 deo-

297 781 389 806 rum
423 767 730 807 immoratilium
763 780 942 807 numero
965 767 1228 808 venerandos
1258 782 1283 808 a
1311 766 1435 808 nobis
1465 776 1510 808 et
1537 768 1740 811 colendos

296 824 488 879 putatis?
521 824 638 870 Quid
662 824 778 865 enim
802 824 1029 866 viderunt?
1060 824 1159 874 hoc,
1183 824 1300 880 quod
1326 839 1442 866 nunc
1465 839 1555 876 VOS,
1575 840 1739 881 quaeso,

296 881 543 936 perspicite,
566 891 694 936 atque
716 883 984 938 cognoscite.
1037 881 1137 924 Non
1160 882 1470 946 ingenerantur
1489 881 1753 926 hominibus

295 952 436 979 mores
459 948 546 979 tam
576 953 601 979 a
623 940 812 996 stirpct>
788 940 954 980 veneris
985 954 1035 981 ac
1065 940 1254 1005 seminiS‚
1277 953 1406 995 quam
1428 954 1482 981 ex
1513 939 1564 980 iis
1596 941 1740 993 rebus,

295 1010 393 1050 quae
425 997 479 1037 ab
511 996 604 1052 ipsa
633 1007 787 1037 natura
786 974 917 1047 t>loci,
940 1007 984 1037 et
1014 1013 1039 1037 a
1061 998 1161 1039 vitae
1193 997 1506 1038 consuetudine
1536 998 1739 1054 suppedi-

298 1062 457 1104 tantur,
487 1054 644 1109 quibus
676 1053 829 1095 alimur
859 1063 903 1094 et
933 1054 1133 1096 vivimus.
1196 1054 1597 1111 KarthaginienseS,
1624 1055 1751 1099 stau-‚A

295 1086 458 1151 duleuti
498 1122 541 1151 et
577 1112 820 1162 mendaces,
853 1126 940 1152 non
977 1126 1147 1168 genere,
1181 1113 1252 1153 sed
1288 1122 1439 1154 natura
1473 1111 1574 1163 loci,
1607 1113 1741 1168 quod,

294 1179 471 1224 propter
503 1179 651 1225 portus
684 1184 797 1222 suos,
821 1169 967 1210 multis
996 1179 1041 1211 et
1069 1170 1196 1211 variis
1228 1179 1514 1212 mercatorum
1537 1181 1580 1211 et
1610 1171 1738 1212 adve-

293 1240 445 1266 narum
467 1227 752 1279 sermonibus,
776 1227 828 1268 ad
861 1227 1049 1268 studium
1074 1227 1262 1277 fallendi,
1285 1227 1428 1270 studio
1451 1237 1641 1282 quaestus
1662 1243 1739 1270 vo-

292 1284 518 1326 cabantur.
582 1284 776 1339 Ligures,
808 1285 1018 1336 montani,
1051 1286 1144 1326 duri
1182 1294 1311 1340 atque
1346 1294 1551 1341 agrestes.
1588 1285 1739 1327 docuit

294 1355 397 1397 ager
420 1342 525 1398 ipse,
549 1341 655 1383 nihil
678 1342 868 1394 ferendo,
893 1344 973 1384 nisi
997 1343 1132 1384 multa
1152 1342 1319 1384 cultura
1342 1354 1385 1384 et
1409 1357 1569 1398 magno
1590 1342 1750 1389 labore.

250 1405 281 1435 b
295 1400 540 1453 quaesitum.
602 1399 754 1457 Camp·
746 1400 830 1451 mi,
854 1415 1021 1457 semper
1043 1401 1215 1457 superbi
1240 1399 1435 1442 bonitate
1455 1414 1672 1457 agffroium,
1694 1411 1740 1442 et.

292 1456 511 1498 fructuum
542 1458 856 1514 magnitudine,
879 1459 996 1499 urbis
1028 1458 1293 1510 salubritate,
1315 1458 1620 1515 descriptione,
1643 1458 1739 1514 pul-

292 1514 551 1556 chritudine.
613 1503 679 1557 Ex
705 1516 786 1557 hac
807 1516 947 1572 copia,
970 1526 1100 1580 atque
1121 1517 1315 1557 omnium
1338 1530 1478 1557 rerum
1501 1516 1745 1568 affluentia,

292 1573 480 1627 plimum
504 1573 574 1613 illa
591 1583 693 1614 nata
715 1574 1133 1629 sunt2arz1·og1ntia,
1153 1589 1249 1628 qua>
1273 1589 1298 1614 a
1319 1573 1557 1628 majoribus
1579 1573 1737 1615 nostris

291 1629 472 1671 alterum
513 1630 664 1686 Capua
701 1630 921 1672 consulem
961 1631 1221 1687 postulavit:
1252 1631 1406 1672 deinde
1443 1645 1494 1672 ea
1530 1630 1735 1683 luxuries,

292 1702 389 1742 quae
422 1689 563 1745 ipsum
599 1688 907 1738 Hannibalem,
930 1689 1057 1729 armis
1089 1689 1219 1730 etiam
1242 1698 1334 1729 tum
1365 1688 1591 1740 invictum,
1614 1688 1735 1730 volu-

229 1749 412 1800 96ptnte
433 1746 553 1787 vicit.
616 1746 717 1787 Huc
749 1747 818 1786 isti
851 1746 1083 1787 decemviri
1105 1762 1203 1787 cum
1236 1760 1460 1787 numerum
1481 1745 1736 1788 colonorum

291 1817 345 1843 ex
379 1802 473 1859 lege
509 1803 625 1844 Rulli
660 1804 932 1854 deduxerint,
966 1815 1142 1845 centum
1170 1804 1438 1855 decuriones,
1474 1803 1624 1844 decem
1659 1817 1734 1844 au-

288 1874 431 1916 gule&
466 1875 542 1902 sex
582 1862 809 1917 pontifices
846 1862 1174 1904 constituerint:
1208 1877 1314 1917 quos
1352 1861 1520 1902 illorum
1552 1860 1734 1925 animos,

287 1932 395 1972 quos
432 1918 633 1974 imnetus,
672 1935 802 1975 quam
846 1919 1052 1973 ferociam
1095 1919 1186 1960 fore
1225 1919 1415 1976 putatis?
1464 1917 1651 1959 Romam
1688 1919 1733 1960 in

286 1976 509 2017 montibus
538 1978 650 2032 posit
655 1992 721 2017 am
744 1988 787 2018 et
809 1991 918 2018 conv
923 1976 1092 2027 umbus,
1114 1977 1328 2019 cenaculis
1360 1975 1572 2017 sublatam
1604 1984 1735 2032 atque

287 2047 552 2088 suspensam,
575 2049 661 2075 uon
685 2034 862 2091 optimis
886 2035 980 2085 viis,
1002 2035 1320 2091 angustissimis
1345 2034 1522 2084 semitis,
1546 2048 1634 2097 prae
1657 2048 1734 2075 sua

288 2089 454 2146 Capua,
477 2092 726 2147 planissimo
750 2107 794 2133 ιιι
815 2092 911 2133 loco
933 2092 1077 2148 explic
1081 2103 1166 2143 ata,
1189 2108 1238 2134 ac
1267 2107 1354 2149 prae
1380 2091 1460 2133 illis
1491 2091 1655 2132 semitis
1676 2091 1734 2132 ir-

284 2148 521 2190 ridebunt
510 2160 639 2206 atque
660 2159 965 2202 contemnent,
997 2165 1123 2205 agros
1149 2165 1262 2201 v,ero
1285 2150 1317 2190 V
1325 2150 1557 2199 aticanum,
1578 2157 1623 2189 et
1645 2147 1736 2189 Pu-

284 2206 637 2261 piniam‚17cum
661 2208 746 2248 suis
770 2208 927 2263 opimis
960 2218 1088 2264 atque
1120 2208 1325 2249 uberibus
1349 2206 1512 2262 eampis
1537 2206 1732 2247 18confe-

285 2264 440 2304 rendos
474 2265 639 2306 scilicet
669 2266 902 2321 put-ibunt.
965 2265 1240 2322 Oppidorum
1270 2278 1415 2307 autem
1449 2263 1732 2306 finitimorum

284 2320 401 2363 illam
432 2324 603 2378 copiam
634 2338 734 2364 cum
767 2323 862 2374 hac,
894 2338 968 2379 per
1007 2338 1140 2364 11511111
1170 2338 1220 2365 ac
1255 2338 1330 2379 per
1355 2323 1524 2378 jocum,
1552 2331 1730 2364 conten-

329 2436 367 2468 16
389 2437 469 2476 quid
493 2437 711 2476 enunciasset]
738 2437 812 2468 Hoc
833 2436 989 2468 vitiosum
1033 2447 1105 2468 mus
1127 2442 1257 2467 attente
1279 2437 1366 2468 hunc
1388 2435 1511 2471 locum,
1534 2439 1613 2466 ante
1633 2445 1732 2474 quam

285 2487 366 2515 esse,
389 2487 488 2510 nemo
505 2480 650 2510 dubitet.
696 2481 898 2519 Coniectura
916 2490 988 2521 spe·
1031 2480 1070 2510 de
1093 2480 1279 2511 Lauredani
1301 2481 1495 2519 conjectura
1517 2482 1550 2508 et
1578 2477 1732 2509 Lambini

284 2521 372 2551 ciosa
398 2526 449 2552 est
477 2522 624 2559 Gmteri,
649 2523 702 2552 cui
732 2523 835 2563 (quoi)
864 2523 988 2553 demm-
1031 2522 1081 2552 ed.
1107 2523 1383 2561 cognovissemus,
1406 2519 1543 2551 offendit
1565 2529 1625 2551 nos
1651 2522 1733 2560 opti-

283 2564 412 2601 eiasset,
439 2573 483 2595 sc.
512 2574 652 2596 coenam.
681 2574 741 2595 nee
768 2565 886 2595 melius
910 2565 988 2605 quid
1032 2566 1105 2601 mis,
1121 2565 1212 2596 venit
1235 2565 1269 2595 in
1291 2569 1440 2594 mentem
1457 2563 1591 2602 opimis.-
1613 2565 1732 2604 optimi
1782 2596 1786 2601 ,

284 2604 366 2636 mihi
394 2605 429 2636 in
457 2612 605 2638 mentem
634 2608 737 2644 venit,
764 2614 822 2638 aut
852 2608 908 2638 alii
934 2618 988 2638 xc·
1032 2611 1065 2637 et
1081 2608 1195 2637 uberes
1210 2616 1276 2637 non
1292 2607 1373 2637 bene
1389 2609 1521 2636 coeunt.

284 2648 371 2679 nisse
385 2650 500 2689 reperi.
531 2649 679 2690 Vestigia
692 2651 760 2690 ejus
775 2650 988 2681 correctionis
1078 2653 1114 2680 18
1123 2649 1329 2689 conferendos
1341 2649 1461 2679 seilicet
1475 2657 1537 2678 non
1547 2647 1729 2691 putabunt]

283 2694 364 2721 sunt
380 2699 414 2720 m
430 2691 480 2722 ed.
495 2691 548 2722 W.
565 2701 639 2732 quae
661 2692 773 2730 habet,
789 2694 874 2733 quod
886 2703 988 2724 emm-
1032 2692 1112 2722 1V0n
1134 2692 1308 2722 delendum
1333 2696 1394 2721 est.
1441 2690 1571 2721 Scilicet
1594 2689 1734 2728 indicat,

284 2733 425 2764 cia-sset?
1030 2733 1083 2764 hic
1110 2735 1253 2765 ironiam
1282 2743 1360 2764 esse.
1406 2732 1444 2763 In
1477 2733 1582 2763 ironia
1619 2738 1732 2764 autem

330 2778 366 2809 17
388 2784 464 2806 eum
485 2777 554 2807 suis
573 2777 689 2818 «mimis
701 2782 799 2816 atque
812 2777 880 2817 ub]
911 2778 987 2817 Opi·
1030 2776 1141 2807 locum
1165 2786 1232 2807 non
1257 2776 1357 2807 habet
1380 2786 1454 2806 non.
1498 2774 1590 2807 Vidit
1609 2780 1645 2806 et
1668 2775 1732 2805 Pa-

284 2818 347 2848 ηιὲς
357 2826 433 2857 *pro
463 2820 592 2858 qotimis
618 2820 750 2850 volebat
777 2819 873 2850 scribi
899 2819 987 2851 Lau-
1029 2823 1160 2856 teanus,
1197 2823 1231 2849 et
1270 2819 1420 2859 probavit
1454 2817 1627 2849 Gruterus.
1654 2817 1734 2849 Est

283 2860 442 2892 tedanus:
477 2861 512 2891 in
540 2866 670 2893 textum
701 2863 823 2902 recepit
852 2862 986 2893 Lambi-
1029 2872 1108 2903 ergo
1122 2862 1244 2902 glossa,
1260 2871 1397 2903 eamque
1412 2859 1529 2892 delevi.

282 2910 365 2934 nus:
394 2911 454 2935 nos
480 2905 616 2945 pariter.
661 2905 709 2936 Ut
735 2906 881 2947 primum
905 2905 987 2946 legi-
