1907 3231
302 109 376 153 viii
790 109 1207 155 PRAEFATIO.

303 219 537 262 editionem
554 222 767 278 expressit
790 221 900 265 Rob.
926 221 1175 278 Stephmms;
1206 219 1260 261 ab
1282 216 1375 275 ejus
1396 216 1527 259 etiam
1553 214 1749 258 editione,

302 287 409 330 nihil
432 290 520 345 spei
553 289 679 331 datur
713 289 893 341 Critico,
916 291 977 331 uti
1010 305 1088 331 nec
1117 289 1171 330 ab
1195 285 1454 342 Gryphiana
1481 290 1613 327 1540:
1645 295 1747 338 quaess

303 366 346 397 et
365 356 458 412 ipsa
479 371 523 398 se
546 358 838 400 Victorianam
863 359 981 415 sequi
1006 357 1251 414 profitetur:
1283 354 1364 395 nisi
1393 353 1507 409 quod
1541 351 1746 402 Ferretus,

305 423 505 466 Verrinus
543 435 588 466 et
626 426 891 483 Philippicas
941 440 964 467 e
1006 425 1125 466 libris
1165 422 1380 465 veteribus
1423 434 1466 462 se
1507 419 1748 462 correxisse>

303 491 424 533 dicit.

364 560 516 616 Neque
550 576 651 602 vero
688 561 740 602 de
778 561 1040 602 editionibus
1077 557 1372 614 Gryphiorum,
1406 554 1506 597 Car.
1531 552 1751 610 Stephani,

307 624 551 679 Cumemrii,
599 627 746 670 Paulli
788 628 992 678 Munatii,
1048 626 1151 667 Sim.
1192 623 1377 675 Goliam,
1420 622 1525 664 Aldz‘
1562 621 1749 684 jzmioris⁴

303 694 444 736 dicere
476 697 655 738 attinet:
687 711 785 737 cum
823 696 929 737 nihil
970 695 1139 751 proprie
1179 692 1394 733 orationes
1437 691 1487 732 iis
1529 690 1749 732 debeant:-

303 763 404 817 quid
428 764 714 805 communiter
735 779 831 805 cum
860 764 952 804 aliis
982 762 1100 804 libris
1133 759 1371 809 Ciceronis,
1399 772 1466 809 eo,
1495 772 1621 814 quem
1644 767 1746 804 ante

302 831 506 882 diximus,
537 831 646 882 loco,
677 832 1015 873 demonstratum
1046 838 1135 871 est:
1166 827 1281 884 quod
1313 834 1357 868 et
1386 826 1439 867 de
1463 824 1752 872 Lambiuiaua,

304 898 428 939 valet.
492 899 609 940 Inter
632 899 908 955 Gryphianus
930 908 994 939 est
1017 913 1101 939 una
1123 912 1161 938 a.
1190 901 1310 941 1570.
1335 909 1400 949 sq.
1423 892 1552 944 facta,
1574 893 1644 935 cui
1668 892 1743 936 Jo.
1770 932 1775 937 .

301 964 435 1009 Mich.
462 966 618 1008 Brutus
650 966 846 1023 praefuit:
893 981 947 1007 ex
984 978 1041 1006 ea*
1066 965 1197 1006 ducta
1231 973 1296 1004 est
1331 962 1464 1003 editio
1497 961 1750 1007 orationum

298 1033 413 1075 facta
435 1034 643 1090 Antverp.
666 1049 735 1090 ap.
761 1034 1010 1074 Plautinum
1040 1048 1078 1073 a.
1107 1037 1226 1074 1584.
1258 1037 1299 1073 8.
1323 1044 1421 1071 cum
1453 1027 1583 1070 Bruti
1605 1028 1743 1074 notis:

296 1116 392 1155 quae
417 1103 587 1153 docent,
619 1116 716 1142 euin
739 1101 865 1142 nullis
889 1101 1006 1141 libris
1039 1099 1210 1155 scriptis
1234 1112 1356 1139 usum
1379 1111 1486 1148 esse,
1517 1096 1589 1138 sed
1611 1095 1744 1138 modo

295 1169 566 1223 conjecturas
594 1168 656 1209 vel
679 1183 774 1210 suas
805 1168 870 1209 vel
900 1168 1080 1209 aliorum
1115 1166 1390 1216 attulisseset
1420 1163 1636 1206 delectum
1665 1177 1748 1206 suo

289 1235 457 1290 judicio
492 1235 669 1277 fecisse:
702 1236 745 1276 in
789 1250 875 1291 quo
915 1235 1110 1291 inprimis
1144 1234 1320 1275 favebat
1355 1232 1595 1284 Lambin03
1625 1231 1746 1274 unde·

296 1318 410 1359 saepe
430 1304 576 1344 durius
597 1304 808 1360 accipitur
829 1319 854 1344 a
878 1303 1113 1344 Gebhardo
1137 1312 1179 1343 et
1203 1301 1407 1343 Grutero.

353 1372 465 1412 Nam
505 1370 706 1412 Gruterus
738 1371 911 1426 quidem
946 1371 987 1411 in
1022 1370 1212 1411 editione
1248 1368 1319 1410 illa
1356 1383 1432 1409 sua
1466 1366 1751 1410 celeberrima..

295 1439 560 1479 orationibus
596 1439 817 1494 aequaliter
851 1454 949 1479 cum
986 1437 1138 1479 ceteris
1175 1437 1294 1478 libris
1327 1436 1529 1477 omnibus
1564 1449 1751 1491 operam.

292 1508 485 1558 navavit,
524 1522 624 1547 usus
661 1507 884 1547 codicibus
921 1506 1122 1562 egregiis,
1155 1503 1360 1546 Palatino
1396 1503 1592 1560 inprimis
1629 1502 1748 1544 anti·-

293 1575 514 1628 quissimo,
549 1589 675 1629 quem
708 1574 776 1614 ille
806 1574 913 1614 dicit
944 1587 1121 1624 novum,
1144 1577 1204 1625 (v.
1230 1572 1284 1613 ad
1315 1570 1391 1613 Or.
1425 1585 1504 1627 pro
1537 1569 1644 1612 Sull.
1678 1571 1743 1622 2.)

297 1641 532 1698 Turiugico,
564 1643 636 1697 qui
674 1642 851 1684 Graevio
884 1639 1141 1698 Effintensis
1170 1649 1248 1691 est,
1272 1639 1361 1680 sive
1395 1639 1538 1695 potius
1562 1638 1742 1694 quibus-

292 1708 390 1749 dam
414 1711 506 1764 ejus
529 1710 760 1765 excerptis,
780 1719 821 1750 et
846 1709 955 1749 aliis.
1019 1708 1158 1749 Libris
1182 1707 1356 1764 quidem
1379 1706 1507 1748 editis
1529 1706 1739 1763 pluribus,

295 1777 366 1817 secl
390 1791 469 1817 nec
492 1778 708 1828 omnibus,
740 1792 818 1818 nec
841 1777 942 1817 satis
962 1776 1191 1832 diiigenter
1210 1790 1311 1816 usus
1332 1783 1411 1825 est,
1437 1783 1485 1815 ut
1507 1773 1747 1829 suprajam

295 1845 566 1896 monuimus3
599 1846 642 1885 in
676 1845 1019 1899 lectionibusque
1049 1843 1302 1899 deligendis,
1333 1842 1462 1882 nimis
1495 1841 1596 1882 dum
1618 1840 1741 1889 libris

295 1912 550 1966 quibusdam
575 1913 770 1953 addictus
790 1920 868 1963 est,
899 1926 986 1953 non
1010 1911 1111 1952 satis
1133 1911 1305 1966 elegans
1334 1918 1413 1961 est,
1436 1919 1484 1950 ut
1502 1909 1544 1950 in
1568 1908 1742 1951 univer-

296 1979 352 2018 sis
374 1980 599 2034 operibus:
632 1980 685 2020 de
706 1995 792 2035 quo
816 1979 1064 2021 Gruteriani
1090 1988 1235 2020 textus
1263 1977 1372 2019 vitio
1403 1976 1505 2019 alibi
1532 1976 1740 2019 dix-imus.

297 2045 498 2087 Ceterum
523 2047 770 2088 Gruteriani
797 2047 984 2088 nominis
1012 2047 1244 2088 auctoritas
1272 2045 1390 2097 fecit,
1413 2053 1462 2086 ut
1492 2052 1639 2086 textus
1669 2044 1744 2086 illel

296 2116 538 2156 orationum
568 2116 757 2171 optimus
792 2115 1034 2166 baberetur,
1065 2123 1108 2155 et
1139 2113 1300 2170 vulgati
1321 2127 1480 2154 nomen
1501 2112 1746 2154 obtinuerit.

296 2182 347 2222 ad
380 2192 525 2223 nostra
558 2197 692 2237 usque
724 2193 931 2238 tempora,
971 2182 1209 2238 praesertim
1249 2190 1478 2237 postquam
1513 2188 1558 2221 et
1586 2195 1612 2222 a
1639 2179 1740 2223 Jac.

299 2248 507 2291 Crono-cio
531 2251 736 2306 repetitus
758 2259 837 2290 est.
899 2249 956 2290 Et
982 2250 1077 2291 haec
1111 2248 1286 2305 quidem
1318 2248 1371 2290 de
1401 2247 1611 2304 exemplis
1644 2263 1740 2290 ora-

298 2317 462 2358 tionum
483 2319 592 2358 inter
610 2327 752 2358 cetera
771 2317 1165 2373 Ciceronisvopera:
1197 2317 1354 2372 quibus
1373 2316 1518 2367 addat,
1536 2316 1611 2372 qui
1636 2315 1745 2358 velit.

304 2383 321 2423 l
331 2384 626 2441 *ei-Imrgianmn
645 2395 687 2426 et
710 2384 986 2436 Olivetanum‚
1007 2385 1195 2440 itemque
1218 2398 1428 2441 nuperum
1453 2382 1744 2430 ,1.’,αῖαφηιιηίῑϊετ

300 2453 350 2493 ad
376 2452 582 2493 Grac-iam
607 2454 841 2503 veniamus,
872 2453 946 2508 qui
979 2453 1178 2494 universa
1209 2452 1381 2508 quidem
1406 2466 1538 2509 opera
1561 2451 1738 2494 Cicero-

299 2522 362 2560 nis
389 2521 511 2560 edere
539 2522 686 2571 voluit,
718 2521 788 2562 sed
824 2530 992 2562 tantum
1026 2530 1166 2576 partes
1203 2520 1418 2577 principes
1450 2520 1658 2562 absolvit:
1690 2521 1742 2561 in.-

299 2588 363 2627 his
399 2589 626 2638 orationes,
658 2604 762 2643 quas
799 2604 873 2629 sex
908 2588 1199 2630 voluminibus
1236 2587 1547 2629 Amstelodami
1583 2587 1736 2640 edidit,

299 2671 422 2704 nova,
446 2670 522 2695 nec
545 2665 642 2695 unte
663 2656 801 2711 ipsum
825 2656 868 2696 in
893 2655 1115 2697 Ciceronis
1138 2656 1256 2697 libris
1281 2664 1484 2712 usurpata
1504 2655 1685 2697 ratione.

354 2723 418 2763 Ac
450 2733 615 2762 textum
640 2723 812 2777 quidem
844 2724 935 2779 ipse
958 2739 1033 2764 suo
1056 2724 1186 2765 modo
1219 2738 1268 2765 ac
1291 2723 1462 2779 judicio
1485 2723 1732 2766 constituit:

296 2793 338 2832 in
361 2805 446 2846 quo
470 2791 659 2845 pluribus
690 2789 757 2832 ille
790 2791 960 2847 scriptis
992 2791 1111 2833 libris
1145 2806 1245 2833 usus
1279 2800 1358 2844 est,
1382 2790 1623 2833 Erfurtensi
1643 2805 1740 2838 ma-r.
