1907 3231
658 141 775 180 PRO
807 141 849 180 P.
867 141 1145 183 ‘QUINTIQ
1570 149 1619 184 23

189 243 326 300 gnita,
346 259 400 287 ne
426 242 605 302 perfidia
627 245 730 286 Sex.
754 245 896 288 Naevii
921 245 1164 303 derogetur,
1186 245 1396 288 laborant.
1457 248 1508 290 In
1540 250 1620 292 hu-

179 302 373 356 jusmodi
404 302 678 359 sponsionem
712 311 841 344 testes
870 303 970 344 dare
1001 304 1230 358 oportebat
1262 318 1317 344 ex
1346 319 1397 345 eo
1427 319 1619 359 numero,

187 359 260 414 qni
289 359 384 401 haec
413 360 629 402 dicerent:
661 360 955 402 vadimonium
976 361 1082 401 mihi
1105 361 1315 403 descruit:
1348 375 1417 402 me
1450 362 1619 404 frauda-

186 415 273 457 vit:
305 431 330 458 a
350 431 420 457 me
447 417 634 458 nominis
655 417 763 472 ejus,
785 418 901 472 quod
924 417 1133 458 infitiatus
1155 428 1279 469 esset,
1302 418 1415 459 diem
1437 420 1616 474 petivit:

183 486 266 528 ego
287 474 472 530 experiri
495 489 582 516 non
604 474 749 530 potui:
781 474 980 524 latitavit,
1004 470 1324 531 procuratorem
1357 475 1520 517 nullum
1554 491 1617 518 re-

182 528 323 584 liquit.
384 531 555 576 Horum
576 531 684 573 nihil
705 532 878 573 dicitur.
940 531 1152 573 Parantur
1173 541 1317 584 testes,
1339 534 1413 588 qui
1436 533 1530 574 haec
1552 534 1617 575 di-

181 596 295 628 cant.
320 588 493 640 Verum,
516 589 684 646 opinor,
709 589 953 640 viderimus,
973 604 1071 630 cum
1094 589 1297 631 dixerint.
1319 604 1453 633 unum
1472 601 1616 632 tamen

180 643 264 685 hoc
286 647 495 702 cogitent,
518 647 579 687 ita
601 661 645 687 se
676 660 826 702 graves
848 661 952 698 esse,
975 655 1023 687 ut
1044 648 1078 688 si
1102 648 1325 688 veritatem
1348 647 1493 689 volent
1514 648 1614 689 reti-

178 714 294 753 nere,
316 703 572 759 gravitatem
601 704 769 760 possint
789 704 1009 745 obtinere:
1043 705 1075 744 si
1099 718 1190 745 eam
1215 704 1451 761 negligent,
1474 705 1534 746 ita
1554 705 1613 746 le-

178 771 251 800 ves
273 759 373 812 sint,
396 770 445 802 ut
473 775 621 802 omnes
651 760 908 816 intelligant,
931 775 1016 802 non
1049 761 1102 802 ad
1124 762 1408 803 obtinendum
1437 763 1613 804 menda-

175 815 306 868 cium,
346 819 418 860 sed
458 819 509 860 ad
549 832 696 860 verum
728 818 1013 874 probandum,
1051 819 1352 860 auctoritatem
1393 819 1609 875 adjuvare.

177 872 295 930 Ergo
319 875 414 918 haec
435 876 520 917 duo
542 890 715 932 quaero:
747 875 949 931 primum,
971 890 1057 930 qua
1077 876 1243 917 ratione
1266 876 1445 918 Naevius
1468 892 1610 919 susce-
1623 869 1695 917 24

174 940 298 987 ptum
323 934 545 990 negotium
567 947 654 974 non
677 933 956 989 transegerit:
980 933 1064 974 hoc
1085 942 1164 984 est,
1186 948 1262 974 cur
1284 935 1410 985 bona,
1433 949 1529 989 quae
1551 949 1605 976 ex
1619 937 1676 982 76

172 989 317 1031 edicto
339 991 599 1047 possidebat,
622 1005 709 1031 non
734 990 996 1032 vendiderit:
1020 990 1188 1042 deinde,
1211 1005 1286 1032 cur
1307 1005 1361 1032 ex
1385 1001 1450 1032 tot
1471 992 1652 1035 credi-1>-
1671 996 1718 1024 Η-

175 1046 340 1088 toribus
365 1048 458 1090 aliis
489 1048 542 1089 ad
564 1048 690 1089 istam
721 1048 931 1088 rationem
954 1062 1081 1089 nemo
1103 1048 1353 1090 accesserit:
1386 1059 1434 1090 ut
1462 1064 1610 1091 neces·
1621 1047 1650 1068 a.

173 1104 283 1146 sario
305 1106 552 1157 confiteare,
574 1119 714 1161 neque
746 1120 894 1146 eorum
926 1114 1013 1146 tam
1045 1106 1318 1147 temerarium
1349 1120 1608 1163 quemquam

172 1161 316 1214 fuisse,
345 1177 485 1219 neque
516 1172 557 1204 te
591 1162 731 1219 ipsum
754 1163 862 1214 80id,
901 1163 1016 1217 quod
1052 1163 1298 1219 turpissime
1337 1164 1608 1220 suscepisses,

168 1233 439 1275 perseverare
467 1233 511 1261 et
543 1221 777 1276 transigere
811 1220 1015 1275 potuisse.
1078 1220 1196 1267 Quid
1229 1220 1262 1260 si
1297 1230 1342 1261 tu
1377 1222 1482 1277 ipse,
1505 1221 1607 1263 Sex.

171 1276 315 1329 Naevi,
349 1278 552 1328 statuisti,
586 1278 698 1318 bona
733 1277 784 1317 P.
815 1276 988 1323 Quintii
1022 1291 1077 1317 ex
1113 1277 1255 1318 edicto
1290 1292 1483 1333 possessa
1520 1294 1605 1320 non

169 1338 288 1377 esse?
318 1336 486 1391 opinor,
521 1344 642 1376 tuum
683 1334 994 1385 testimonium,
1030 1334 1145 1389 quod
1184 1335 1228 1375 in
1267 1335 1404 1375 aliena
1440 1350 1485 1376 re
1514 1336 1606 1377 leve

167 1402 293 1444 esset,
316 1393 358 1434 id
392 1393 435 1433 in
471 1401 558 1444 tua,
580 1391 785 1447 quoniam
807 1401 959 1433 contra
983 1401 1024 1432 te
1046 1400 1124 1443 est,
1155 1392 1454 1447 gravissimum
1477 1393 1606 1434 debet

166 1464 272 1491 esse.
335 1450 488 1492 Emisti
523 1451 637 1491 bona
667 1449 769 1490 Sex.
799 1448 1003 1505 Alphcni,
1035 1448 1084 1489 L.
1118 1449 1235 1490 Sulla
1263 1450 1473 1491 dictatore
1503 1465 1605 1491 ven-

165 1507 307 1549 dente.
330 1509 495 1549 socium
518 1507 598 1549 tibi
622 1508 664 1548 in
684 1507 813 1562 hujus
837 1506 960 1548 bonis
982 1505 1154 1547 edidisti
1179 1506 1424 1553 Quintium.
1475 1507 1605 1549 Plura

164 1579 251 1606 non
273 1566 387 1607 dico.
420 1565 533 1607 Cum
555 1580 606 1606 eo
630 1575 675 1606 tu
698 1564 984 1606 voluntariam
1007 1564 1258 1605 societatem
1280 1564 1442 1616 coibas,
1463 1566 1536 1622 qui
1560 1576 1601 1608 te

163 1622 207 1664 in
231 1622 487 1665 hereditaria
508 1623 714 1664 societate
736 1621 978 1672 fraudarat3
1008 1630 1052 1662 et
1073 1635 1171 1662 eum
1194 1622 1365 1677 judicio
1385 1632 1459 1663 tuo
1482 1637 1601 1664 com-

162 1681 392 1736 probabaS,
413 1696 542 1738 quem
573 1679 804 1738 spoliatum
826 1678 942 1721 fama
963 1679 1233 1736 fortunisque
1255 1680 1454 1720 omnibus
1485 1681 1598 1722 arbi·

160 1739 357 1781 trabare?

220 1795 485 1839 Diffidebam
524 1797 780 1848 mehercule,
805 1795 856 1838 C.
878 1795 1058 1852 Aquini,
1091 1796 1192 1838 satis
1224 1796 1369 1837 animo
1399 1804 1517 1838 certo
1551 1804 1593 1837 et
1605 1799 1658 1841 77

159 1854 417 1896 confirmato
447 1869 516 1896 me
545 1870 670 1912 posse
702 1855 746 1895 in
779 1854 861 1895 hac
882 1869 1010 1896 causa
1028 1855 1275 1895 consistere.
1335 1854 1407 1895 Sic
1429 1854 1596 1910 cogita-

158 1912 285 1964 bam3
317 1927 416 1954 cum
438 1922 590 1954 contra
618 1913 809 1954 dicturus
838 1921 949 1953 esset
983 1911 1259 1963 Hortensius,
1282 1918 1326 1952 et
1357 1925 1457 1952 cum
1487 1920 1598 1952 esset

158 1977 323 2011 attente
360 1970 583 2011 auditurus
618 1970 862 2027 Philippus,
897 1969 1004 2021 fore,
1035 1971 1098 2011 uti
1134 1969 1356 2026 permultis
1390 1969 1434 2009 in
1470 1969 1596 2010 rebus

158 2027 313 2069 timore
346 2027 604 2084 prolaberer.
666 2027 880 2069 Dicebam
910 2027 1012 2069 huic
1044 2028 1100 2074 Q..
1126 2027 1302 2077 Roscio,
1325 2025 1449 2081 cujus
1479 2041 1597 2067 soror

157 2093 223 2125 est
244 2100 344 2127 cum
368 2084 419 2126 P.
442 2085 641 2137 Quintio,
661 2100 760 2127 cum
781 2101 806 2126 a
827 2099 896 2126 me
918 2095 1097 2141 peteret,
1119 2094 1163 2125 et
1181 2098 1346 2125 summe
1364 2084 1596 2125 contende-

157 2151 236 2194 ret,
258 2151 307 2184 ut
329 2157 450 2184 suum
475 2144 766 2199 propinquum
791 2142 1079 2194 defenderem,
1101 2142 1208 2184 mihi
1234 2141 1486 2198 perdifficile
1507 2155 1598 2182 esse

155 2208 308 2241 contra
328 2200 431 2242 tales
451 2210 640 2242 oratores
659 2216 744 2242 non
764 2201 893 2241 modo
913 2209 1077 2241 tantam
1096 2214 1268 2241 causam
1292 2212 1502 2255 perorare,
1523 2198 1596 2239 sed

155 2257 333 2300 omnino
358 2258 537 2300 verbum
559 2258 700 2300 facere
722 2258 882 2299 conari.
927 2257 1039 2298 Cum
1062 2258 1261 2313 cupidius
1283 2256 1486 2307 instarem
1517 2255 1596 2296 ho-

152 2315 260 2357 mini
294 2330 373 2372 pro
403 2315 596 2357 amicitia
628 2315 879 2357 familiarius
910 2315 1018 2366 dixi,
1048 2315 1157 2356 inihi
1188 2314 1323 2355 videri
1357 2327 1428 2354 ore
1458 2313 1596 2354 duris-

152 2373 264 2414 simo
295 2387 401 2424 esse,
433 2373 508 2429 qui
546 2382 757 2430 praesente
788 2387 839 2414 eo
873 2382 1042 2428 gestum
1076 2387 1204 2427 agere
1234 2380 1486 2412 conaretur:
1519 2371 1593 2426 qui

151 2444 254 2472 vero
275 2445 375 2472 cum
410 2431 505 2487 ipso
535 2431 859 2481 contenderent,
882 2444 968 2481 eos,
992 2428 1160 2471 etiamsi
1195 2428 1297 2485 quid
1333 2436 1459 2469 antea
1487 2428 1593 2469 recti

152 2497 227 2529 aut
249 2488 417 2530 venusti
440 2488 652 2530 8lhabere
683 2489 763 2529 visi
795 2496 908 2539 sunt,
932 2488 974 2529 id
1007 2487 1228 2529 amittere:
1261 2500 1314 2526 ne
1347 2486 1450 2540 quid
1483 2485 1590 2526 mihi

151 2545 364 2600 ejusmodi
403 2546 632 2598 accideret,
665 2561 764 2587 cum
804 2553 956 2587 contra
985 2544 1114 2585 talem
1148 2543 1358 2585 artificem
1397 2543 1678 2619 dicturus25

28 2629 29 2647 η
150 2617 302 2655 essem,
322 2618 392 2645 me
414 2603 563 2645 vereri.
624 2603 736 2645 Tum
757 2602 865 2644 mihi
890 2602 1073 2643 Roscius
1095 2609 1139 2642 et
1173 2601 1256 2642 alia
1277 2600 1413 2642 multa
1434 2600 1589 2642 confir-
1601 2643 1657 2686 78

144 2735 181 2765 in
211 2734 328 2775 quibus
354 2734 579 2775 interpunctio
603 2733 696 2765 valde
722 2734 849 2764 incerta
891 2733 1026 2772 cognitoe
1040 2732 1307 2771 rae—derogetur.

146 2786 216 2807 esse
229 2776 325 2807 solet.
351 2777 507 2807 Ceterum
521 2777 639 2814 fateor,
654 2777 765 2807 locum
780 2785 849 2806 esse
935 2778 975 2806 80
997 2775 1281 2814 ici-perseverare
1307 2772 1379 2813 δια]
1420 2773 1464 2804 Id
1490 2774 1594 2814 magis

147 2818 324 2852 duriorem.
368 2819 430 2850 Est
449 2824 483 2850 et
499 2819 619 2849 durum
639 2818 781 2858 intelligi
800 2819 848 2848 ei:
894 2817 934 2849 ad
952 2818 1135 2855 transigere
1155 2827 1253 2857 quam
1269 2816 1311 2847 ad
1319 2825 1532 2856 perseverare
1546 2826 1594 2846 re-

135 2861 225 2903 fides
238 2862 335 2902 hujus
347 2870 387 2892 ne
397 2862 427 2891 ei
440 2862 625 2900 derogetur.
647 2861 728 2901 Quis
741 2861 789 2891 ita
802 2860 850 2892 lo·
894 2860 1077 2892 ferendum.

145 2904 259 2942 quitur
268 2904 282 2933 ?
305 2903 534 2942 corrigendum
549 2903 692 2944 estfidei
712 2903 852 2944 hujas—
937 2905 974 2934 81
990 2903 1064 2933 lmb.
1076 2902 1137 2933 vis-i
1148 2901 1239 2941 sunt]
1255 2910 1315 2931 scr.
1327 2901 1404 2937 sint,
1417 2900 1468 2930 vel
1483 2903 1594 2930 essent.

836 2951 911 2988 c4
