1907 3231
402 146 520 186 PRO
546 146 669 185 SEX.
699 145 916 185 ROSCIO
943 146 1238 185 AMERINO.
1487 141 1538 181 6⁵

105 251 262 307 partim
296 251 566 307 imprudente
598 251 647 293 L.
671 250 802 302 Sulla,
831 251 1111 297 commisisse.
1174 250 1320 291 Placet
1341 249 1473 304 igitur
1493 247 1537 288 in
1551 247 1621 286 1:31

107 309 175 348 his
205 310 328 350 rebus
360 308 521 364 aliquid
543 308 832 365 imprudentia
860 308 1096 364 praete1·iri?
1127 322 1213 349 non
1246 306 1398 362 placet,
1422 304 1541 359 judi-

110 379 204 417 ces;
237 366 309 406 sed
333 379 504 406 necesse
522 376 601 407 est.
662 365 835 407 Etenim
857 366 891 406 si
914 365 1087 422 Jupiter
1116 366 1306 421 optimus
1329 363 1543 407 maximus

107 421 233 477 cujus
251 432 358 463 nutu
372 432 414 463 et
427 422 605 464 arbitrio
623 422 800 473 coelum,
816 433 938 473 terra,
953 423 1171 478 mariaque
1193 429 1412 477 reguntur,
1431 432 1546 473 saepe

110 480 248 520 ventis
272 479 678 531 vehementioribus,
701 488 776 530 aut
794 480 1085 521 immoderatis
1110 477 1450 534 tempestatibus,
1473 484 1548 515 aut

113 536 249 577 nimio
271 536 426 587 calore,
449 547 524 577 aut
553 536 809 578 intolerabili
833 536 1006 592 frigore,
1030 537 1277 578 hominibus
1297 533 1459 583 nocuit,
1478 546 1548 572 ur-

115 593 188 647 bes
207 594 378 644 delevit,
401 593 546 650 fruges
571 594 778 650 perdidit3
809 608 992 649 quorum
1014 594 1135 645 nihil,
1154 592 1385 649 87pernicie
1406 603 1549 638 causa,

111 649 260 691 divino
293 651 488 702 consilio,
512 653 585 692 sed
618 652 661 692 vi
692 652 785 707 ipsa
815 661 860 691 et
891 652 1190 707 magnitudine
1213 664 1366 700 rerum,
1386 647 1551 688 factum

115 718 345 763 putamus;
377 719 422 748 at
454 720 619 758 contra,
653 708 896 760 commoda,
926 709 1082 763 quibus
1115 709 1290 758 utimur,
1312 706 1552 759 lucemque,

115 779 203 819 qua
225 765 419 816 fruimur,
451 766 749 821 spiritumque,
772 780 900 820 quem
931 766 1142 818 ducimus,
1166 766 1220 806 ab
1242 779 1293 805 eo
1315 763 1440 804 nobis
1462 760 1553 802 dari

116 831 246 877 atque
277 823 486 878 impertiri
519 823 738 873 videmus3
770 822 873 877 quid
906 823 1127 874 miramur,
1163 823 1212 863 L.
1243 821 1420 871 Sullam,
1455 823 1601 860 cumb·

116 879 232 920 solus
255 880 563 935 rempublicam
587 888 767 935 regeret,
789 880 1023 935 orbemque
1055 890 1260 921 terrarum
1283 879 1556 935 gubernaret,

123 936 380 993 imperiique
403 937 688 992 majestatem,
709 951 838 991 quam
860 939 988 978 armis
1011 946 1242 993 receperat,
1264 935 1432 991 legibus
1454 948 1557 974 con-

119 993 324 1046 firmaret,
354 993 496 1048 aliqua
521 994 860 1034 animadvertere
892 1009 978 1036 non
1013 995 1227 1051 potuisse?
1257 994 1340 1034 nisi
1374 993 1456 1033 hoc
1478 990 1558 1030 mi-

121 1065 216 1092 rum
238 1062 316 1103 est,
338 1052 453 1106 quod
475 1051 536 1091 vis
557 1051 705 1092 divina
726 1052 894 1106 assequi
924 1067 1011 1093 non
1035 1052 1185 1108 possit,
1209 1051 1242 1092 si
1271 1051 1313 1091 id
1336 1064 1455 1093 mens
1479 1048 1559 1088 hu-

123 1123 252 1150 mana
282 1109 439 1164 adepta
468 1123 555 1149 non
588 1109 659 1149 sit.
720 1108 895 1160 Verum,
919 1119 966 1150 ut
995 1111 1090 1151 haec
1110 1109 1240 1149 missa
1268 1108 1439 1157 faciam,
1461 1110 1645 1160 quae139.

114 1166 210 1222 jam
234 1165 351 1207 facta
372 1175 494 1217 sunt;
526 1180 580 1206 ex
604 1167 671 1216 iis,
694 1180 792 1220 quae
813 1181 928 1208 nunc
947 1167 1136 1208 maxime
1159 1166 1282 1216 fiunt,
1305 1178 1448 1206 nonne
1466 1163 1561 1219 qui-

126 1224 188 1264 vis
207 1232 351 1279 potest
368 1223 623 1279 intelligere,
643 1223 836 1263 omnium
855 1224 1139 1265 architectum
1160 1233 1204 1264 et
1224 1223 1564 1264 machinatorem

125 1295 259 1321 unum
279 1294 369 1321 esse
393 1280 746 1336 Chrysogonum,
779 1281 853 1335 qui
885 1282 987 1323 Sex.
1011 1281 1161 1322 Roscii
1184 1295 1338 1321 nomen
1372 1278 1566 1319 deferen-

123 1338 229 1379 dum
258 1338 452 1379 curavit?
482 1340 565 1378 hoc
580 1337 814 1392 judicium,
844 1338 968 1394 cujus
1001 1338 1177 1380 honoris
1207 1352 1336 1379 causa
1367 1349 1568 1377 accusare

127 1409 171 1437 se
192 1395 305 1437 dixit
328 1394 533 1436 Erucius?

630 1452 792 1496 Desunt
810 1469 892 1496 non
905 1469 1058 1510 pauca.

128 1535 290 1584 aptam,
310 1537 356 1569 et
387 1528 554 1570 ratione
586 1528 842 1585 dispositam
872 1543 916 1570 se
944 1528 1103 1570 habere
1131 1526 1398 1576 existimant,
1420 1525 1494 1580 qui
1525 1523 1569 1564 in
1582 1511 1655 1568 4-6

129 1585 377 1638 Salentinis,
408 1595 484 1627 aut
513 1587 559 1627 in
581 1586 747 1628 Brutiis
779 1587 956 1638 habent,
978 1586 1092 1628 unde
1114 1585 1189 1627 vix
1209 1594 1273 1625 ter
1295 1585 1337 1625 in
1361 1597 1473 1624 anno
1496 1596 1570 1623 au-

128 1642 220 1684 dire
237 1643 438 1684 nuntium
456 1653 650 1700 possunt.

189 1699 310 1742 Alter
345 1701 426 1742 tibi
460 1702 683 1743 descendit
714 1701 768 1743 de
797 1701 959 1758 palatio
997 1710 1042 1742 et
1079 1699 1244 1742 aedibus
1279 1698 1386 1740 suis:
1437 1696 1570 1737 habet
1585 1704 1656 1740 133

132 1758 266 1799 animi
299 1757 520 1800 relaxandi
550 1774 679 1801 causa
708 1775 777 1800 rus
811 1773 1036 1800 amoenum
1054 1768 1097 1799 et
1119 1757 1428 1806 suburbanum,
1451 1754 1574 1810 plura

131 1823 341 1871 praeterea
362 1816 538 1872 praedia,
557 1831 696 1872 neque
718 1826 862 1858 tamen
880 1816 1030 1867 ullum,
1043 1816 1125 1856 nisi
1139 1814 1392 1871 praeclarum
1415 1821 1459 1853 et
1478 1825 1576 1867 pro-

133 1873 367 1928 pinquum:
400 1874 552 1914 domus
585 1874 742 1915 referta
770 1874 882 1916 vasis
925 1873 1166 1914 Corinthiis
1201 1881 1246 1913 et
1288 1869 1493 1920 Deliacis,
1533 1869 1578 1909 in

135 1929 293 1985 quibus
311 1941 376 1971 est
397 1930 606 1988 authepsa
627 1932 711 1983 illa,
734 1947 863 1987 quam
895 1941 1016 1973 tanto
1038 1930 1176 1987 pretio
1208 1943 1343 1985 nuper
1364 1935 1579 1967 mercatus

135 1996 216 2038 est,
254 1996 318 2039 ut,
355 1989 430 2044 qui
461 1998 767 2044 praetereuntes
789 1992 828 2021 88
841 1990 1027 2046 pretium
1059 1987 1298 2029 enumerari
1330 1984 1582 2034 audiebant,

132 2112 173 2138 ex
185 2102 236 2139 iis,
248 2112 321 2141 quae
332 2112 432 2143 supra
442 2102 477 2133 in
490 2104 679 2135 narratione
691 2103 730 2135 de
743 2103 836 2134 Sulla

132 2144 270 2175 dixerat.
326 2145 372 2175 At
398 2145 452 2175 hie
488 2146 523 2176 in
547 2147 760 2185 sequentibus
796 2146 835 2176 de

134 2185 206 2217 sola
228 2186 451 2228 imprudentia
473 2194 541 2218 estz
565 2191 599 2218 et
614 2190 744 2229 partim
769 2199 836 2219 non

137 2230 316 2261 necessario
334 2229 423 2260 aliud
438 2232 569 2269 partim
591 2236 668 2261 ante
687 2235 745 2262 aut
762 2235 837 2271 post

136 2281 171 2303 se
183 2271 293 2302 habet.
316 2271 414 2303 Forte
428 2273 530 2304 etiam
547 2273 691 2304 alterum
707 2273 745 2303 de
759 2283 837 2303 eon-

138 2314 271 2344 nivente
298 2313 391 2345 Sulla
419 2315 528 2346 noluit
555 2315 674 2346 diserte
710 2315 837 2353 dicere3

134 2355 235 2386 verbo
268 2360 384 2387 tamen
405 2358 535 2397 partim
571 2357 748 2389 admouere
780 2358 840 2388 ho-

878 2106 975 2136 Grut.
999 2102 1071 2134 edd.
1095 2112 1143 2143 pr.
1165 2101 1290 2132 habent
1306 2109 1496 2135 numerare,
1514 2097 1581 2128 Ms.

879 2148 942 2177 Gu.
982 2154 1186 2176 enumerare.
1244 2144 1404 2173 Gruterus
1446 2141 1583 2180 corrigit

873 2190 1017 2230 proeconi
1043 2186 1274 2222 adnumerari,
1302 2186 1377 2224 quia
1399 2184 1435 2214 in
1460 2183 1523 2213 Ms.
1549 2184 1581 2213 S.

880 2231 1023 2262 Victoris
1044 2234 1116 2260 erat
1133 2236 1321 2268 proecnnum
1343 2236 1401 2267 pro
1423 2227 1582 2266 pretium.

880 2274 978 2305 male.
1037 2273 1175 2302 Summa
1200 2271 1298 2310 pretii
1334 2279 1402 2299 non
1437 2268 1582 2311 auditur,

881 2326 957 2347 cum
971 2314 1111 2356 pecunia
1125 2319 1336 2343 numeratur:
1362 2321 1465 2350 neque
1478 2315 1584 2341 emto-

882 2368 932 2389 res
947 2358 1061 2389 statim
1076 2357 1109 2386 in
1127 2356 1280 2386 auctione
1296 2353 1514 2384 numerabant
1529 2363 1585 2393 pe-

142 2398 259 2429 mines.

183 2443 220 2474 87
231 2440 392 2480 pernicie]
423 2440 503 2472 Haec
515 2447 566 2473 est
579 2442 680 2473 lectio
694 2441 765 2472 edd.
789 2451 839 2481 pr.

139 2482 303 2521 omnium,
320 2484 402 2513 item
416 2483 490 2514 Ald.
504 2482 539 2516 P.
555 2485 687 2516 Manut.
715 2487 772 2514 otc.
788 2494 841 2513 ea—

139 2535 202 2565 que
221 2534 309 2563 vera,
326 2535 426 2565 quam
447 2528 662 2557 restituimus.
707 2526 841 2556 Veteres

140 2568 187 2597 sic
210 2568 476 2607 pronunciabant
508 2575 541 2599 et
575 2569 776 2603 scribebant,
805 2572 844 2597 ut

129 2609 268 2649 fructa,
284 2610 509 2650 uonsruetui,
525 2621 622 2652 super
636 2621 699 2650 quo
720 2610 842 2640 adeun-

142 2651 202 2682 dus
217 2651 332 2683 Cicero
346 2652 414 2692 ipse
429 2652 464 2682 in
479 2651 572 2684 Orat.
627 2653 843 2682 Grammatici

141 2698 268 2725 veteres
282 2695 423 2732 variant,
442 2705 518 2725 nam
533 2707 572 2726 ex
586 2696 619 2726 h.
634 2695 656 2725 l.
672 2696 845 2735 proferunt

137 2736 291 2775 pernicii,
309 2742 348 2766 ut
365 2737 449 2767 Gell.
472 2738 534 2775 IX,
563 2741 610 2768 14.
633 2738 846 2776 etpernieies.

144 2777 217 2817 Ego
239 2777 338 2809 libros
359 2780 498 2820 scriptos
520 2785 555 2812 et
579 2779 653 2810 edd.
674 2785 710 2809 et
730 2778 844 2810 anaio-

144 2829 235 2860 giam
249 2829 377 2859 sequor.

188 2864 227 2892 88
244 2865 390 2902 pretium
406 2864 609 2903 enumerari]
640 2864 719 2895 Non
737 2864 773 2894 in
787 2864 849 2894 hac

145 2903 289 2935 lectione
318 2906 534 2936 consentiunt
568 2905 654 2936 libri.
699 2906 762 2936 Ms.
796 2916 848 2947 ap.

210 2961 268 2988 VO
279 2960 318 2987 1..
345 2961 399 2989 11,

883 2400 1036 2431 cuniam:
1059 2409 1164 2438 neque
1186 2398 1326 2437 pecunia
1342 2395 1482 2426 dabatur
1502 2403 1586 2434 prae-

883 2443 970 2480 cuni,
986 2442 1042 2472 sed
1057 2441 1221 2480 magistris
1236 2439 1416 2468 auctionis:
1443 2437 1500 2468 sed
1514 2446 1587 2477 pre-

883 2486 922 2515 tii
938 2493 1066 2515 summa
1080 2482 1286 2517 audiebatur,
1301 2490 1377 2510 cum
1393 2488 1498 2520 praeeo
1513 2489 1588 2520 pro-

886 2527 1067 2557 nunciabat
1081 2525 1236 2565 pretium.
1281 2522 1396 2563 Quint.
1415 2531 1443 2552 c.
1463 2523 1510 2552 15.
1527 2526 1589 2553 voz'

882 2570 1039 2609 proeconis
1048 2567 1220 2607 predicat,
1237 2566 1424 2607 cmficitque
1431 2565 1588 2605 pretinm.

886 2611 950 2642 lua
971 2611 1074 2650 igitur
1095 2609 1285 2650 praedicatio
1308 2607 1470 2648 praeconis
1491 2607 1590 2638 debet

887 2662 957 2684 esse
980 2653 1014 2683 in
1029 2652 1126 2682 verbo
1141 2651 1350 2682 enumerarz':
1372 2655 1485 2688 estque
1505 2649 1590 2679 aeci«

888 2695 1046 2736 piendum
1074 2703 1171 2724 sensu
1200 2692 1457 2734 pronunciandae
1491 2701 1591 2731 pecua

891 2739 974 2776 niae3
1000 2736 1086 2777 quod
1101 2746 1160 2766 nec
1183 2737 1282 2766 nimis
1297 2734 1452 2766 abhorret
1473 2734 1514 2763 ab
1529 2741 1591 2764 usu

889 2781 961 2819 ejus
996 2779 1104 2810 verbi:
1142 2778 1204 2808 nisi
1240 2777 1395 2808 malimus
1429 2776 1593 2815 corrlgere

888 2823 1075 2860 enunciari,
1098 2819 1185 2860 quod
1199 2818 1437 2860 pronunciandi
1453 2817 1519 2848 vim
1535 2817 1597 2855 has.-

892 2864 960 2894 bet.
1418 2871 1422 2876 ·
1545 2869 1554 2875 ³

865 2950 886 2976 F
