1907 3231
452 142 574 180 ACT.
602 143 653 181 ΙΙ.
687 141 873 179 LIBER
905 140 1198 181 QUARTUS.
1469 143 1544 184 327

108 257 248 300 neque
270 244 523 287 difficultate
552 246 693 303 aliqua
726 245 945 302 temporis,
976 258 1115 299 neque
1147 243 1445 299 magnitudine
1467 259 1542 301 pe-

110 303 248 343 cuniae
272 302 503 344 adductum
527 318 631 355 esse,
656 313 702 344 ut
722 304 817 345 haec
840 304 967 359 signa
980 301 1207 342 venderet:
1241 310 1366 355 teque
1389 302 1469 342 ista
1487 303 1541 343 si-
1553 309 1584 339 P·
1600 301 1674 332 203.

110 359 346 400 mulatione
367 360 582 411 emtionis,
606 361 662 411 vi,
685 372 817 411 metu,
842 359 1036 416 imperio,
1061 358 1263 408 fascibus,
1295 359 1348 398 ab
1367 353 1581 400 hominea·

110 429 176 465 eo,
199 430 324 470 quem
342 432 427 457 una
443 432 537 458 cum
555 419 721 459 caeteris
737 418 863 459 sociis
882 432 967 458 non
983 415 1119 457 solum
1131 415 1334 471 potestati
1352 424 1452 465 tuae,
1470 416 1542 456 sed

109 473 238 512 etiam
270 473 366 514 fidei
402 475 583 530 populus
608 475 829 516 Romanus
858 473 1145 523 commiserat,
1176 471 1382 527 eripuisse
1414 481 1542 527 atque

107 529 345 571 abstulisse.
379 531 497 577 Quid
515 533 620 573 mihi
644 542 731 573 tam
755 532 1005 588 optandum,
1022 530 1208 585 judices,
1230 537 1372 585 potest
1386 542 1476 569 esse
1499 529 1542 570 in
1557 532 1602 565 15

107 584 192 626 hoc
206 588 399 639 crimine,
413 603 540 643 quam
564 599 610 630 ut
623 589 717 631 haec
730 590 878 630 eadem
892 589 1008 629 dicat
1022 588 1112 643 ipse
1136 586 1304 641 Hejus?
1325 585 1431 627 nihil
1446 600 1545 642 pro-

108 641 238 684 fecto.
262 645 334 685 sed
350 659 401 686 ne
415 646 608 687 difficilia
628 655 840 703 optemus.
880 645 1020 700 Hejus
1033 653 1098 685 est
1112 643 1422 684 Mamertinus:
1446 642 1546 684 Mae

105 700 290 742 mertina
307 704 458 743 civita's
481 703 611 744 istum
627 703 798 759 publice
817 702 1036 744 communi
1054 700 1234 742 consilio
1264 701 1353 741 sola
1373 700 1541 742 laudat:

109 758 310 800 omnibus
333 759 424 815 ipse
446 762 597 801 ceteris
627 760 780 802 Siculis
815 760 915 800 odio
949 767 1037 799 est:
1071 759 1124 799 ab
1147 757 1212 798 his
1243 758 1342 798 solis
1365 768 1546 799 amatur.

109 812 216 869 Ejus
238 825 382 857 autem
412 817 654 873 legationis,
687 831 783 872 quae
807 816 859 856 ad
882 816 1012 856 istum
1034 814 1294 855 laudandum
1317 815 1447 855 missa
1467 823 1546 867 est,

107 871 306 929 princeps
326 884 390 915 est
414 874 568 930 Hejus.
591 875 769 927 (etenim
787 882 852 913 est
869 872 1031 929 primus
1052 872 1275 922 civitatis)
1301 872 1400 912 ¹6ne
1420 871 1545 924 forte,

105 928 208 969 dum
230 931 414 985 publicis
436 931 648 972 mandatis
673 930 843 982 serviat,
866 930 919 970 de
949 929 1127 986 privatis
1154 928 1320 984 injuriis
1350 929 1541 970 reticeat.

105 984 219 1027 Haec
242 1003 341 1028 cum
364 989 515 1030 scirem
537 997 580 1029 et
601 988 853 1044 cogitarem,
876 986 1074 1028 commisi
1094 995 1238 1026 tamen
1257 1000 1339 1035 me,
1355 986 1541 1041 judices,
1556 993 1603 1026 16

106 1041 239 1098 HejO.
276 1045 463 1100 produxi
500 1060 597 1086 eum
632 1046 770 1101 prima
802 1045 997 1085 actione:
1029 1057 1168 1098 neque
1206 1043 1249 1084 id
1284 1052 1425 1084 tamen
1456 1043 1542 1084 ullo

103 1101 294 1155 periculo
313 1101 410 1143 feci.
462 1102 580 1149 Quid
603 1103 716 1143 enim
737 1111 906 1158 poterat
927 1101 1068 1156 Hejus
1091 1100 1361 1156 respondere,
1381 1101 1414 1141 si
1433 1110 1546 1142 esset

104 1157 342 1213 improbus,
374 1160 406 1200 si
432 1161 494 1200 sui
518 1160 761 1200 dissimilis?
793 1160 928 1215 Signa
949 1158 1020 1199 illa
1051 1158 1169 1198 domi
1204 1173 1290 1198 suae
1321 1172 1426 1209 esse,
1457 1173 1545 1200 non

102 1214 216 1269 apud
241 1215 444 1259 Verrem?
477 1217 564 1263 Qui
589 1225 756 1273 poterat
787 1217 1021 1271 quidquam
1051 1214 1264 1270 ejusmodi
1287 1215 1452 1257 dicere?
1485 1215 1546 1257 Ut

102 1270 234 1312 homo
259 1274 528 1329 turpissimus
547 1283 671 1325 esset,
689 1273 1149 1328 impudentissimeque
1170 1272 1438 1323 mentiretur,
1460 1272 1545 1313 hoc

102 1328 287 1371 diceret:
322 1330 393 1372 illa
415 1346 457 1371 se
475 1331 675 1372 habuisse
696 1330 876 1380 venalia,
896 1344 1030 1384 eaque
1054 1343 1158 1380 sese,
1175 1330 1323 1384 quanti
1348 1329 1543 1381 voluerit,

100 1386 358 1429 vendidisse.
422 1387 570 1429 Homo
589 1387 706 1429 domi
730 1402 817 1428 suae
842 1386 1147 1436 nobilissimus,
1180 1386 1253 1441 qui
1277 1401 1352 1427 vos
1374 1387 1426 1427 de
1449 1387 1545 1427 reli·

102 1442 232 1498 gione
262 1459 338 1485 sua
366 1460 416 1485 ac
438 1445 650 1500 dignitate
673 1459 770 1484 vere
792 1444 1041 1484 existimare
1075 1443 1263 1483 maxime
1286 1443 1426 1495 vellet,
1458 1444 1545 1499 pri-

102 1514 173 1540 mo
202 1500 329 1551 dixit,
363 1516 406 1542 se
431 1502 560 1542 istum
594 1501 766 1558 publice
797 1501 983 1551 laudare,
1015 1501 1130 1555 quod
1161 1501 1242 1541 sibi
1276 1500 1334 1540 ita
1368 1501 1543 1541 manda-

101 1567 193 1597 tum
216 1568 352 1599 esset:
384 1558 538 1600 deinde
559 1574 697 1615 neque
721 1573 763 1599 se
785 1558 856 1598 illa
878 1557 1078 1598 habuisse
1095 1558 1274 1608 venalia,
1297 1572 1436 1612 neque
1458 1558 1543 1599 ulla

99 1614 364 1667 conditione,
397 1617 446 1667 si,
477 1626 621 1657 utrum
660 1615 800 1666 vellet,
833 1616 993 1666 liceret,
1025 1615 1180 1656 adduci
1219 1629 1420 1670 umquam
1465 1630 1541 1670 po-

100 1671 245 1723 tuisse,
268 1681 316 1713 ut
338 1674 540 1714 venderet
561 1673 645 1725 illa,
668 1689 764 1728 quae
789 1673 831 1713 in
856 1673 1039 1713 sacrario
1063 1672 1244 1713 fuissent
1263 1687 1287 1712 a
1303 1672 1539 1727 majoribus

100 1728 185 1769 suis
205 1729 353 1771 relicta
371 1739 414 1771 et
436 1731 607 1772 tradita.
660 1731 778 1777 Quid
802 1730 935 1780 sedes,
956 1730 1132 1771 Verres?
1163 1730 1265 1784 quid
1286 1733 1537 1785 exspectas?
1553 1730 1585 1777 8

99 1786 202 1839 quid
226 1795 268 1827 te
290 1801 314 1827 a
336 1787 621 1844 Centuripina
642 1788 832 1838 civitate,
855 1803 879 1827 a
898 1787 1137 1837 Catinensi,
1160 1787 1213 1827 ab
1238 1786 1460 1838 Halesum,
1483 1787 1537 1828 ab
1553 1802 1602 1839 17

99 1841 406 1897 Tyndaritana,
427 1844 630 1897 Ennensi,
652 1845 930 1902 Agyrinensi,
953 1845 1191 1900 ceterisque
1208 1844 1366 1885 Siciliae
1387 1844 1539 1885 civita-

100 1899 215 1941 tibus
238 1900 539 1943 circumveniri
562 1913 690 1959 atque
713 1903 898 1958 opprimi
923 1902 1056 1943 dicis?
1089 1910 1162 1942 tua
1180 1911 1220 1942 te
1236 1901 1367 1941 altera
1383 1901 1537 1957 patria,

98 1958 462 2012 quemadmodum
495 1960 636 2001 dicere
667 1960 847 2010 solebas,
880 1959 1084 2000 Messana
1106 1959 1414 2000 circumvenit:
1448 1968 1536 2008 tua,

97 2014 290 2070 inquam,
331 2015 550 2069 Messana,
593 2027 765 2058 tuorum
806 2016 999 2072 adjutrix
1041 2015 1261 2066 scelerum,
1308 2016 1536 2056 libidinum
1551 2021 1580 2051 b.

97 2072 233 2123 testis,
265 2073 508 2129 praedarum
539 2089 589 2115 ac
618 2074 831 2115 furtorum
865 2074 1095 2130 receptrix.
1157 2073 1291 2114 Adest
1328 2074 1441 2113 enim
1476 2073 1540 2113 vir

98 2129 386 2185 amplissimus
408 2131 500 2186 ejus
523 2132 727 2182 civitatis,
746 2130 927 2187 legatus,
947 2131 1128 2186 hujusce
1143 2130 1300 2185 judicii
1318 2145 1446 2170 causa
1462 2129 1538 2170 do-

96 2201 170 2228 mo
202 2187 371 2239 missus,
401 2189 601 2245 princeps
628 2189 886 2229 laudationis
917 2198 1026 2239 tuae3
1058 2188 1131 2243 qui
1167 2197 1206 2228 te
1240 2187 1412 2243 publice
1447 2187 1537 2227 lau-

97 2243 186 2285 dat.
223 2244 285 2285 ita
317 2246 432 2286 enim
463 2247 715 2287 mandatum
748 2255 876 2301 atque
899 2246 1156 2301 imperatum
1178 2254 1256 2285 est.
1280 2245 1448 2285 tametsi
1469 2259 1535 2284 ro·

97 2310 224 2357 gatus
250 2305 284 2334 17
296 2302 347 2343 de
371 2302 535 2358 Cybea,
558 2304 712 2344 tenetis
734 2303 954 2354 memoria,
978 2303 1081 2358 quid
1104 2302 1395 2357 responderit:
1429 2302 1533 2342 aedi-

97 2359 270 2400 ficatam
292 2359 478 2415 publicis
511 2361 666 2417 operis,
698 2360 870 2416 publice
899 2361 1074 2410 coactis,
1107 2359 1231 2414 eique
1263 2359 1532 2399 aedificandae

95 2415 269 2472 publice
298 2417 610 2459 Mamertinum
645 2427 884 2458 senatorem
915 2417 1154 2473 praefuisse.
1216 2415 1338 2456 Idem
1371 2416 1424 2456 ad
1458 2430 1534 2456 vos

97 2473 315 2529 privatim,
340 2474 526 2529 judices,
557 2474 781 2531 confugit:
815 2474 951 2514 utitur
971 2473 1053 2515 hac
1078 2473 1186 2528 lege,
1217 2473 1534 2528 quajticlicium

97 2539 162 2571 est
182 2532 423 2572 communis
445 2542 489 2573 et
523 2533 702 2588 privatae
736 2531 796 2572 rei
830 2531 1058 2571 sociorum.
1083 2531 1252 2570 tametsi
1287 2530 1357 2571 lex
1386 2539 1451 2570 est
1483 2530 1536 2571 de

97 2588 291 2643 pecuniis
313 2590 575 2645 repetundis,
597 2590 666 2630 ille
689 2604 732 2630 se
755 2597 886 2645 negat
908 2589 1136 2644 pecuniam
1157 2596 1375 2643 repetere;
1406 2602 1536 2642 quam

142 2727 180 2759 16
200 2726 334 2768 neforte
349 2729 423 2769 &c.]
460 2730 539 2761 Non
564 2730 626 2761 hoc
649 2729 793 2761 cohaeret
836 2730 952 2768 rigere,
967 2726 1052 2767 quod
1066 2728 1153 2758 varie
1168 2727 1238 2758 fieri
1253 2731 1374 2769 posset,
1376 2725 1473 2767 forte
1482 2731 1534 2765 ue,

95 2780 172 2801 cum
194 2771 473 2809 antecedentibus,
499 2777 538 2803 ut
560 2773 616 2803 alii
627 2774 698 2812 jam
720 2782 793 2802 sen-
837 2771 886 2801 vel
887 2770 994 2810 jbrte,
1011 2771 1268 2808 dum—serviat,
1282 2775 1320 2801 ut
1332 2770 1437 2809 depr.
1453 2771 1513 2801 ἀοι

93 2821 175 2843 sere.
202 2812 228 2843 P
253 2812 424 2845 Manutius
447 2815 562 2855 jocum
587 2825 655 2846 esse
681 2819 791 2855 putat,
881 2816 916 2846 17
940 2812 978 2842 de
1010 2812 1127 2852 Cybea]
1166 2813 1314 2845 Graevius
1348 2812 1534 2853 suspicatur

95 2863 194 2894 quem
209 2864 276 2885 non
296 2861 457 2895 assequor.
495 2857 619 2887 Vitium
642 2857 696 2888 hic
709 2866 790 2894 esse,
840 2854 985 2896 Cymbia.
997 2865 1028 2886 v.
1043 2854 1134 2887 Clav.

94 2905 163 2929 non
176 2897 304 2936 dubito,
328 2898 398 2930 sine
413 2899 501 2930 libris
516 2909 584 2931 non
604 2900 706 2931 audeo
721 2909 792 2930 cor-

777 2947 856 2983 Y4
