1907 3231
435 113 557 150 ACT.
586 111 636 149 II.
679 110 867 148 LIBER
894 111 1220 153 SECUNDUS.
1462 122 1536 163 ΞΗ

103 215 230 257 istius
252 215 404 268 amici3
435 215 478 255 in
500 215 566 255 his
587 215 717 256 etiam
738 224 861 270 pater
880 215 987 270 ejus,
1009 215 1092 256 hoc
1122 214 1381 260 defendebat
1410 220 1537 262 licere

105 273 223 314 fieri:
256 287 369 328 saepe
399 286 489 312 esse
520 272 703 313 factum:
735 272 880 322 istum,
903 273 1018 328 quod
1049 272 1234 325 fecisset,
1257 275 1436 317 aliorum
1458 292 1534 318 ex-

105 330 248 386 emplo
285 329 569 384 institutoque
610 329 775 369 fecisse.
838 328 959 370 Dicit
993 338 1201 385 praeterea
1236 332 1532 376 testimonium
1546 340 1618 375 108

104 395 199 428 tota
236 386 406 427 Sicilia:
457 401 569 441 quae,
611 386 655 426 in
696 386 998 427 communibus
1039 388 1266 443 postulatis
1306 389 1533 433 civitatum

103 445 312 494 omnium,
333 443 580 484 consulibus
616 443 765 494 edidit,
787 458 938 500 rogare
967 453 1096 499 atque
1117 458 1237 486 orare
1266 453 1407 502 patres
1429 461 1533 488 con-

103 501 300 556 scriptos,
323 510 371 540 ut
399 509 647 551 statuerent,
672 515 724 540 ne
754 501 994 541 absentium
1029 501 1206 543 nomina
1226 503 1532 558 reciperentur.

102 557 204 603 Qua
232 558 286 598 de
316 571 360 598 re
392 556 474 598 Cn.
501 557 743 607 Lentulum,
778 566 1006 613 patronum
1040 558 1215 610 Siciliae,
1249 559 1532 602 clarissimum

99 613 428 665 adolescentem,
450 615 591 655 dicere
611 615 810 665 audistis3
843 615 1024 666 Siculos,
1046 630 1145 656 curn
1162 631 1206 656 se
1226 631 1412 669 causam,
1432 633 1530 673 quae

98 684 178 767 lpro
201 671 266 712 his
290 671 371 712 sibi
396 672 438 711 in
461 682 608 712 senatu
624 672 790 728 agenda
810 681 934 722 esset,
956 673 1174 724 docerent,
1196 673 1249 714 de
1272 674 1439 716 Sthenii
1458 680 1531 716 (τει-Δ

116 728 291 769 amitate
311 737 484 784 questos
498 743 613 782 esse3
646 729 1028 785 propterquehanc
1043 729 1260 785 injuriam,
1282 746 1378 786 quae
1403 732 1529 774 Sthe-

97 784 172 825 nio
193 785 310 827 facta
340 789 464 836 esset,
493 800 565 827 eos
599 787 811 836 statuisse,
849 794 910 836 ut,
932 786 1048 841 quod
1080 787 1194 838 dico,
1225 788 1528 844 postularetur.

98 841 211 888 Quae
233 858 332 884 cum
351 843 411 884 ita
431 853 585 894 essent,
609 852 782 885 tantane
802 843 990 884 amentia
1020 844 1226 899 praeditus
1248 855 1377 901 atque
1397 847 1527 888 auda-
1542 861 1615 895 104

96 898 165 939 cia
186 899 320 951 fuisti,
343 910 390 941 ut
422 900 464 940 in
487 914 530 940 re
563 909 651 940 tam
680 899 806 951 clara,
837 909 925 940 tam
948 908 1118 952 testata,
1150 910 1237 942 tam
1261 904 1337 943 abs
1359 913 1402 944 te
1432 904 1527 960 ipso

96 957 362 1013 pervulgata,
385 957 550 997 tabulas
572 958 764 1013 publicas
779 972 1050 1014 corrumpere
1066 958 1266 1001 auderes?
1298 959 1358 1000 At
1379 975 1528 1015 quem-

95 1014 327 1055 admodum
359 1014 611 1070 corrupisti?
642 1029 785 1055 nonne
816 1015 890 1066 ita,
919 1025 981 1066 ut,
1003 1016 1203 1056 omnibus
1234 1018 1360 1058 nobis
1384 1028 1528 1059 tacen-

94 1070 226 1122 tibus,
245 1072 399 1127 23jpsae
423 1080 464 1111 te
486 1080 571 1112 tuae
587 1072 743 1113 tabulae
761 1072 1046 1113 condemnare
1061 1077 1264 1129 possent?
1294 1077 1335 1106 24
1349 1074 1527 1127 Quaeso,

92 1128 288 1169 codicem
320 1128 568 1170 circumfer:
601 1130 791 1170 ostende.
821 1129 1031 1170 videtisne
1069 1138 1209 1171 totum
1240 1131 1323 1172 hoc
1352 1146 1525 1184 nomen,

93 1198 237 1226 coram
258 1186 331 1227 ubi
355 1185 460 1227 facit
481 1185 683 1237 delatum,
707 1201 797 1227 esse
820 1187 862 1227 in
895 1186 1048 1228 litura?
1081 1187 1198 1233 Quid
1220 1187 1303 1228 fuit
1324 1189 1422 1230 istic
1448 1204 1524 1230 an·

94 1249 164 1283 tea
204 1242 436 1300 scriptum?
476 1244 590 1298 quod
623 1244 825 1284 mendum
852 1244 934 1284 ista
965 1243 1093 1285 litura
1123 1245 1336 1287 correxit?
1365 1246 1468 1300 quid
1499 1262 1525 1287 a

90 1300 428 1356 nobis,judices,
449 1301 710 1356 exspectatis
744 1309 998 1356 argumenta
1017 1300 1146 1357 hujus
1166 1301 1381 1345 criminis?
1415 1303 1524 1344 nihil

89 1356 294 1400 dicimus:
326 1357 484 1398 tabulae
504 1367 603 1398 sunt
625 1358 667 1398 in
690 1358 846 1408 medio,
870 1372 966 1412 quae
990 1372 1033 1398 se
1061 1368 1284 1416 corruptas
1306 1368 1436 1414 atque
1457 1360 1523 1401 in·-

91 1414 253 1456 terlitas
275 1429 366 1455 esse
388 1414 589 1456 clamant.
650 1413 718 1455 Ex
742 1415 833 1455 istis
864 1415 994 1455 etiam
1027 1424 1073 1456 tu
1108 1417 1234 1457 rebus
1267 1416 1456 1472 effugere
1478 1426 1521 1458 te
1538 1430 1607 1465 105

89 1485 215 1527 posse
236 1472 430 1522 confidis,
453 1486 552 1512 cum
582 1483 623 1513 te
644 1487 721 1513 nos
744 1487 831 1512 non
855 1472 1059 1528 opinione
1079 1473 1225 1524 dubia,
1249 1474 1321 1514 sed
1347 1475 1428 1514 tuis
1450 1489 1523 1515 ve-

88 1529 228 1585 stig-iis
251 1544 569 1586 persequamur,
592 1545 688 1585 quae
713 1539 758 1570 tu
782 1530 824 1569 in
859 1529 1015 1570 tabulis
1037 1530 1221 1586 publicis
1247 1545 1450 1586 expressa
1471 1547 1522 1572 ac

88 1587 278 1628 recentia
299 1587 504 1642 reliquisti
522 1589 535 1628 ?
569 1587 610 1628 Is
634 1586 738 1627 mihi
761 1587 891 1628 etiam
909 1587 1136 1628 Sthenium
1151 1588 1313 1629 litteras
1327 1588 1521 1643 publicas

86 1644 342 1700 corrupisse,
364 1647 404 1675 ‘25
415 1659 543 1686 causa
573 1645 810 1701 incognita,
833 1644 1065 1699 judicavit,
1088 1645 1161 1701 qui
1183 1645 1412 1686 defendere
1433 1661 1522 1687 non

87 1702 291 1756 potuerit,
315 1717 359 1743 se
380 1716 466 1742 non
490 1703 592 1743 ‘lssex
609 1703 742 1759 ipsius
762 1701 930 1742 Sthenii
953 1703 1127 1744 nomine
1148 1702 1310 1743 litteras
1325 1703 1519 1759 publicas

85 1759 352 1814 corrupisse?
394 1759 549 1801 Videte
589 1773 716 1816 porro
756 1759 882 1800 aliam
923 1759 1204 1802 dementiam:
1256 1760 1413 1812 videte,
1454 1769 1517 1813 ut,
1528 1758 1599 1807 43

84 1815 188 1856 dum
229 1816 433 1873 expedire
474 1831 563 1858 sese
603 1817 707 1868 vult,
745 1816 910 1857 induat.
987 1817 1271 1874 Cognitorem
1311 1817 1518 1860 adscribit
1533 1831 1606 1865 106

85 1873 281 1914 Sthenio.
362 1874 532 1920 Quem?
574 1884 808 1931 cognatum
841 1873 1042 1929 aliquem,
1084 1884 1158 1916 aut
1199 1875 1516 1931 propinquum?

83 1944 186 1972 non.
215 1930 543 1972 Thermitanum
572 1932 772 1987 aliquem,
805 1931 1035 1972 honestum
1065 1932 1286 1973 hominem
1318 1947 1368 1973 ac
1391 1933 1516 1973 nobi·
1528 1952 1559 1982 p.
1578 1944 1646 1974 130,

82 1987 194 2030 lem?
225 2002 278 2029 ne
301 1988 343 2029 id
367 1989 556 2043 quidem.
616 1989 676 2031 At
708 1988 917 2040 Siculum,
939 1989 984 2030 in
1017 2004 1102 2044 quo
1130 1989 1283 2044 aliquis
1316 1988 1557 2044 splendora-

81 2045 356 2102 dignitasque
386 2050 521 2089 esset?
551 2047 743 2088 minime.
801 2048 839 2080 27
852 2047 969 2094 Quid
993 2046 1153 2104 igitur?
1185 2047 1324 2088 civem
1354 2046 1517 2088 Roma-

121 2178 161 2207 93
187 2178 263 2216 ipsoe
287 2180 318 2207 te
343 2177 588 2217 tuce—possent]
621 2176 703 2208 Edd.
726 2186 774 2217 pr.
820 2176 878 2207 8ιο.
900 2176 1015 2207 deinde
1032 2177 1142 2216 potuit
1166 2187 1224 2217 pro
1241 2177 1402 2216 potuerat,-
1428 2177 1515 2216 quod

78 2216 201 2249 habent
209 2224 240 2250 te
248 2224 325 2250 ante
329 2225 466 2259 possent.
488 2220 584 2250 Forte
593 2220 754 2260 optimum
767 2231 773 2248 :
818 2218 851 2248 id
865 2228 932 2249 non
947 2220 1131 2250 consentire
1145 2219 1316 2250 videbatur
1338 2219 1515 2260 cumjudi-

79 2265 143 2291 tuoe
158 2266 188 2291 te
202 2263 331 2292 tabulae.
348 2261 417 2293 haec
432 2263 521 2294 enim
543 2268 711 2294 structura
725 2265 774 2292 est
818 2262 924 2294 cavit,·
948 2271 1089 2300 quocum
1108 2267 1221 2292 tamen
1238 2262 1271 2292 h.
1296 2261 1317 2291 1.
1339 2262 1421 2292 bene
1435 2271 1514 2292 con-

77 2302 305 2335 Ciceroniana.
817 2303 929 2333 sentit.
965 2303 1043 2333 Non
1058 2302 1113 2334 ille
1129 2314 1192 2334 non
1202 2305 1311 2344 potuit
1327 2303 1512 2342 defendere,

120 2347 160 2377 24
182 2347 310 2387 Quoew,
336 2348 402 2378 cod.
422 2347 463 2386 e.]
490 2346 632 2377 Grutero
648 2345 772 2386 placuit
815 2346 871 2376 sed
886 2346 911 2375 si
925 2345 1070 2375 defensio
1084 2346 1250 2386 postulata
1263 2350 1360 2383 esset,
1376 2356 1443 2376 non
1456 2356 1512 2386 po-

76 2388 175 2419 lectio
201 2389 334 2420 illorum
359 2390 500 2421 duorum
535 2389 636 2419 Codd.
678 2388 769 2424 Cedo,

75 2441 196 2470 quoeso:
221 2433 406 2472 recepitque
420 2432 576 2463 Graevius.
599 2431 770 2469 Nusquam

75 2474 121 2504 sic
134 2474 258 2504 Cicero.
292 2474 371 2505 Cedo
385 2483 513 2514 semper
532 2474 639 2503 solum
655 2473 767 2509 habet,

75 2517 144 2547 sine
156 2526 268 2556 quoeso.
317 2518 454 2548 Ostende
478 2517 621 2556 pertinet
639 2516 679 2546 ad
692 2515 769 2545 litu-

74 2568 155 2589 ram.
170 2569 284 2590 nomen
299 2565 347 2590 est
369 2565 470 2600 caput
491 2559 529 2589 de
545 2558 695 2588 Sthenio:
720 2558 769 2587 in—

74 2600 124 2631 fra
135 2606 184 2631 est
198 2612 312 2632 nomen
326 2602 464 2633 Schenii.
479 2612 507 2631 V.
523 2601 614 2631 Clav.

116 2645 156 2674 95
167 2654 284 2674 caussa
293 2641 762 2684 incogjudicavit—potuerit]

76 2684 156 2716 Haec
171 2692 220 2716 est
233 2686 330 2716 lectio
352 2687 423 2717 edd.
446 2691 603 2716 veterum.
647 2685 687 2715 In
703 2695 768 2723 qua

73 2729 217 2766 primum
231 2740 248 2758 e
263 2731 451 2767 conjectura
475 2728 679 2758 Hotomanni
705 2727 769 2762 ele·

72 2774 184 2808 ganto,
199 2770 253 2800 sed
268 2779 334 2800 uon
347 2771 538 2807 necessaria,
547 2769 671 2800 factum
676 2768 771 2809 judi·-

71 2813 169 2848 cabil,
193 2818 309 2842 contra
324 2822 438 2842 omnes
453 2814 564 2848 libros,
585 2811 672 2851 quod
689 2811 769 2841 alias

814 2388 931 2418 tuisset
944 2388 1125 2418 defendere.

857 2431 897 2460 <26
911 2440 950 2460 ex
978 2431 1078 2468 ipsius
1102 2430 1136 2460 S.
1162 2430 1304 2469 nomine]
1343 2430 1402 2461 Ex
1424 2431 1511 2461 delet

812 2472 875 2502 Ms.
890 2472 1017 2502 Metell.
1040 2472 1126 2511 quod
1138 2476 1269 2502 secutus
1286 2478 1334 2502 est
1350 2473 1508 2503 Graevius.

810 2514 927 2544 Lanib.
944 2515 978 2544 in
992 2515 1050 2554 ips.
1065 2514 1099 2545 S.
1117 2525 1154 2546 71;
1179 2523 1251 2552 quae
1273 2523 1321 2544 est
1334 2514 1404 2554 ipsa
1419 2515 1509 2546 Cice,-

811 2558 899 2587 ronis
912 2556 1017 2586 forma
1030 2557 1062 2586 in
1078 2557 1138 2586 hac
1153 2566 1196 2586 re.
1219 2555 1278 2586 Ex·
1293 2562 1400 2596 potest
1412 2568 1509 2588 excu-

812 2600 886 2629 sari.
903 2609 979 2628 nain
995 2598 1115 2628 dicitur
1136 2608 1175 2628 ex
1196 2598 1281 2628 sicut
1305 2609 1326 2629 α
1344 2601 1378 2629 in
1394 2600 1508 2638 hujus—

809 2641 896 2671 modi
911 2639 1073 2670 formulis:
1102 2650 1142 2670 er
1160 2650 1224 2680 qua
1242 2646 1341 2680 parte
1368 2643 1509 2681 laborm,

811 2688 982 2722 corruptus
997 2687 1055 2718 est,
1071 2687 1104 2712 et
1119 2682 1249 2712 similia.

855 2728 893 2758 ‘27
910 2725 1133 2765 ‚Quali—gitur]
1149 2725 1210 2755 int.
1224 2725 1312 2755 fecit.
1333 2726 1508 2756 Sicomnes

813 2766 885 2797 edd.
900 2773 981 2797 vett.
1000 2776 1102 2805 usque
1117 2766 1157 2796 ad
1169 2767 1382 2804 Lambinum,
1398 2768 1453 2807 qui
1467 2778 1508 2799 ex

812 2820 850 2839 eo
864 2810 939 2839 fecit
955 2808 1063 2849 ‚Quem
1078 2810 1100 2838 ι’.
1116 2808 1201 2847 quod
1213 2814 1263 2840 est
1277 2809 1415 2841 facilius.
1442 2810 1506 2841 Ve-

70 2853 232 2885 Lambino
267 2855 387 2894 ingerit
413 2855 587 2891 Gruterus,
624 2853 770 2885 Graevius
814 2856 868 2882 tus
882 2851 1028 2883 restituit
1043 2851 1150 2882 Graev.

748 2900 825 2937 ΡΞ
