1907 3231
303 102 354 139 54
893 98 1140 137 ORATIO

298 208 367 241 tur
395 209 567 243 sancte:
598 200 693 243 haec
725 200 844 257 parvi
871 203 1074 298 temporis
1107 200 1372 252 memoriam,
1399 200 1482 243 illm
1511 208 1728 258 perpetum

294 257 631 300 existimationis
666 258 795 300 tidem
833 269 876 300 et
918 274 961 300 re
981 259 1168 315 igionem
1209 258 1548 314 amplectuntur:
1601 258 1729 303 ⁶haee

294 323 396 356 sunt
426 315 608 370 dejecta,
635 315 714 357 511ae
749 317 791 357 in
816 315 1008 357 ordinem
1030 315 1256 357 consectae.
1309 315 1461 371 Itaque
1490 314 1730 358 adversaria

297 370 340 412 in
363 371 578 427 judicium
613 373 789 428 protulit
812 387 962 414 nemo:
994 373 1187 414 codicem
1221 373 1412 428 protulit,
1435 372 1599 414 tabulas
1621 371 1728 414 reei-

247 429 417 479 3tavit.
467 428 549 480 Tu,
572 430 624 470 C.
651 429 765 479 Piso,
791 429 863 470 tali
897 429 995 479 fide,
1020 430 1191 481 virtute,
1223 430 1448 485 gravitate,
1471 430 1727 472 auctoritate

255 496 484 538 Seruatus,
505 502 558 527 ex
582 486 831 527 adversariis
858 487 1079 541 pecuniam
1106 497 1248 542 petere
1269 501 1355 528 non
1376 487 1566 528 auderes.
1616 485 1727 542 Ego,

293 557 391 596 quae
432 543 547 584 clara
583 553 681 584 sunt
710 543 1035 593 consuetudine,
1068 544 1228 585 diutius
1260 544 1401 586 dicere
1439 559 1525 585 non
1563 543 1725 585 debeo:

293 598 396 641 illud
420 615 533 651 vero,
555 600 671 655 quod
693 600 745 641 ad
769 615 855 641 rem
883 600 1156 642 vehementer
1176 601 1373 656 pertinet,
1392 615 1563 655 quaero:
1595 613 1722 656 quam

289 656 454 711 pridem
488 657 569 698 hoe
599 671 772 708 nomen,
796 657 948 707 Fauni,
976 657 1018 699 in
1051 657 1291 699 adversaria
1320 657 1528 699 retulisti?
1562 655 1724 699 Erube-

289 713 395 754 scit:
428 714 531 769 quid
572 714 840 771 respondeat,
874 715 1036 756 nescit:
1071 715 1174 770 quid
1209 714 1345 755 finwat
1373 714 1606 770 extemplo,
1637 728 1724 756 non

287 768 436 811 habet.
495 773 606 812 Sunt
636 771 721 812 duo
752 786 916 814 menses
941 772 1050 827 jam,
1077 773 1207 813 dices.
1251 774 1269 805 7
1319 785 1441 814 amen
1464 772 1506 813 in
1529 771 1724 813 codicem

288 836 514 882 acceptum
545 838 590 869 et
621 843 860 884 expensum
893 830 1037 871 referri
1068 829 1232 871 debuit.
1291 827 1490 884 Amplius
1520 837 1619 870 sunt
1647 842 1723 870 sex

287 897 470 926 menses.
501 884 591 927 Cur
613 886 774 927 tamdiu
791 886 914 940 jacet
936 885 1018 928 hoc
1040 902 1194 928 nomen
1222 887 1264 927 in
1296 885 1572 927 adversariis?
1604 884 1723 932 Quid

287 941 323 982 si
357 942 528 983 tandem
567 942 749 998 amplius
782 943 1011 985 trienninm
1045 947 1136 985 cst?
1166 943 1399 999 quomodo,
1432 957 1530 984 cum
1559 955 1723 992 omnes,

286 998 362 1053 qui
393 999 560 1040 tabulas
581 1000 828 1051 conficiant,
853 1010 1090 1042 menstruas
1122 1015 1244 1057 paene
1274 1001 1458 1042 rationes
1489 999 1531 1040 in
1556 998 1722 1040 tabulas

289 1055 560 1107 transferant,
584 1066 628 1097 tu
653 1056 735 1098 hoc
760 1071 917 1099 nomen
942 1058 1171 1100 triennium
1202 1057 1383 1114 amplius
1406 1057 1447 1097 in
1470 1055 1722 1098 adversariis

251 1112 428 1166 Djaeere
451 1113 635 1168 pateris?
671 1114 823 1155 Utrum
844 1124 987 1156 cetera
1008 1115 1183 1156 nomina
1204 1115 1246 1155 in
1266 1115 1460 1157 codicem
1490 1112 1655 1170 accepti
1677 1122 1722 1154 et

286 1171 465 1224 expensi
497 1170 665 1226 digesta
695 1170 840 1221 habes,
871 1186 924 1212 an
956 1175 1071 1214 non?
1102 1172 1147 1213 δί
1177 1186 1285 1223 n0n3
1316 1171 1534 1227 quomodo
1557 1168 1723 1212 tabulas

285 1226 492 1268 conficis?
524 1229 558 1268 si
581 1227 736 1280 etia1n3
767 1230 1062 1284 quamobrem,
1085 1244 1182 1271 cum
1205 1239 1348 1270 cetera
1375 1228 1550 1269 nomina
1579 1227 1621 1270 in
1652 1241 1721 1268 or-

285 1283 430 1324 dinem
453 1284 678 1336 referebas,
702 1285 784 1327 hoc
815 1301 969 1327 nomen
995 1287 1178 1328 triennio
1200 1285 1398 1342 amplius,
1428 1285 1542 1340 quod
1564 1293 1654 1325 erat
1675 1283 1720 1325 in

285 1341 434 1396 primis
456 1356 676 1398 magnum,
705 1344 747 1384 in
779 1344 1033 1385 adversariis
1065 1344 1360 1399 relinquebas?
1392 1342 1582 1384 Nolebas
1605 1340 1719 1392 seiri,

284 1397 440 1439 debere
472 1398 693 1440 Roscium.
724 1415 800 1450 cur
830 1401 1072 1444 scribebas?
1106 1401 1302 1456 Rogatus
1324 1414 1429 1451 eraS‚
1451 1414 1504 1440 ne
1525 1397 1717 1440 referres.

282 1470 361 1496 cur
383 1456 424 1496 in
447 1456 697 1498 adversariis
720 1458 926 1513 scriptum
949 1458 1164 1500 habebas?

341 1513 425 1554 Sed
456 1513 549 1555 haec
582 1529 843 1570 quamquam
875 1515 997 1556 firma
1024 1529 1114 1556 esse
1146 1515 1285 1566 video,
1317 1523 1460 1556 tamen
1490 1513 1580 1569 ipse
1609 1510 1716 1553 mihi

282 1569 527 1612 satisfacere
556 1585 641 1612 non
675 1586 862 1627 possum,
884 1573 965 1614 nisi
987 1588 1011 1614 a
1034 1571 1086 1614 C.
1111 1572 1273 1614 Fannio
1298 1572 1390 1628 ipso
1421 1568 1717 1612 testimonium

283 1641 420 1678 sumo,
453 1627 564 1670 hane
598 1629 823 1684 pecuniam
854 1630 893 1671 ei
924 1645 1010 1671 non
1041 1630 1201 1671 deberi.
1263 1628 1478 1684 Magnum
1499 1636 1578 1678 est,
1599 1625 1713 1681 quod

236 1689 439 1726 b·conor:
470 1685 645 1727 difficile
673 1695 751 1737 est,
774 1687 888 1742 quod
921 1687 1138 1743 polliceor.
1170 1687 1250 1728 nisi
1282 1686 1464 1727 eundem
1494 1694 1538 1726 et
1566 1684 1715 1725 adver-

235 1739 439 1785 4sarium
470 1751 514 1783 et
544 1752 695 1784 testem
725 1743 925 1785 habuerit
956 1743 1153 1795 Roscius,
1183 1744 1282 1785 nolo
1306 1743 1463 1785 vincat.
1526 1739 1717 1785 Pecunia

222 1810 271 1844 10
285 1799 362 1839 tibi
385 1799 620 1841 debebatur
641 1810 771 1841 certa.
793 1816 890 1857 quae
911 1816 1023 1842 nunc
1043 1803 1202 1857 petitur
1225 1800 1532 1857 perjudicem:
1564 1798 1606 1839 in
1629 1812 1716 1853 qua

281 1858 299 1886 8
321 1856 528 1912 legitimae
554 1858 684 1913 partis
707 1859 880 1913 sponsio
903 1858 1018 1900 facta
1039 1869 1117 1900 est.
1160 1858 1248 1900 Hic
1272 1868 1315 1898 tu
1339 1857 1374 1899 si
1396 1856 1578 1913 amplius
1597 1854 1713 1898 H-S.

277 1926 455 1955 nummo
485 1915 644 1971 petisti,
674 1930 801 1970 quam
834 1916 913 1957 tibi
944 1916 1136 1958 debitum
1159 1926 1237 1967 est,
1260 1929 1432 1957 eausam
1463 1911 1711 1970 perdidisti:

276 1981 504 2027 propterea
525 1973 639 2027 quod
671 1972 782 2013 aliud
806 1982 870 2014 est
893 1973 1123 2027 judicium,
1146 1973 1260 2014 aliud
1290 1972 1528 2014 arbitrium.
1586 1968 1714 2012 Judi-

275 2028 393 2069 cium
412 2038 476 2070 est
498 2030 690 2085 pecuniae
714 2039 868 2072 certae:
899 2030 1139 2072 Arbitrium
1163 2031 1352 2072 incertae.
1409 2027 1479 2071 Ad
1494 2026 1712 2082 judicium

279 2084 363 2126 hoc
395 2086 525 2127 modo
559 2087 767 2137 venimus,
798 2096 846 2128 ut
887 2096 1021 2129 totam
1055 2088 1171 2129 litem
1203 2100 1277 2129 aut
1314 2086 1599 2136 obtineamus,
1637 2091 1712 2126 aut

278 2143 551 2186 amittamus:
583 2144 635 2185 ad
657 2145 881 2185 arbitrium
911 2144 1023 2186 ehoe
1045 2146 1188 2186 animo
1210 2145 1391 2195 adimus,
1410 2152 1458 2185 ut
1478 2156 1616 2198 neque
1645 2141 1712 2185 ni-

279 2198 354 2250 hil,
393 2214 531 2256 neque
565 2210 747 2252 tantum,
782 2211 990 2256 quantum
1025 2202 1349 2258 postulavimuS,
1386 2212 1713 2255 consequamur.

216 2256 261 2290 ll
279 2255 384 2312 Ejus
405 2259 464 2299 rei
488 2259 581 2315 ipsa
603 2259 731 2299 verba
760 2258 955 2301 formulae
980 2260 1227 2301 testimonio
1249 2268 1362 2300 sunt.
1424 2257 1544 2305 Quid
1571 2264 1637 2300 est
1666 2256 1711 2302 in

314 2414 334 2445 6
357 2416 420 2444 hcc
440 2420 516 2447 sunt
538 2415 677 2457 dejectu]
707 2416 794 2457 Quid
821 2417 864 2447 sit
886 2414 970 2457 dqje-
1015 2417 1106 2448 Sicut
1132 2426 1206 2447 mox
1235 2410 1354 2446 tabulie
1375 2414 1569 2455 simpliciter
1594 2413 1710 2444 dicun·

272 2461 338 2493 era,
354 2467 371 2487 e
387 2460 552 2488 contrario
569 2459 776 2497 intelligitur.
821 2458 882 2489 Sed
901 2459 969 2489 Ho-
1013 2467 1079 2496 tur,
1096 2460 1141 2490 sic
1157 2459 1188 2489 h.
1205 2458 1224 2489 1.
1238 2458 1348 2488 codex.
1392 2458 1443 2488 Sic
1457 2461 1491 2487 et
1505 2467 1533 2487 c.
1553 2460 1578 2487 l.

271 2506 353 2529 tom.
368 2505 402 2530 ct
417 2500 531 2531 Lamb.
546 2500 712 2531 maiebant
727 2500 881 2542 disjecta„
1055 2506 1072 2532 8
1096 2502 1250 2539 legitimoe
1266 2500 1388 2540 parcis]
1414 2500 1436 2530 i.
1459 2509 1487 2530 e.
1510 2499 1618 2529 tertiae
1642 2498 1708 2529 vid.

314 2545 333 2574 7
351 2541 475 2572 Tamen
489 2544 522 2572 in
537 2544 674 2574 codicem
688 2549 855 2583 acceptum
869 2547 899 2574 ee
914 2553 967 2573 ea:-
1012 2544 1086 2574 infr.
1110 2555 1138 2574 c.
1161 2546 1189 2574 5.
1213 2543 1292 2573 Mox
1320 2542 1402 2573 H-S.
1427 2542 1512 2572 forte
1539 2541 1706 2581 spurium:

268 2583 422 2622 pensum]
449 2585 499 2613 sic·
514 2585 587 2615 libri
601 2595 662 2615 scr.
677 2591 711 2616 et
723 2585 793 2616 edd.
808 2596 856 2625 pr.
900 2586 969 2616 Pri·
1013 2596 1088 2617 nam
1109 2585 1185 2616 alibi
1205 2595 1304 2615 numo
1325 2585 1359 2615 in
1381 2584 1440 2615 tali
1464 2593 1497 2614 re
1515 2582 1710 2624 simpliciter

275 2635 346 2655 nius
363 2626 534 2657 Manutius
547 2638 564 2657 e
578 2629 770 2665 conjectura
784 2628 920 2658 Hotom.
935 2633 969 2658 et
1011 2629 1139 2659 dicitur.

271 2667 418 2698 'sui-neb.
434 2668 534 2699 «uidit
549 2671 671 2709 accepti
685 2674 714 2699 et
729 2671 867 2709 arpensi.
884 2672 968 2700 Sane
1052 2675 1072 2705 9
1098 2672 1155 2700 Ιιοι·
1173 2669 1296 2709 animo]
1328 2669 1380 2700 Sic
1396 2667 1477 2698 Edd.
1493 2667 1533 2698 R.
1548 2667 1602 2698 ΒΓ.
1623 2667 1706 2698 Van.

269 2714 437 2749 trrceptum
453 2716 483 2740 et
499 2722 672 2750 expensum
690 2723 802 2742 verum
816 2722 884 2742 esse
899 2722 967 2742 non
1011 2712 1098 2743 Med.
1115 2714 1172 2742 ἃς.
1193 2712 1266 2742 aiiae
1288 2711 1390 2746 modo,
1411 2709 1498 2749 quod
1513 2714 1644 2740 secutus
1659 2714 1710 2739 est

270 2759 390 2791 potest.
434 2753 494 2784 Est
518 2754 606 2784 enim
633 2763 740 2784 sermo
765 2754 803 2784 de
829 2755 967 2795 pecunia
1010 2755 1175 2785 Graevius:
1204 2755 1280 2792 quia
1294 2754 1327 2784 in
1343 2752 1546 2793 praecedente
1560 2750 1707 2782 membro

269 2804 410 2834 expensa
438 2795 546 2826 modo.
590 2795 664 2832 Sed,
694 2796 825 2835 opinor,
853 2802 965 2827 totum
1007 2803 1059 2827 est
1078 2797 1134 2827 sie.
1179 2796 1262 2827 Mihi
1285 2794 1512 2834 animoma'gis
1529 2793 1648 2835 placet,
1663 2791 1707 2824 ad

268 2837 415 2875 spurium
433 2843 495 2875 est,
510 2842 543 2868 et
558 2849 575 2868 e
593 2838 695 2868 stulta
711 2838 817 2877 glossa
837 2844 962 2869 natum.
1008 2839 1197 2870 variandam
1211 2837 1406 2870 orationem.
