1907 3231
604 112 722 151 PRO
748 111 792 150 A.
822 110 1144 150 CLUENTIO.
1522 112 1598 151 569

153 226 314 270 menta,
365 225 540 274 propter
580 219 870 274 periculorum
921 215 1260 265 multitudinem,
1301 215 1600 270 praetermisis-

155 284 264 327 sent,
295 276 444 332 populi
476 275 697 316 beneficiis
729 291 821 317 esse
859 275 1064 332 privatos,
1088 272 1355 329 judiciorum
1386 288 1600 314 novorum

154 334 355 389 periculis
378 348 465 374 non
487 347 654 375 carere:
689 343 928 375 senatorem
950 333 1034 373 hoc
1064 330 1185 387 queri
1217 344 1304 369 non
1336 344 1476 384 posse,
1501 345 1602 385 pro-

153 399 302 447 pterea
321 391 510 446 quodea
528 391 777 433 conditione
801 391 1024 448 proposita
1045 399 1189 446 petere
1207 387 1415 442 coepisset
1431 404 1439 428 :
1463 388 1600 442 quod-

153 463 238 503 que
269 447 482 503 permulta
503 458 646 489 essent
676 459 943 499 ornamenta,
970 447 1126 503 quibus
1148 460 1241 486 eam
1276 444 1477 500 mitigare
1507 459 1601 485 mo-

153 505 322 546 lestiam
354 515 524 561 posset:
557 506 691 558 loom,
723 507 972 556 auctoritas,
995 505 1113 546 domi
1145 502 1360 559 splendor,
1387 500 1502 557 apud
1524 516 1602 542 ex-

153 572 265 604 teras
287 563 484 603 nationes
508 579 666 605 nomen
688 573 731 605 et
753 565 906 620 gratia,
927 573 1030 619 toga
1050 570 1279 619 praetexta,
1303 559 1404 600 sella
1426 558 1601 609 curulis,

153 620 450 676 62[insignia,]
483 620 634 672 fasces,
656 623 888 673 exercitus,
921 621 1115 676 imperia,
1149 616 1410 675 provinciae:
1443 616 1602 672 quibus

153 676 200 717 in
233 678 359 719 rebus
394 693 493 719 cum
530 695 744 720 summum
784 688 900 720 recte
935 678 1061 719 factis
1096 676 1281 731 majores
1316 673 1454 715 nostri
1491 688 1604 729 prae-

154 733 307 787 mium,
341 744 433 777 tum
467 737 590 792 plura
624 738 814 793 peccatis
849 735 1038 792 pericula
1075 733 1299 791 proposita
1327 745 1418 773 esse
1458 731 1606 772 volue-

155 800 271 833 runt.
321 792 389 834 Illi
411 809 498 835 non
520 795 603 836 hoc
623 795 893 844 recusabant,
917 807 967 833 ea
988 807 1041 833 ne
1061 792 1157 848 lege
1179 798 1497 840 accusarentur,
1519 803 1606 845 qua

153 864 270 891 nunc
292 849 450 892 Avitus
471 862 710 902 accusatur,
734 867 831 907 quae
854 860 958 891 tunc
989 859 1080 890 erat
1111 847 1382 904 Sempronia,
1404 861 1519 888 nunc
1540 854 1607 887 est

156 906 384 950 Cornelia:
418 909 718 966 intelligebant
756 908 886 959 enim,
922 922 974 949 ea
1007 907 1102 963 lege
1133 914 1376 962 equestrem
1409 904 1604 945 ordinem

154 979 243 1006 non
267 966 426 1008 teneri:
461 967 533 1007 sed
555 982 608 1008 ne
630 981 743 1008 nova
763 967 858 1023 lege
880 965 1173 1021 alligarentur,
1196 962 1466 1004 laborabant,
1498 960 1692 1002 Avi-155

155 1031 225 1064 tus
254 1038 308 1064 ne
338 1023 424 1065 hoc
455 1024 630 1079 quidem
659 1039 865 1079 umquam
898 1022 1126 1074 recusavit,
1160 1035 1247 1077 quo
1276 1020 1420 1060 minus
1453 1019 1522 1061 vel
1554 1033 1605 1060 ea

155 1079 252 1137 lege
274 1081 485 1122 rationem
508 1082 609 1124 vitae
634 1097 722 1124 suae
744 1081 955 1133 redderet,
978 1095 1065 1136 qua
1084 1093 1172 1121 non
1195 1087 1426 1119 teneretur.
1490 1077 1603 1123 Quae

156 1138 192 1178 si
225 1139 348 1179 vobis
370 1140 565 1180 conditio
597 1140 764 1197 placet;
796 1153 944 1181 omnes
976 1139 1020 1179 id
1051 1151 1245 1194 agamuS,
1267 1143 1316 1176 ut
1348 1135 1443 1176 haec
1473 1149 1605 1191 quam

157 1195 346 1251 primum
369 1197 413 1237 in
435 1212 584 1238 omnes
606 1199 776 1239 ordines
798 1196 984 1253 quaestio
1006 1195 1260 1252 perferatur.

214 1252 387 1295 Interea
421 1255 611 1310 quidem,
648 1271 723 1312 per
755 1256 857 1296 deos
893 1252 1180 1295 immortales!
1220 1251 1429 1307 quoniam
1459 1244 1691 1301 omnia57

155 1312 388 1355 commoda
408 1323 570 1365 nostra,
586 1313 700 1368 jura,
732 1313 991 1362 libertatem,
1015 1311 1195 1352 salutem
1217 1309 1405 1364 denique
1435 1307 1604 1364 legibus
1617 1317 1716 1355 p.51.

156 1368 419 1421 obtinemus,
447 1385 472 1411 a
501 1371 670 1429 legibus
701 1386 787 1412 non
821 1370 1093 1411 recedamus:
1128 1366 1320 1408 simulet
1351 1366 1454 1407 illud
1475 1368 1648 1420 quama·

157 1425 214 1466 sit
249 1426 492 1484 indignum,
523 1430 782 1485 cogitemus,
817 1427 1025 1484 populum
1064 1426 1314 1466 Romanum
1344 1423 1460 1465 aliud
1489 1437 1607 1464 nunc

156 1497 309 1539 agere:
355 1486 477 1526 vobis
513 1486 826 1542 rempublicam
864 1494 908 1525 et
944 1484 1140 1525 fortunas
1181 1497 1277 1523 suas
1313 1481 1607 1523 commisisse:

154 1540 298 1596 ipsum
322 1542 417 1583 sine
434 1558 537 1584 cura
557 1558 673 1586 esse:
706 1558 794 1584 non
815 1552 1023 1594 metuere,
1045 1555 1098 1582 ne
1127 1540 1224 1596 lege
1245 1554 1309 1591 ea,
1331 1554 1462 1594 quam
1481 1553 1609 1579 num-

155 1612 286 1652 quam
310 1600 401 1656 ipse
424 1600 619 1656 jusserit,
641 1611 684 1643 et
706 1601 962 1657 quaestione‚
985 1614 1072 1655 qua
1104 1613 1147 1639 se
1183 1596 1374 1638 solutum
1404 1596 1610 1638 liberum-

155 1669 241 1710 que
261 1672 353 1698 esse
375 1659 620 1710 arbitretur,
643 1674 720 1716 per
741 1673 903 1715 paucos
928 1657 1100 1713 judices
1132 1656 1441 1712 adstringatur.
1501 1652 1611 1710 Agit
1625 1656 1700 1692 156

156 1714 273 1755 enim
306 1716 368 1757 sic
399 1731 572 1758 causam
604 1717 654 1758 T.
677 1716 843 1768 Attius,
873 1715 1122 1757 adolescens
1155 1714 1294 1754 bonus
1326 1722 1370 1753 et
1399 1712 1610 1755 disertus:

157 1785 307 1814 omnes
329 1773 445 1814 cives
475 1775 643 1831 legibus
670 1775 804 1816 teneri
836 1774 1064 1815 omnibus:
1098 1786 1174 1812 vos
1207 1770 1433 1812 attenditis
1463 1778 1508 1811 et
1537 1784 1613 1810 au-

158 1828 261 1871 ditis
284 1830 471 1883 silentio,
494 1834 606 1873 sicut
629 1832 770 1874 facere
793 1831 975 1873 debetis.
1024 1829 1079 1871 A.
1104 1828 1348 1879 Cluentius,
1369 1842 1499 1883 eques
1521 1826 1613 1868 Ro-

158 1901 326 1939 manus,
348 1904 521 1931 causam
543 1891 651 1932 dicit
681 1906 731 1932 ea
754 1890 864 1947 lege,
887 1904 973 1945 qua
1003 1887 1099 1944 lege
1133 1895 1368 1937 senatoreS,
1391 1896 1435 1927 et
1468 1886 1513 1937 ii,
1536 1884 1612 1940 qui

157 1945 462 2002 magistratum
495 1948 756 1999 habuerunt,
788 1948 866 1989 soli
899 1956 1124 1988 tenentur:
1157 1944 1266 1985 mihi
1297 1958 1373 2001 per
1402 1958 1518 1994 eum,
1547 1957 1613 1984 re-

159 2017 323 2056 cusare,
355 2015 399 2046 et
441 2006 484 2046 in
523 2021 620 2047 arce
659 2006 766 2063 legis
808 2005 1012 2062 praesidia
1045 2003 1310 2045 constituere
1348 2000 1613 2043 defensionis

158 2074 284 2113 meae,
321 2077 410 2104 non
442 2063 559 2105 licet.
620 2064 665 2105 Si
703 2063 944 2105 obtinuerit
973 2075 1147 2103 causam
1182 2060 1426 2111 Cluentius,
1463 2057 1613 2112 (sicuti

159 2126 302 2161 vestra
339 2122 546 2176 aequitate
587 2121 682 2162 nixi
720 2121 1016 2171 confidimus,)
1053 2119 1384 2168 existimabunt,
1418 2117 1462 2158 id
1495 2114 1614 2172 quod

159 2177 256 2228 erit,
279 2179 519 2220 obtinuisse
550 2188 729 2235 propter
755 2178 1066 2228 innocentiam,
1088 2176 1297 2232 quoniam
1327 2175 1389 2216 ita
1409 2173 1612 2216 defensus

159 2234 242 2276 sit:
274 2236 317 2277 in
338 2236 435 2292 lege
465 2249 625 2289 autem,
647 2252 779 2292 quam
809 2237 1024 2293 attingere
1056 2234 1257 2285 noluerit,
1279 2232 1472 2289 praesidii
1501 2229 1613 2272 nihil

161 2291 308 2336 fuisse.
371 2294 460 2336 Hic
490 2310 606 2336 nunc
628 2305 692 2336 est
720 2294 941 2351 quiddam,
963 2293 1080 2349 quod
1119 2292 1172 2333 ad
1204 2305 1274 2332 me
1307 2291 1536 2347 pertineat,
1558 2289 1612 2330 de
1626 2292 1701 2332 157

158 2365 246 2406 quo
269 2362 369 2394 ante
399 2352 507 2404 dixi,
529 2353 647 2409 quod
668 2367 752 2410 ego
774 2351 938 2409 populo
962 2351 1164 2392 Romano
1187 2358 1392 2406 praestare
1414 2348 1612 2398 debeam,

162 2410 367 2464 quoniam
391 2410 426 2451 is
458 2425 566 2452 meae
589 2411 691 2452 vitae
724 2419 860 2451 status
882 2417 961 2461 est,
983 2417 1032 2450 ut
1053 2407 1194 2449 omnis
1226 2406 1333 2447 mihi
1357 2420 1461 2447 cura
1482 2414 1614 2461 atque

162 2480 295 2522 opera
325 2468 468 2525 posita
489 2469 544 2509 sit
575 2469 619 2510 in
644 2468 841 2509 omnium
871 2466 1072 2524 periculis
1097 2463 1396 2506 defendendis.
1458 2463 1614 2515 Video,

163 2534 340 2579 quanta,
362 2535 406 2567 et
437 2541 567 2581 quam
598 2525 852 2582 periculosa,
875 2535 919 2566 et
951 2538 1081 2580 quam
1110 2522 1284 2564 infinita
1312 2521 1497 2577 quaestio
1520 2530 1615 2561 ten-

164 2590 280 2623 tetur
309 2585 363 2625 ab
394 2585 734 2635 accusatoribus,
758 2597 857 2625 cum
890 2597 984 2623 eam
1016 2581 1170 2638 legem,
1204 2594 1302 2635 quae
1337 2580 1382 2620 in
1416 2587 1614 2619 nostrum

165 2639 361 2682 ordinem
394 2641 555 2698 scripta
588 2642 657 2693 sit,
688 2641 733 2683 in
767 2640 975 2698 populum
1010 2639 1259 2680 Romanum
1290 2635 1521 2678 transferre
1542 2651 1617 2678 co-

207 2791 249 2822 62
269 2791 429 2831 insignia]
466 2790 568 2821 Recte
601 2789 750 2830 spurium
780 2787 870 2829 judi·
910 2786 1013 2818 venit.
1059 2785 1206 2817 Debet-et
1219 2794 1288 2815 esse
1310 2784 1429 2816 saltem
1449 2790 1528 2817 ante
1543 2789 1618 2824 toga

166 2833 261 2864 nabat
289 2833 508 2864 Guilielmius.
561 2832 589 2862 E
615 2832 780 2871 margine,
814 2831 870 2861 ubi
906 2833 1082 2872 proetextec.
1126 2829 1230 2861 Uncis
1243 2827 1374 2860 inclusi.

165 2876 237 2907 luco
261 2876 336 2907 huie
358 2876 559 2917 adscriptum
582 2875 659 2914 fuit,
687 2877 722 2906 in
739 2879 871 2906 textum
