1907 3231
479 76 605 116 ACT.
643 74 701 114 [Ι.
739 72 927 112 LIBER
962 71 1207 114 PRIMUS.
1499 78 1570 122 129

135 180 338 224 accedere
358 180 411 221 ad
433 179 736 228 accusandum.
759 192 855 233 quae
869 192 997 218 causa
1009 176 1092 217 fuit
1106 176 1280 233 justior,
1295 190 1421 231 quam
1445 191 1470 217 a
1486 186 1573 219 tam

131 237 285 280 illustri
307 235 531 294 provincia
551 235 820 289 defensorem
842 233 1047 275 constitui
1070 242 1114 273 et
1135 232 1293 288 deligi?
1325 233 1571 287 reipublicae

135 294 369 336 consulere.
383 293 485 348 quid
500 293 595 348 jam
619 291 867 347 reipublicae
889 290 1126 341 honestius,
1148 304 1276 344 quam
1300 289 1342 329 in
1367 298 1485 329 tanta
1507 289 1571 331 in-

134 348 250 394 vidie.
261 350 532 406 judiciorum
562 349 772 390 adducere
802 347 1037 397 hominem,
1061 346 1183 403 cujus
1206 346 1482 387 damnatione
1504 356 1568 387 to-

135 416 203 449 tus
217 404 328 448 'ordo
349 422 448 448 cum
469 402 630 463 populo
654 405 853 453 Romano
875 414 918 446 et
940 404 983 445 in
1004 404 1127 445 laude
1148 412 1190 444 et
1212 403 1254 443 in
1277 401 1416 459 gratia
1433 404 1569 459 possit

130 467 244 506 esse?
276 464 498 505 ostendere
538 478 588 504 ac
621 462 889 520 persuadere,
922 460 1141 502 hominem
1173 469 1399 501 nocentem
1434 460 1567 500 addu-

131 528 251 563 ctum
283 535 398 563 esse:
429 520 524 577 quis
556 532 621 563 est
653 519 697 560 in
730 518 891 575 populo
926 517 1140 569 Romano,
1170 517 1244 573 qui
1275 517 1359 557 hoc
1392 530 1478 558 non
1511 530 1566 564 ex

129 578 271 634 priore
292 578 462 619 actione
475 576 713 628 abstulerit,
735 576 927 617 omnium
950 583 1048 616 ante
1069 575 1369 616 damnatorum
1392 573 1564 624 seelera,

129 633 258 686 furta,
281 635 461 691 flagitia,
483 634 517 675 si
551 635 594 675 111
616 649 749 675 unum
781 633 924 673 locum
955 631 1245 683 conferantur,
1267 631 1341 672 vix
1364 645 1462 671 cum
1484 629 1562 670 hu-

121 690 197 746 jus
219 707 350 748 parva
370 700 491 748 parte
513 691 673 747 aequari
694 689 963 744 conferrique
976 692 1128 745 posse?
1160 688 1262 740 Vos,
1279 688 1393 743 quod
1415 687 1468 729 ad
1490 702 1561 728 ve·
1573 697 1623 735 (32

129 758 261 789 stram
284 748 459 800 famam,
480 747 862 797 existimationem,
884 745 1149 800 salutemque
1170 759 1443 786 communem
1467 758 1560 800 per-

121 805 252 858 tinet,
267 805 453 861 judices,
475 804 709 862 prospicite
731 812 859 858 atque
891 801 1116 843 consulite.
1178 802 1389 858 Splendor
1422 811 1561 843 vester

127 861 246 914 facit,
269 872 316 903 ut
338 876 513 919 peccare
535 863 623 902 sine
646 875 812 901 summo
835 859 1083 915 reipublicae
1105 859 1364 900 detrimento
1393 873 1442 899 ac
1466 873 1560 914 per-

124 918 238 967 iculo
260 934 347 961 non
369 918 555 976 possitis.
617 918 717 959 Non
747 917 863 958 enim
896 925 1039 973 potest
1071 930 1238 973 sperare
1260 914 1442 972 populus
1471 915 1559 956 Ro-

125 990 292 1029 manUS,
314 991 404 1018 esse
424 976 528 1017 alios
547 975 594 1016 in
626 983 791 1026 senam,
813 974 885 1029 qui
919 982 1035 1015 recte
1067 973 1458 1030 possintjudicare‚
1481 987 1556 1014 vos

123 1033 159 1078 si
181 1048 269 1074 11011
287 1033 530 1090 potueritis.
592 1032 778 1073 Necesse
809 1040 889 1082 est,
918 1046 1016 1072 cum
1044 1031 1096 1071 de
1119 1039 1212 1072 toto
1235 1030 1384 1071 ordine
1406 1030 1555 1086 despe-

123 1091 242 1141 rarit,
265 1090 378 1132 aliud
401 1104 536 1147 genus
568 1089 794 1130 hominum
816 1097 944 1143 atque
980 1087 1105 1129 aliam
1128 1088 1336 1129 rationem
1364 1086 1553 1143 judicio·
1565 1102 1595 1133 b.

122 1161 216 1192 rum
237 1148 438 1203 requirat.
499 1147 600 1188 Hoc
622 1147 656 1187 si
677 1146 800 1187 vobis
831 1145 926 1186 ideo
959 1144 1093 1186 levius
1116 1145 1298 1196 videtur,
1327 1144 1442 1199 quod
1476 1159 1553 1201 pu-
1582 1140 1596 1147 '⁴

120 1204 221 1246 tatis
244 1220 351 1245 onus
372 1219 463 1245 esse
483 1219 614 1261 grave
634 1213 678 1244 et
708 1202 1046 1254 incommodum,
1062 1201 1284 1257 judicare3
1317 1200 1554 1258 intelligere

73 1306 78 1312 ,
121 1261 303 1313 debetis,
323 1262 511 1319 primum
541 1270 758 1311 interesse,
780 1269 923 1300 utrum
954 1259 997 1300 id
1029 1273 1136 1300 onus
1158 1268 1323 1300 vosmet
1345 1258 1425 1314 ipsi
1448 1259 1555 1315 reje-

120 1318 290 1371 ceritis3
321 1334 390 1371 an,
411 1318 527 1374 quod
548 1319 729 1373 probare
750 1315 910 1373 populo
933 1315 1133 1357 Romano
1156 1315 1284 1356 fidem
1306 1324 1489 1356 vestram
1513 1327 1556 1357 et

121 1375 373 1432 religionem
393 1390 481 1417 non
496 1375 736 1431 potueritiS,
754 1388 806 1414 eo
822 1373 943 1414 vobis
958 1373 1184 1429 judicandi
1200 1381 1389 1429 potestas
1410 1382 1557 1429 erepta

121 1432 191 1475 sit.
213 1433 367 1474 deinde
387 1432 518 1474 etiam
549 1431 652 1473 illud
686 1431 892 1488 cogitate,
914 1442 1077 1485 quanto
1098 1429 1288 1487 periculo
1311 1430 1478 1471 venturi
1501 1430 1556 1470 si-

117 1503 215 1533 mus
236 1490 290 1531 ad
310 1504 382 1531 eos
397 1490 582 1546 judices,
602 1504 710 1545 quos
742 1496 917 1544 propter
938 1487 1085 1529 odium
1112 1487 1235 1529 vestri
1255 1486 1438 1544 populus
1462 1486 1552 1529 Ro-
1583 1524 1587 1527 Α

119 1559 271 1593 manus
292 1547 346 1588 de
375 1547 498 1589 vobis
519 1546 702 1589 voluerit
724 1544 936 1602 judicare.
999 1544 1160 1587 Verum
1182 1545 1304 1587 vobis
1326 1544 1468 1586 dicam
1493 1544 1612 1596 id‚23

117 1604 236 1661 quod
257 1603 464 1656 intellexi,
479 1604 665 1660 judices.
694 1603 890 1645 homines
911 1601 1066 1643 scitote
1087 1616 1178 1642 esse
1199 1601 1422 1657 quosdam,
1445 1616 1551 1657 quos

120 1669 290 1703 tantum
319 1662 467 1703 odium
497 1661 624 1703 vestri
654 1660 815 1703 ordinis
837 1668 995 1712 teneat,
1017 1670 1065 1701 ut
1095 1659 1179 1701 hoe
1201 1659 1341 1715 palam
1366 1657 1460 1714 jam
1489 1659 1554 1700 di-

118 1719 289 1770 ctitent,
324 1734 367 1760 se
402 1719 547 1770 istum,
576 1732 705 1775 quem
749 1717 889 1760 sciant
914 1731 1006 1757 esse
1037 1716 1257 1758 hominem
1286 1716 1553 1772 improbissi-

117 1789 253 1828 mum,
274 1775 358 1818 hoc
382 1791 468 1818 uno
488 1777 663 1817 nomine
682 1774 848 1817 absolvi
862 1773 981 1825 velle,
995 1783 1042 1815 ut
1054 1774 1109 1815 ab
1126 1783 1274 1815 senatu
1289 1773 1458 1830 judicia
1478 1788 1554 1830 per

115 1832 132 1875 i
167 1833 403 1875 nominiam
419 1833 814 1891 turpitudinemque
827 1830 1088 1873 auferantur.
1135 1830 1248 1873 Haec
1268 1845 1351 1882 me,
1364 1829 1552 1886 judices,

115 1904 145 1947 p
164 1891 310 1932 uribus
324 1891 464 1932 verbis
478 1891 701 1932 vobiscum
719 1904 845 1947 agere
861 1889 1008 1945 coegit
1021 1903 1108 1929 non
1124 1889 1252 1929 timor
1271 1903 1390 1929 meus
1406 1888 1458 1929 de
1481 1902 1551 1929 ve—.

116 1956 205 1991 stra
226 1947 324 2000 fide,
345 1949 417 1990 sed
440 1963 535 2005 spes
565 1947 735 1989 illorum
764 1962 890 1998 nova,
917 1961 1014 2003 quae
1045 1961 1144 1988 eum
1167 1946 1343 1987 Verrem
1372 1960 1396 1986 a
1425 1956 1551 2001 porta

116 2005 261 2049 subito
283 2005 566 2062 adjudicium
596 2005 856 2057 retraxisset,
877 2003 1072 2046 nonnulli
1104 2003 1308 2060 suspicati
1342 2013 1441 2044 sunt
1463 2017 1548 2054 11011

115 2061 207 2109 sine
227 2077 356 2104 causa
376 2063 486 2104 illius
508 2062 734 2104 consilium
757 2071 845 2103 tam
865 2070 1041 2118 repente
1064 2075 1155 2101 esse
1175 2070 1406 2101 mutatum.

173 2119 318 2172 Nunc,
339 2135 394 2161 ne
414 2135 528 2163 novo
549 2119 829 2175 querimoniae
852 2133 1007 2174 genere
1030 2119 1091 2161 uti
1117 2117 1250 2173 possit
1271 2116 1544 2167 Hortensius,
1559 2128 1593 2183 9

116 2179 153 2208 18
167 2185 210 2218 et
230 2191 281 2218 ea
299 2176 455 2230 dicere,
477 2177 663 2234 opprimi
685 2191 819 2228 reum,
841 2177 893 2217 de
913 2191 999 2232 quo
1031 2175 1139 2217 nihil
1160 2175 1275 2216 dicat
1296 2179 1610 2235 :1ccusat0r32'4

112 2233 223 2275 nihil
241 2248 332 2276 esse
355 2242 442 2276 tam
473 2234 760 2291 periculosum
789 2233 972 2274 fortunis
1002 2233 1312 2282 innocentium,
1334 2246 1463 2287 quam
1485 2241 1550 2272 ωε
1585 2251 1587 2253 ·

112 2304 210 2333 cere
230 2290 492 2346 adversarios
508 2309 523 2345 3,
550 2300 594 2332 et
614 2305 667 2332 ne
698 2291 834 2344 aliter,
856 2305 984 2345 quam
1015 2305 1097 2346 ego
1133 2289 1273 2341 velim,
1295 2303 1438 2329 meum
1459 2289 1549 2330 lau-

111 2347 186 2389 det
206 2348 443 2405 ingenium,
464 2363 563 2391 cum
585 2348 714 2400 dicat,
737 2362 819 2399 me,
843 2348 876 2388 si
898 2347 1034 2388 multa
1056 2346 1276 2396 dixissem,
1301 2346 1549 2389 sublevatu-

111 2405 207 2448 r'um
227 2404 358 2448 fuisse
386 2421 500 2461 eum,
532 2420 660 2463 quem
692 2413 843 2448 contra
875 2405 1086 2457 dicerem3
1118 2403 1219 2459 quia
1240 2418 1326 2444 nou
1348 2403 1547 2454 dixerim,

109 2572 208 2613 vulgo
230 2573 342 2605 addita
353 2578 414 2605 est.
451 2573 524 2616 Ipse
537 2574 684 2606 Graevius
698 2574 752 2606 hic
773 2583 807 2605 se
850 2571 899 2604 ed.
916 2583 965 2614 pr.
980 2576 1092 2603 tamen
1108 2571 1225 2602 durum
1241 2577 1364 2603 manet.
1386 2572 1428 2604 In
1441 2572 1546 2611 alterp

111 2614 291 2656 impedivit.
336 2617 376 2647 In
398 2615 458 2648 Ed.
480 2617 555 2648 Aldi
579 2617 624 2648 N.
648 2621 736 2648 recte
758 2618 808 2647 in·
851 2616 998 2646 membro
1013 2616 1113 2645 etiam
1127 2614 1320 2654 simpliciter
1333 2620 1395 2651 est,
1410 2626 1485 2646 enm
1499 2616 1549 2645 da·-

106 2659 284 2697 terpuneta
296 2658 360 2689 ista
373 2664 462 2690 sunt.
850 2663 914 2689 cac.
959 2658 1056 2688 Forte
1075 2657 1176 2687 etiam
1190 2658 1253 2687 fuit
1270 2658 1332 2687 ita.-
1358 2657 1444 2697 quod
1465 2662 1549 2689 esset

156 2702 192 2730 18
204 2704 235 2730 et
256 2710 296 2730 ea
315 2701 434 2741 dicere]
480 2701 646 2742 Quorsum
661 2702 724 2732 ea?
744 2700 808 2731 Ve-
850 2701 1047 2740 elega11tiu5‚
1070 2699 1167 2730 etita
1180 2708 1264 2739 saepe
1287 2700 1332 2729 sic
1354 2709 1428 2730 cum
1452 2700 1550 2731 verbo

111 2749 186 2771 reor
208 2751 249 2772 ne
263 2752 302 2772 ex
319 2747 350 2773 et
364 2749 475 2774 ortum
488 2745 540 2775 sit.
586 2744 673 2775 Nam
695 2743 721 2774 si
739 2753 806 2773 ma·
850 2743 954 2773 dicere
968 2747 1017 2773 est
1029 2741 1113 2782 apud
1137 2741 1338 2773 Ciceronem.
1362 2752 1390 2771 v.
1409 2742 1499 2772 Clav.
1515 2742 1547 2772 in

108 2784 196 2814 xime
211 2783 306 2814 colon
320 2791 393 2825 post
407 2787 511 2818 dicere
523 2796 636 2828 ponam,
651 2792 690 2816 ut
702 2791 752 2818 est
774 2786 809 2815 in
850 2786 909 2815 ita.

169 2855 277 2884 voL.
304 2857 358 2886 11.
817 2857 844 2884 Κ
