1907 3231
467 122 592 160 Ac'r.
621 121 671 159 11.
703 120 890 158 LlssER
922 118 1213 170 QUARTUS.
1493 122 1570 157 339

125 240 228 267 nam
257 225 409 267 domus
428 234 520 267 erat
540 236 640 267 ante
670 227 800 267 istum
823 232 1051 282 praetorem
1074 222 1191 264 nulla
1211 223 1354 279 paullo
1375 222 1567 280 locuple-

127 284 226 335 tior,
249 299 335 340 qua
360 284 404 324 in
433 283 563 324 domo
586 284 681 325 haec
707 299 796 325 non
830 290 986 333 essent,
1014 280 1182 321 etiamsi
1216 288 1425 335 praeterea
1454 281 1563 322 nihil

125 350 238 382 esset
269 340 451 397 argenti,
475 341 630 397 patella
651 341 824 398 grandis
847 354 945 381 cum
968 337 1134 395 sigillis,
1156 352 1206 378 ac
1235 337 1473 378 simulacris
1489 338 1605 379 de-b.

125 412 265 449 orum,
288 408 449 454 patera,
483 414 566 453 qua
599 400 797 440 mulieres
831 398 884 439 ad
915 411 979 443 res
1012 395 1178 437 divinas
1201 403 1437 446 uterentur,
1459 395 1565 435 turi-

124 455 288 496 bulum.
335 455 448 496 Haec
461 466 605 497 autem
622 457 768 498 onmia
780 456 959 511 antiquo
981 468 1110 510 opere
1131 462 1175 494 et
1192 466 1360 493 summo
1381 452 1566 493 artificio

124 511 241 553 facta
260 529 269 554 :
294 522 341 553 ut
360 512 443 554 hoc
461 513 609 555 liceret
626 513 847 571 suspicari,
865 513 996 553 fuisse
1009 510 1240 566 aliquando
1260 508 1374 565 apud
1397 508 1566 550 Siculos

123 571 163 603 57
179 584 378 626 peraeque
392 585 469 627 pro
483 572 682 627 portione
695 580 858 621 cetera3
878 570 950 611 sed
963 570 1119 625 quibus
1134 568 1270 609 multa
1281 568 1457 608 fortuna
1467 566 1569 607 ade-

121 627 286 679 misset,
302 640 444 668 tamen
458 629 572 685 apud
589 643 661 670 eos
675 628 927 669 remansisse
940 641 1004 678 ea,
1023 641 1120 682 quae
1138 625 1289 681 religio
1304 624 1564 665 retinuisset.

124 682 250 736 Dixi,
277 685 464 740 judices,
501 686 637 727 multa
666 686 798 727 fuisse
831 685 919 725 fere
948 684 1062 739 apud
1085 683 1253 724 Siculos
1275 696 1448 723 omnes:
1480 695 1563 738 ego
1575 689 1628 728 47

122 741 237 784 idem
261 743 486 794 confirmo,
509 759 624 785 nunc
646 759 699 784 ne
722 757 854 784 unum
877 742 1051 797 quidem
1073 755 1180 781 esse.
1228 740 1347 786 Quid
1371 739 1453 781 hoc
1475 743 1564 782 est?

122 800 240 854 quod
262 810 517 852 monstrum,
549 802 665 857 quod
696 800 943 856 prodigium
975 799 1019 838 in
1051 798 1319 854 provinciam
1342 797 1565 842 misimus?

123 856 284 899 Nonne
308 859 430 900 vobis
455 859 496 900 id
514 860 652 914 egisse
671 858 854 907 videtur,
885 865 933 896 ut
955 871 1040 896 non
1065 855 1190 896 unius
1214 855 1453 906 libidinem,
1477 869 1566 896 non

122 929 221 955 suos
244 916 406 968 oculos,
430 916 502 957 sed
521 916 714 957 omnium
737 914 1115 970 cupidissimorum
1134 912 1334 963 insanias,
1351 927 1449 953 cum
1475 911 1566 953 Ro-

120 986 235 1014 mam
258 975 515 1025 revertisset,
538 973 762 1028 expleret?
793 971 867 1027 qui
890 971 1158 1026 simulatque
1177 970 1219 1010 in
1234 969 1444 1026 oppidum
1457 984 1565 1025 quo-

122 1031 239 1085 piam
265 1040 450 1081 venerat,
474 1030 820 1071 immittebantur
843 1029 902 1070 illi
925 1029 1133 1071 continuo
1157 1027 1399 1083 Cibyratici
1421 1041 1565 1078 canes,

121 1088 194 1143 qui
220 1089 541 1145 investigabant
571 1097 615 1129 et
646 1088 1024 1142 perscrutabantur
1046 1085 1206 1126 omnia⁶
1268 1085 1313 1126 Si
1336 1085 1451 1139 quod
1474 1095 1567 1126 erat

120 1145 283 1201 grande
315 1161 385 1187 vas
418 1155 462 1186 et
494 1145 634 1201 majus
668 1160 776 1201 opus
800 1145 1038 1195 inventum,
1072 1143 1212 1184 581aeti
1240 1141 1507 1184 adferebant.
1530 1143 1566 1183 si

117 1203 260 1244 minus
296 1203 510 1259 ejusmodi
547 1203 771 1259 quippiam
805 1203 950 1243 venari
986 1210 1237 1258 potuerant3
1279 1199 1350 1241 illa
1390 1200 1567 1255 quidem

119 1270 234 1302 certe
257 1276 335 1317 pro
357 1261 586 1317 lepusculis
617 1261 914 1316 capiebantur,
945 1258 1130 1316 patellae,
1163 1268 1338 1314 paterae,
1362 1257 1565 1298 turibula.

121 1317 211 1359 Hic
233 1334 340 1374 quos
363 1320 525 1375 putatis
548 1319 674 1358 fietus
696 1317 951 1359 mulierum?
983 1330 1087 1372 quas
1120 1315 1450 1356 lamentationes
1473 1315 1565 1356 fieri

117 1375 264 1417 solitas
285 1391 376 1417 esse
405 1377 449 1417 in
482 1376 598 1417 hisce
632 1376 786 1416 rebus?
818 1390 915 1430 quae
952 1373 1134 1415 forsitan
1159 1373 1283 1414 vobis
1307 1387 1451 1428 parvae
1474 1387 1568 1414 csse

121 1434 369 1486 videantur3
402 1434 475 1474 sed
505 1447 713 1489 magnum
744 1442 787 1473 et
812 1433 1015 1473 acerbum
1048 1431 1241 1472 dolorem
1274 1441 1567 1482 commovent,

117 1491 378 1533 mulierculis
401 1492 656 1547 praesertim‚
691 1504 790 1532 cum
823 1490 1105 1546 eripiunture
1139 1487 1340 1529 manibus
1373 1502 1438 1538 ea,
1468 1488 1565 1543 qui-

120 1549 199 1589 bus
225 1549 279 1590 ad
312 1564 376 1590 res
406 1548 573 1589 divinas
603 1548 667 1589 uti
699 1557 976 1599 consuerunt,
998 1561 1095 1603 quae
1119 1561 1145 1587 a
1177 1545 1264 1586 suis
1287 1554 1564 1601 acceperunt,

118 1621 216 1662 quae
239 1607 283 1647 in
306 1606 469 1648 familia
490 1621 658 1663 semper
680 1605 869 1647 fuerunt.

174 1664 263 1706 Hic
287 1665 418 1706 nolite
439 1674 706 1720 exspectare,
735 1664 840 1704 dum
870 1677 953 1719 ego
981 1661 1066 1703 hoc
1087 1661 1252 1703 crimen
1281 1675 1409 1717 agam
1432 1653 1645 1701 ostia-22

112 1721 209 1773 tim,
239 1723 294 1763 ab
321 1722 529 1777 [Eschylo
563 1721 860 1777 Tyndaritano
884 1721 1014 1762 istum
1047 1730 1239 1776 pateram
1268 1717 1511 1769 abstulisse,
1538 1725 1625 1760 a48

112 1777 335 1821 Thrasone
354 1781 458 1821 item
480 1779 776 1835 Tyndaritano
807 1778 1022 1836 patellam,
1045 1793 1069 1818 a
1093 1776 1412 1834 Nymphodoro
1432 1775 1565 1832 Agri-

116 1837 297 1893 gentino
320 1837 573 1878 turibulum.
635 1837 748 1878 Cum
768 1846 897 1878 testes
929 1851 983 1877 ex
1008 1836 1156 1876 Sicilia
1186 1835 1315 1885 dabo,
1337 1848 1466 1889 quem
1488 1848 1567 1874 vo-

115 1895 189 1946 let,
208 1895 276 1935 ille
294 1894 440 1951 eligat,
454 1909 581 1950 quem
604 1910 686 1952 ego
709 1895 970 1950 interrogem
991 1894 1043 1934 de
1067 1892 1248 1950 patelliS‚
1264 1892 1439 1948 pateriS,
1459 1892 1565 1932 turi-

114 1952 255 2004 bulis;
288 1956 328 1986 59
342 1968 429 1994 non
465 1953 595 1994 modo
624 1953 834 2009 oppidum
867 1951 1059 2004 nullum3
1091 1951 1244 1992 domus
1272 1949 1388 1990 nulla
1420 1948 1565 2005 paullo

114 2009 372 2066 locupletior
387 2025 542 2067 expers
561 2010 690 2066 hujus
706 2010 876 2066 injuriae
901 2009 1150 2066 reperietur.
1172 2008 1247 2063 qui
1269 2021 1370 2048 cum
1392 2006 1436 2047 in
1459 2020 1564 2047 con-

115 2068 279 2125 vivium
309 2069 511 2120 venisset,
554 2068 588 2108 si
621 2068 858 2123 quidquam
900 2067 1042 2109 caelati
1081 2067 1353 2122 adspexerat,
1385 2077 1696 2123 manumpstn,

114 2127 343 2177 abstinere,
367 2126 555 2182 judices,
585 2141 673 2167 non
706 2134 891 2183 poterat.
953 2124 1036 2166 Cn.
1063 2123 1297 2181 Pompeius
1331 2130 1396 2163 est
1419 2121 1606 2174 Philo,a.

155 2281 193 2320 ,⁴57
211 2290 367 2327 pemq'ua
376 2285 598 2327 proportione]
626 2286 678 2316 Sic
688 2284 813 2326 primus
855 2283 1050 2315 Tur-nobum
1067 2281 1156 2322 sequi
1180 2291 1247 2312 non
1270 2280 1428 2312 dubitavi.
1476 2280 1565 2318 Nam

111 2328 288 2359 Victorius.
333 2329 413 2360 Edd.
430 2329 552 2370 priores
575 2329 701 2359 habent
724 2338 815 2368 aequa
857 2329 941 2358 etin
956 2327 1018 2357 Gu.
1042 2333 1122 2356 sunt
1144 2325 1282 2364 vestigia
1304 2325 1375 2363 ejus
1391 2323 1561 2354 lectionis:

107 2381 161 2411 pr.
186 2371 248 2403 Sed
261 2372 435 2402 Turnebus
451 2372 546 2408 Vlll,
568 2375 614 2402 10.
628 2371 814 2410 corrigebat
855 2380 916 2410 per
937 2378 1048 2410 eaque.
1073 2368 1130 2398 sed
1147 2368 1356 2408 proportione
1371 2375 1438 2396 uno
1453 2367 1561 2398 verbo.

104 2424 258 2455 peroeqzce
277 2423 340 2454 pro
373 2416 534 2455 portione,
562 2414 655 2444 nulla
689 2413 816 2444 ratione
861 2412 924 2442 vid.
940 2417 974 2442 et
989 2411 1029 2442 ad
1043 2411 1100 2442 Or:
1117 2412 1150 2440 in
1168 2410 1272 2440 Flacc.
1289 2411 1360 2439 35.=
1378 2431 1385 2439 .
1476 2432 1480 2437 .

114 2456 251 2489 reddita.
296 2457 424 2497 Nempe
462 2457 523 2487 viri
558 2456 690 2496 quidam
727 2456 816 2486 docti
904 2457 942 2485 58
967 2455 1032 2485 laeti
1056 2451 1265 2493 afferebant]
1291 2452 1343 2482 Sic
1369 2450 1519 2491 rescripsi
1536 2460 1561 2482 ‘c

106 2500 273 2539 proportio
287 2499 370 2529 bene
386 2500 489 2530 latine
512 2498 576 2529 dici
600 2504 735 2538 negant,
760 2498 816 2528 sed
859 2497 897 2527 M
900 2507 940 2527 ss.
956 2497 1085 2527 Graevii.
1121 2495 1266 2534 Vulgato
1280 2493 1477 2535 auferebant
1491 2493 1561 2535 epi-

111 2551 179 2571 esse
199 2541 374 2572 dicendum
393 2552 456 2582 pro
474 2542 633 2582 portione.
679 2541 716 2570 Id
739 2541 815 2570 sim·
859 2540 979 2570 theton
996 2540 1060 2569 loeti
1076 2547 1206 2579 prorsus
1221 2536 1464 2568 noneonvenit.

135 2583 242 2614 liciter
271 2593 383 2614 verum
411 2594 478 2615 non
503 2589 563 2614 est.
595 2593 673 2613 nam
700 2583 815 2613 Cicero
902 2579 1562 2620 59nonmodooppz'dumnullum.-domuc

133 2625 213 2655 *nixu
230 2637 257 2656 c.
273 2628 304 2656 4.
329 2632 412 2657 extr.
429 2627 530 2657 habet
545 2626 810 2663 nominativum3
859 2625 968 2664 nulla]
1007 2624 1151 2655 Restitui
1173 2622 1354 2652 lectionem
1383 2620 1456 2652 edd.
1478 2627 1561 2652 vett.

112 2667 168 2706 qui
181 2668 270 2699 locus
284 2678 351 2698 non
367 2674 416 2699 est
432 2669 559 2699 dubius.
604 2668 667 2699 Sed
690 2668 732 2698 ibi
748 2668 813 2709 pri·
856 2675 928 2706 quae
945 2672 978 2697 et
994 2667 1027 2696 in
1042 2666 1121 2696 Mss.
1139 2664 1287 2705 pluribus
1303 2668 1353 2694 est
1367 2675 1374 2693 ε
1399 2662 1496 2703 idque
1511 2669 1562 2694 est

112 2720 206 2740 mum
223 2710 284 2740 hoc
306 2712 441 2742 verbum
457 2711 583 2748 fecisse,
606 2711 734 2741 clarum
749 2719 813 2746 est,
856 2710 962 2739 multo
989 2709 1164 2744 efficacius,
1187 2717 1289 2746 quam
1308 2706 1482 2746 vulgatum
1505 2706 1563 2737 sed

112 2758 146 2783 et
166 2752 297 2791 quidem
321 2753 361 2784 ad
382 2763 480 2784 usum
501 2753 728 2794 philosophiae.
774 2753 814 2783 ln
857 2763 898 2782 ne
924 2753 1038 2783 domus
1062 2751 1210 2790 quidemn
1249 2750 1283 2779 in
1316 2759 1381 2789 qua
1417 2747 1561 2779 lectione

112 2795 264 2835 populari
279 2796 443 2832 oratione,
467 2800 501 2826 et
515 2806 554 2826 eo
568 2802 732 2836 tempore,
750 2806 814 2835 quo
859 2795 960 2825 etiam
984 2794 1138 2833 oppidum
1163 2793 1271 2822 ullum
1292 2801 1360 2822 esse
1386 2791 1519 2821 deberet
1542 2801 1560 2821 e

112 2837 182 2868 haec
209 2838 316 2867 oratio
346 2839 469 2879 scripta
501 2844 563 2876 est,
593 2839 718 2869 dictum
747 2848 816 2869 esse
859 2836 1096 2868 consuetudine
1122 2835 1313 2872 Ciceronis;
1336 2832 1424 2873 quod
1444 2837 1559 2863 tamen

105 2881 288 2922 proportio,
318 2889 385 2914 non
414 2886 523 2922 potest
543 2881 638 2915 credi.
698 2881 816 2921 Itaque
860 2881 963 2914 etiam
977 2882 1031 2911 est*
1041 2880 1075 2918 ²131
1093 2877 1154 2910 ΜΞ.
1169 2877 1231 2910 Gu.
1244 2888 1274 2908 v.
1291 2876 1382 2909 Clav,
1396 2876 1430 2907 in
1445 2875 1543 2906 modo.

807 2929 878 2965 22
