1907 3231
489 103 611 142 ACT.
638 103 690 141 ΙΙ.
726 101 914 154 LIBER
938 101 1212 141 TERTIUS.
1497 105 1573 140 251

140 210 495 264 verberatumque
526 208 703 249 diceret.
732 206 1029 248 29couferrent
1066 206 1146 247 viri
1181 204 1288 246 boni
1321 205 1488 262 capita:
1520 205 1574 247 de

136 267 438 309 comissatione
459 265 734 321 loquerentur
755 263 866 306 inter
889 279 946 315 se,
969 279 1018 305 ac
1040 263 1093 304 de
1114 262 1388 312 mulierculis,
1413 262 1446 302 si
1468 277 1573 317 quas

137 340 162 365 a
185 335 367 381 praetore
389 324 595 365 abeuntes
619 332 793 378 possent
814 322 1146 378 deprehendere.
1165 334 1230 360 res
1252 318 1323 375 agi
1345 319 1574 360 videretur.

141 382 394 423 surrexisset
411 380 644 438 Apronius,
666 375 779 421 nova
799 380 988 436 dignitas
1014 378 1246 435 publicani,
1269 391 1356 433 non
1379 386 1427 416 ut
1448 376 1577 416 decu-

138 454 304 489 manuS,
327 437 532 493 squaloris
556 438 706 494 plenus
728 452 778 478 ac
811 437 1021 493 pulveris3
1053 435 1126 476 sed
1147 433 1380 491 unguentis
1402 433 1576 483 oblitus,

141 497 241 538 vino
282 495 523 551 vigiliisque
559 494 801 551 languidus.
835 495 981 535 omnia
1018 494 1158 550 primo
1188 501 1308 533 motu
1340 506 1390 532 ac
1424 490 1578 546 spiritu

133 556 234 604 suo,
276 553 380 603 vini,
422 553 647 609 unguenti,
689 553 881 608 corporis
923 552 1054 593 odore
1091 550 1361 606 complesset.
1397 547 1578 588 dixisset

138 609 251 661 haec,
281 624 378 664 quae
412 610 541 666 vulgo
574 610 716 651 dicere
753 609 931 660 solebat,
971 623 1057 650 non
1091 622 1134 648 se
1172 609 1372 649 decumas
1410 605 1578 655 emisse,

142 668 215 708 sed
252 667 367 708 bona
396 667 676 723 fortunasque
707 678 948 708 aratorum:
981 681 1067 707 non
1099 680 1142 706 se
1173 667 1458 706 decumanum
1487 676 1581 703 esse

141 724 400 781 Apronium,
432 725 504 765 sed
534 725 706 765 Verrem
739 724 944 764 alterum:
976 723 1199 764 dominum
1231 722 1400 762 illorum
1431 735 1481 760 ac
1512 730 1581 775 ty-

142 796 338 824 rannum.
400 782 512 829 Quae
544 797 643 823 cum
673 781 869 832 dixisset,
906 780 965 820 illi
999 780 1079 820 viri
1118 780 1273 835 optimi
1310 778 1362 818 de
1400 777 1580 825 cohorte

141 839 264 880 istius
296 850 628 896 recuperatores,
657 853 743 879 non
776 838 829 879 de
860 837 1121 878 absolvendo
1152 835 1347 892 Apronio
1370 834 1579 876 delibera-

141 906 250 948 rent,
273 897 345 937 sed
367 906 622 952 quaererent,
643 910 780 950 ecquo
807 895 936 936 modo
959 898 1000 926 30
1013 894 1242 950 petitorem
1273 894 1415 949 ipsum
1436 891 1579 948 Apro-

140 954 214 995 nio
236 954 522 995 condemnare
543 963 732 1010 possent.
777 952 905 994 Hanc
928 962 974 992 tu
997 951 1215 993 licentiam
1237 949 1578 1006 diripiendorum
1597 954 1662 1001 13

142 1021 358 1052 aratorum
396 1026 495 1053 cum
529 1010 792 1061 decumanis,
826 1010 910 1051 hoc
946 1018 1024 1061 est,
1065 1008 1259 1065 Apronio
1301 1007 1642 1064 pe1·misisses,32

141 1079 204 1120 ut,
227 1077 436 1124 quantum
461 1068 602 1119 vellet,
635 1077 853 1123 posceret:
886 1077 1096 1122 quantum
1128 1066 1410 1122 poposcisset,
1441 1064 1582 1107 aufer-

141 1136 231 1167 ret:
264 1126 346 1167 hoc
378 1126 457 1167 tibi
489 1126 750 1167 defensionis
787 1125 840 1166 ad
872 1124 1090 1180 judicium
1124 1134 1246 1164 tuum
1285 1123 1583 1178 comparabas,

143 1182 345 1225 habuisse
376 1194 417 1224 te
447 1183 654 1234 edictum,
684 1192 1003 1238 recuperatores
1034 1182 1234 1223 daturum
1266 1181 1308 1221 in
1331 1179 1585 1236 octuplum?

145 1241 192 1282 Si
222 1240 464 1282 mehercule
495 1255 549 1281 ex
581 1240 699 1281 omni
730 1240 858 1295 copia
877 1249 1115 1280 conventus
1147 1237 1420 1294 Syracusani,
1444 1237 1586 1293 splen·

143 1298 464 1340 didissimorum
491 1297 975 1352 honestissimorumque
1006 1296 1246 1347 hominum,
1269 1295 1430 1336 faceres
1462 1305 1587 1350 pote-

146 1365 301 1398 statem
323 1356 494 1406 aratori,
517 1370 604 1396 non
626 1354 756 1395 modo
779 1354 1021 1409 rejiciundi,
1046 1354 1118 1395 sed
1142 1353 1271 1394 etiam
1301 1352 1495 1393 sumendi
1519 1366 1585 1393 re-

144 1422 443 1470 cuperatore83
474 1422 616 1453 tamen
648 1411 731 1452 hoc
753 1426 914 1452 novum
945 1426 1080 1468 genus
1112 1410 1282 1466 injuriae
1314 1409 1424 1451 ferre
1456 1423 1583 1450 nemo
1595 1419 1626 1449 b.

145 1480 305 1529 posset,
328 1479 384 1521 te,
405 1484 505 1511 cum
526 1479 623 1510 tuos
646 1484 794 1510 omnes
816 1469 980 1510 fructus
1003 1468 1235 1526 publicano
1258 1467 1518 1517 tradidisses,
1540 1476 1584 1508 et

145 1542 235 1570 rem
257 1528 310 1569 de
329 1527 528 1568 manibus
551 1527 779 1578 amisisses,
800 1536 891 1568 tum
916 1527 1030 1568 bona
1051 1538 1125 1567 tua
1146 1536 1351 1583 repetere,
1370 1539 1420 1565 ac
1442 1539 1583 1581 perse-

146 1585 220 1642 qui
250 1585 324 1627 lite
354 1594 482 1640 atque
511 1585 697 1641 judicio·
759 1584 872 1626 Cum
907 1599 1006 1626 vero
1037 1584 1168 1625 verbo
1200 1583 1418 1639 judicium
1453 1583 1509 1622 sit
1540 1581 1646 1624 in33

145 1643 303 1695 edicto,
325 1657 370 1683 re
400 1643 576 1698 quidem
599 1657 697 1683 vera
719 1650 890 1683 tuorum
913 1642 1137 1692 comitum,
1158 1641 1384 1682 hominum
1414 1640 1587 1695 nequis-

147 1701 368 1752 simorum,
398 1699 577 1742 collusio
607 1715 705 1741 cum
736 1700 998 1751 decumanis,
1030 1700 1157 1740 sociis
1189 1699 1288 1749 tuis,
1323 1707 1451 1753 atque
1480 1697 1588 1738 adeo

145 1758 522 1816 procuratoribus3
554 1768 697 1798 tamen
737 1758 866 1799 audes
898 1757 1008 1798 illius
1033 1757 1192 1813 judicii
1225 1755 1491 1797 mentionem
1524 1755 1588 1796 fa-

149 1831 269 1867 cere3
301 1816 539 1872 praesertim
561 1830 660 1857 cum
683 1815 726 1856 id
748 1830 835 1856 non
860 1816 990 1856 modo
1013 1815 1207 1856 oratione
1228 1828 1338 1864 mea,
1361 1813 1433 1853 sed
1456 1812 1588 1854 etiam

148 1888 193 1916 re
214 1875 308 1930 ipsa
329 1873 571 1915 refellatur?
602 1888 701 1914 cum
723 1873 765 1913 in
791 1873 919 1913 tantis
951 1872 1236 1914 incommodis
1267 1879 1499 1921 aratorum,
1523 1871 1588 1911 in·-

141 1931 357 1987 juriisque
392 1931 742 1981 decumanorum,
780 1930 944 1971 nullum
982 1945 1037 1972 ex
1076 1930 1160 1971 isto
1198 1928 1405 1985 praeclaro
1443 1928 1588 1969 edicto

147 2004 236 2031 11011
257 1988 387 2029 modo
410 1987 587 2040 factum,
611 1988 682 2029 sed
713 2003 767 2029 ne
798 1988 1061 2045 postulatum
1083 1987 1258 2043 quidem
1282 1986 1498 2041 judicium
1522 1985 1588 2026 in-

147 2047 371 2088 veniatur?
412 2044 507 2086 Erit
544 2056 687 2086 tamen
730 2046 774 2086 in
815 2056 1002 2087 aratores
1043 2044 1192 2095 lenior,
1231 2059 1361 2100 quam
1403 2043 1647 2090 ’videtur-‚34

146 2119 262 2156 nam,
285 2103 358 2160 qui
382 2103 425 2144 in
447 2103 708 2144 decumanos
729 2103 891 2159 octupli
907 2103 1125 2158 judicium
1148 2116 1192 2143 se
1213 2102 1413 2143 daturum
1435 2100 1587 2150 edixit,

150 2163 264 2204 idem
286 2161 439 2203 habuit
463 2161 505 2202 in
527 2161 685 2211 edicto,
708 2175 751 2201 se
774 2161 817 2201 in
848 2172 1059 2201 aratorem
1092 2161 1135 2201 in
1156 2159 1442 2215 quadruplum
1465 2159 1589 2199 datu-

149 2235 259 2262 rum.
321 2219 431 2265 Quis
452 2218 569 2260 hunc
590 2218 719 2259 audet
741 2218 881 2260 dicere
907 2218 1146 2259 aratoribus
1169 2217 1374 2258 infestum
1404 2228 1479 2257 aut
1508 2216 1590 2256 ini-

148 2279 312 2319 micum
355 2276 512 2318 fuisse?
543 2286 706 2331 quanto
745 2275 880 2316 lenior
920 2286 998 2326 est,
1036 2290 1164 2330 quam
1198 2275 1243 2315 in
1282 2273 1590 2330 publicanum?

151 2335 317 2386 Edixit,
355 2344 417 2385 ut,
449 2334 565 2389 quod
598 2334 860 2375 decumanus
897 2333 1101 2374 edidisset
1133 2332 1214 2373 sibi
1253 2331 1343 2372 dari
1376 2339 1591 2387 oportere,

149 2394 193 2435 id
226 2393 280 2434 ab
314 2402 480 2433 aratore
508 2391 786 2447 magistratus
821 2390 988 2431 Siculus
1016 2390 1226 2446 exigeret.
1289 2389 1407 2436 Quid
1438 2388 1590 2430 dereli-

149 2451 247 2507 quit
275 2449 447 2505 judicii,
483 2450 599 2504 quod
634 2449 678 2490 in
711 2458 922 2489 aratorem
955 2448 1047 2489 dari
1089 2450 1261 2504 posset?
1294 2446 1396 2487 Non
1428 2445 1590 2487 malum

152 2517 230 2560 est,
270 2507 425 2563 inquit,
459 2521 549 2547 esse
583 2508 708 2548 istam
746 2505 1045 2547 formidinem:
1079 2514 1140 2555 ut,
1170 2519 1270 2546 cum
1299 2515 1503 2546 exactum
1535 2504 1591 2545 sit

153 2567 207 2606 ab
229 2575 408 2615 aratore,
432 2573 575 2605 tamen
598 2579 649 2605 ne
680 2578 723 2604 se
745 2572 1030 2614 commoveat,
1053 2562 1239 2618 reliquus
1269 2571 1408 2602 metus
1432 2561 1591 2616 judicii

153 2623 223 2664 sit.
284 2622 329 2663 Si
355 2622 525 2678 judicio
556 2637 581 2663 a
610 2637 678 2663 me
706 2621 767 2662 vis
801 2621 990 2676 exigere,
1025 2634 1197 2661 remove
1226 2619 1420 2661 Siculum
1452 2620 1591 2676 magi-

195 2739 235 2770 99
270 2734 452 2776 οοιςΐεννεητ
477 2737 509 2777 «ὂ.
536 2745 567 2766 v.
595 2735 720 2776 capita]
748 2735 849 2766 Velut
934 2737 974 2765 30
985 2735 1158 2774 petitorem
1168 2735 1192 2766 i.
1204 2734 1346 2773 Apronio
1360 2730 1589 2774 condemnare]

151 2779 363 2810 deliberaturi
385 2779 424 2809 de
449 2780 615 2809 sententia
640 2778 785 2814 ferenda,
811 2782 850 2807 ut
894 2777 1010 2807 Haeret
1033 2777 1087 2806 hic
1114 2777 1275 2813 (ἐι-10111115,
1301 2780 1336 2806 et
1360 2776 1496 2815 corrigit
1519 2785 1592 2805 con·

152 2823 186 2852 iu
209 2821 382 2852 consilium
408 2832 428 2852 a
448 2828 589 2862 praetore
608 2821 708 2852 missi.
753 2821 849 2862 Lepi-
893 2820 1027 2856 donare,
1046 2829 1141 2849 sensu
1167 2823 1268 2854 recto,
1288 2817 1345 2848 sed
1365 2818 1398 2848 id
1418 2822 1468 2848 est
1490 2819 1592 2848 etiam

153 2865 304 2894 dissinius
320 2863 421 2894 locus.
894 2862 1107 2894 condemnare
1122 2862 1274 2902 Apronio,
1289 2867 1329 2892 ut
1343 2860 1381 2891 L.
1398 2860 1440 2891 ΙΙ.
1457 2871 1485 2891 0.
1501 2864 1530 2892 3.
