1907 3231
594 101 714 140 PRO
748 100 796 141 L.
823 99 1097 138 MURENA.
1489 105 1564 144 711

128 212 246 248 tanta
267 206 348 250 illis
369 207 557 249 comitiis
578 206 729 262 religio
751 213 830 257 est,
857 214 904 251 ut
932 204 1073 245 adhuc
1093 218 1259 260 ¹semper
1290 207 1329 238 79
1343 217 1468 249 omen
1491 220 1564 246 va-

126 262 253 306 luerit
282 265 640 321 praerogativum:
672 264 775 318 quid
806 264 961 304 mirum
981 271 1059 311 est,
1083 262 1126 301 in
1158 261 1240 301 hoc
1263 260 1478 308 felicitatis
1498 262 1561 303 fa-

126 332 242 365 mam
285 335 606 376 sermonemque
646 321 852 363 valuisse?
895 319 993 369 Sed,
1030 319 1064 359 si
1100 317 1195 358 haec
1232 317 1391 358 leviora
1423 311 1644 370 ducis,19

125 389 223 429 quae
247 389 346 420 sunt
366 379 632 434 gravissima,
651 388 694 419 et
726 379 837 419 hanc
868 377 1074 421 urbanam
1105 373 1457 430 suffragationem
1480 377 1561 416 mi-

123 431 235 477 litari
259 435 509 491 anteponis:
542 435 629 476 noli
662 435 862 476 ludorum
896 434 1024 489 hujus
1061 431 1334 488 elegantiam,
1356 443 1399 472 et
1421 447 1562 474 scenae

120 492 488 547 magnificentiam
512 493 632 535 valde
649 502 947 533 contemnere:
971 505 1067 546 quae
1090 489 1191 531 huic
1212 489 1440 531 admodum
1465 505 1564 545 pro-

120 546 308 590 fuerunt.
369 550 484 590 Nam
512 550 615 605 quid
640 564 722 606 ego
756 549 912 600 dicam,
943 547 1151 604 populum
1183 562 1232 588 ac
1254 548 1294 576 80
1309 545 1460 601 vulgus
1483 548 1563 588 im-

118 605 354 660 peritorum
378 607 488 648 ludis
510 621 771 663 magnopere
801 605 1030 647 delectari?
1060 604 1201 645 minus
1219 616 1283 644 est
1302 603 1560 646 mirandum.

116 675 378 718 quamquam
401 663 501 705 huic
522 679 663 705 causae
681 664 726 704 id
745 663 846 704 satis
862 672 940 703 est.
958 670 1055 703 sunt
1077 662 1190 702 enim
1212 660 1357 717 populi
1378 675 1428 701 ac
1449 661 1559 702 mul-

120 718 321 761 titudiuis
342 721 533 763 comitia.
595 721 740 767 Quare
768 721 799 761 si
834 719 994 776 populo
1016 719 1214 760 ludorum
1235 717 1620 773 magnificentiass9

118 775 330 833 voluptati
352 787 431 828 est,
453 793 540 819 non
562 788 627 818 est
648 777 905 826 mirandxnn,
927 791 1021 817 eam
1055 776 1103 816 L.
1128 775 1323 816 Murenae
1346 775 1456 830 apud
1481 790 1559 832 po-

117 832 265 888 pulum
285 834 512 890 profuisse.
572 835 654 875 Sed
679 834 712 875 si
735 834 1003 889 nosmetipsi,
1025 833 1097 888 qui
1129 843 1172 873 et
1196 834 1250 873 ab
1272 832 1559 875 delectatione

116 891 234 931 omni
266 892 453 947 negotiis
486 892 758 948 impedimur,
777 900 821 931 et
852 891 895 930 in
932 892 1025 946 ipsa
1054 889 1340 946 occupatione
1371 889 1557 931 delecta-

118 947 255 989 tiones
278 948 380 989 alias
411 948 567 990 multas
597 949 755 989 habere
786 963 1026 1004 possumus,
1059 947 1168 988 ludis
1200 957 1343 987 tamen
1366 947 1556 988 oblecta-

116 1018 212 1045 mur
232 1014 276 1045 et
296 1005 515 1056 ducimur;
546 1006 650 1061 quid
674 1015 719 1046 tu
742 1005 950 1046 admirere
980 1005 1032 1045 de
1053 1004 1330 1050 multitudine
1353 1003 1554 1047 indocta?

116 1060 166 1101 L.
191 1061 325 1114 Otho,
348 1063 409 1103 vir
431 1062 570 1114 fortis,
598 1078 716 1103 meus
748 1063 1024 1113 necessarius,
1055 1062 1240 1116 equestri
1275 1061 1412 1102 ordini
1434 1062 1555 1102 resti·
1568 1066 1619 1098 40

115 1118 200 1159 tuit
220 1134 307 1160 non
339 1120 476 1161 solum
507 1121 781 1177 dignitatem,
804 1120 876 1160 sed
907 1119 1036 1160 etiam
1064 1118 1342 1174 voluptatem.
1403 1117 1557 1175 Itaque

113 1174 182 1216 lex
203 1175 421 1231 haec,quae
441 1178 494 1218 ad
512 1177 634 1219 ludos
653 1178 852 1233 pertinet,
874 1187 936 1217 est
955 1176 1148 1217 omnium
1168 1176 1425 1231 gratissima,
1440 1176 1557 1230 quod

110 1231 415 1275 honestissimo
436 1235 592 1286 ordini,
614 1249 712 1275 curn
745 1234 983 1290 splendore,
1006 1233 1170 1274 fructus
1200 1247 1372 1288 quoque
1395 1233 1556 1287 jucun·

87 1314 91 1318 -
111 1289 260 1331 ditatis
281 1301 346 1332 est
367 1293 604 1333 restitutus.
652 1292 798 1338 Quare
815 1291 1030 1331 delectant
1052 1291 1263 1341 homines,
1285 1290 1393 1330 mihi
1415 1290 1555 1342 crede,

109 1345 215 1398 ludi,
238 1349 369 1390 etiam
392 1348 502 1400 illos,
523 1349 597 1404 qui
628 1348 913 1398 dissimulant,
936 1363 1023 1389 non
1043 1348 1180 1388 solum
1210 1362 1298 1398 eos,
1320 1348 1392 1402 qui
1418 1346 1556 1388 faten-

111 1413 204 1446 tur:
236 1406 353 1460 quod
375 1420 458 1462 ego
481 1407 524 1447 in
547 1421 642 1446 mea
664 1406 872 1462 petitione
898 1405 1023 1446 sensi.
1057 1420 1154 1445 nam
1178 1420 1255 1445 nos
1278 1419 1450 1460 quoque
1481 1405 1557 1445 ha-

111 1460 282 1503 buimus
325 1477 496 1504 scenam
538 1463 898 1519 competitricem.
960 1462 1127 1508 Quodsi
1169 1477 1267 1518 ego,
1305 1462 1379 1516 qui
1420 1462 1556 1503 trinos

110 1517 233 1559 ludos
269 1519 405 1560 aedilis
444 1519 644 1570 feceram,
678 1530 820 1560 tamen
854 1518 1037 1559 Antonii
1077 1519 1185 1559 ludis
1224 1519 1554 1562 commovebar:

109 1575 206 1626 tibi,
229 1576 303 1631 qui
325 1591 426 1617 casu
448 1577 586 1618 nullos
609 1577 784 1627 feceras,
807 1576 916 1616 nihil
938 1575 1065 1631 hujus
1090 1576 1217 1616 istam
1250 1576 1401 1631 ipsam,
1424 1591 1553 1631 quam

107 1631 272 1684 irrides,
314 1643 563 1689 argenteam
606 1648 791 1684 scenam,
829 1633 1095 1674 adversatam
1135 1635 1289 1689 putas?
1332 1633 1416 1674 Sed
1459 1633 1554 1675 haec
1566 1631 1613 1664 41

108 1702 210 1730 sane
239 1690 326 1730 sint
358 1691 477 1746 paria
505 1692 675 1732 omnia:
708 1691 763 1731 sit
796 1705 870 1746 par
901 1690 1082 1731 forensis
1114 1704 1245 1746 opera
1265 1690 1465 1732 militari:
1499 1691 1555 1731 sit

108 1761 186 1801 par
215 1746 388 1788 militari
420 1747 672 1804 suffragatio
707 1748 892 1788 urbana:
926 1747 981 1787 sit
1015 1747 1142 1797 idem,
1175 1747 1554 1803 magnificentissi-

106 1818 200 1844 mos
222 1813 266 1844 et
285 1804 424 1845 nullos
448 1820 650 1861 umquam
674 1805 824 1846 fecisse
845 1804 993 1855 ludos;
1025 1804 1157 1859 quid?
1188 1805 1230 1844 in
1251 1806 1345 1860 ipsa
1365 1813 1553 1860 praetura
1566 1819 1597 1849 P·
1616 1812 1686 1842 134.

108 1860 273 1902 nihilne
303 1862 526 1903 existimas
557 1864 666 1903 inter
701 1872 818 1903 tuam
850 1873 894 1903 et
926 1862 1048 1902 istius
1091 1872 1249 1902 sortem
1279 1861 1596 1904 interfuisse?³·

109 1916 255 1973 Hujus
287 1933 376 1960 sors
398 1933 447 1959 ea
468 1919 566 1971 fuit,
587 1934 717 1975 quam
739 1933 887 1960 omnes
919 1919 982 1960 tui
1013 1918 1240 1960 necessarii
1268 1918 1348 1959 tibi
1371 1919 1551 1975 optaba-
1563 1911 1636 1959 20

105 1975 341 2030 mus,juris
363 1976 565 2018 dicundi:
598 1978 641 2018 in
665 1992 750 2032 qua
771 1976 952 2032 gloriam
974 1975 1179 2017 conciliat
1200 1976 1455 2032 magnitudo
1477 1991 1553 2017 ne-

103 2032 242 2087 gotii;
284 2034 484 2090 gratiam,
525 2035 742 2090 aequitatis
784 2033 982 2090 largitio:
1022 2048 1107 2088 qua
1145 2033 1188 2073 in
1227 2042 1341 2074 sorte
1382 2033 1552 2090 sapiens

102 2099 281 2144 praetor,
303 2090 440 2145 qualis
471 2091 542 2132 hic
573 2092 670 2142 fuit,
698 2091 982 2132 offensionem
1012 2091 1123 2131 vitat
1153 2090 1448 2145 aequabilitate
1477 2091 1552 2132 de-

105 2147 322 2198 cernendi,
347 2148 681 2189 benivolentiam
703 2148 904 2204 adjungit
931 2147 1106 2188 lenitate
1137 2147 1355 2188 audiendi.
1417 2147 1552 2204 Egre-

103 2203 179 2258 gia
199 2213 243 2244 et
264 2204 316 2245 ad
337 2205 608 2246 consulatum
630 2216 733 2261 apta
753 2204 990 2261 provincia,
1013 2205 1057 2245 in
1079 2219 1164 2260 qua
1195 2204 1284 2245 laus
1316 2205 1549 2260 aequitatis,

104 2260 382 2316 integritatis,
402 2261 636 2313 facilitatis,
656 2263 708 2303 ad
726 2272 968 2303 extremum
987 2261 1184 2302 ludorum
1203 2261 1424 2317 voluptate
1445 2277 1550 2304 con-

103 2317 304 2360 cluditur.
377 2319 495 2365 Quid
530 2328 604 2361 tua
633 2322 754 2361 sors?
787 2319 936 2370 tristis,
967 2327 1118 2360 atrox:
1160 2320 1345 2374 quaestio
1376 2320 1608 2375 pecula-42

106 2383 190 2425 tus,
222 2389 277 2416 ex
316 2375 448 2416 altera
480 2388 615 2432 parte,
648 2376 933 2432 lacrymarum
971 2385 1015 2416 et
1047 2375 1270 2430 squaloris,
1308 2390 1363 2417 ex
1401 2377 1548 2429 altera,

104 2434 142 2463 ²¹
163 2431 288 2489 plena
315 2436 563 2474 catenarum
597 2443 725 2489 atque
756 2434 964 2475 indicum.
994 2433 1180 2489 cogendi
1205 2433 1377 2489 judices
1409 2434 1551 2488 inviti,

146 2598 187 2630 79
223 2605 314 2626 omen
352 2597 496 2626 valuerit
526 2595 801 2636 prm-agativum]
891 2599 931 2627 80
954 2597 1075 2635 vulgus
1100 2596 1340 2636 imperitorum]
1367 2596 1418 2628 An
1441 2607 1472 2629 v.
1492 2599 1553 2628 im-

110 2637 131 2667 i.
160 2639 410 2677 praerogativam
428 2648 556 2679 semper
577 2640 680 2669 secuti
696 2647 807 2668 sumus
844 2640 1004 2678 peritum,
1029 2644 1069 2669 ut
1092 2638 1178 2670 infra
1194 2639 1370 2669 multitudo
1392 2640 1521 2670 indocta
1536 2641 1554 2670 ,7

105 2678 139 2709 in
165 2679 326 2719 suffragiis
348 2681 502 2717 ferendis,
527 2686 660 2720 propter
683 2681 807 2710 bonum
849 2681 902 2711 Sic
931 2690 1009 2712 sane
1033 2681 1132 2720 vulgo
1160 2681 1293 2717 dicitur,
1321 2686 1356 2712 et
1381 2682 1498 2712 melius
1520 2682 1553 2713 id

105 2731 217 2758 omen,
233 2722 320 2760 quod
333 2722 368 2751 in
382 2724 450 2762 ejus
465 2723 619 2762 suffragio
631 2732 699 2753 esse
712 2728 808 2763 puta-
851 2728 912 2752 est.
961 2722 1049 2753 Illud
1065 2723 1214 2763 intellige
1229 2722 1359 2763 vulgus,
1376 2724 1462 2764 quod
1475 2734 1554 2756 con-

108 2773 195 2800 muS,
220 2764 296 2803 quia
317 2771 404 2795 sorte
427 2765 596 2804 deligitur,
613 2765 648 2795 in
670 2775 733 2804 quo
749 2774 809 2794 nu-
853 2771 921 2795 stat
935 2765 1108 2805 imperitis.
1239 2764 1247 2769 “

110 2805 208 2835 minis
227 2805 337 2844 aliqua
354 2807 402 2836 vis
418 2807 627 2847 intelligitur.
650 2807 688 2838 de
702 2817 766 2847 quo
780 2817 808 2836 v.
894 2810 931 2838 81
952 2809 1054 2846 plena.
1068 2811 1262 2837 catenarum
1279 2811 1377 2847 atque
1390 2807 1551 2848 indicum]

111 2848 256 2880 Gronov.
268 2848 347 2879 Obs.
362 2848 421 2887 lv,
441 2852 468 2882 1.
860 2849 1073 2888 Cannarum,
1090 2859 1162 2891 quae
1177 2850 1389 2882 intentantur
1403 2850 1444 2882 ab
1459 2859 1554 2882 accu-

783 2898 960 2946 224·
