1907 3231
279 1147 350 1202 56
363 1162 458 1194 test.

355 145 431 179 99⁸3

894 142 961 179 IN
983 141 1256 179 VERREM

359 243 475 299 Ergo
501 242 583 285 hoc
615 243 816 295 fatebere,
838 245 913 286 abs
945 254 985 285 te
1017 245 1109 287 liaec
1141 247 1275 302 petita
1295 260 1411 297 esse3
1444 249 1611 298 ⁵9(nam
1633 255 1778 304 erepta

358 315 444 340 non
476 301 651 342 audebis
677 302 816 343 dicere
831 304 860 349 ε)
893 312 932 342 tc.
962 317 1033 342 eos
1064 303 1338 357 magistratus
1369 302 1628 354 hominibus,
1652 305 1778 345 bene·

360 357 463 406 ficii,
496 372 579 398 non
617 359 861 414 reipublicae.
895 373 1035 407 eausa,
1074 360 1340 413 permisisse?
1373 359 1471 400 Hoc
1507 368 1647 400 autem
1678 373 1776 401 eum

361 424 452 455 tute
475 414 674 464 fatebere,
696 430 920 470 quisquam
942 415 1172 466 dubitabit,
1193 431 1295 470 qum
1327 425 1370 456 tu
1402 417 1526 456 istam
1557 416 1669 472 apud
1702 431 1778 473 po-

361 471 483 526 pulos
524 473 755 527 provincia:
794 472 913 511 istius
955 471 1159 512 ὶιιιίιίἰιιιιι
1199 483 1326 527 atque
1365 472 1660 524 oflensionem,
1691 487 1778 514 non

359 528 622 577 ambitionis,
655 543 791 583 neque
827 528 1127 569 beneficiorum
1157 529 1516 581 collocandorum,
1545 530 1618 571 sed
1651 544 1779 586 pecu-

276 585 442 626 138niae
473 561 752 625 coneiliaaindu
783 601 806 625 c
809 600 909 625 ausa
938 585 1200 641 susceperis?
1233 585 1382 640 Itaque
1413 586 1469 627 illi
1493 601 1687 628 censores
1718 586 1779 627 fe-

357 651 508 682 cerunt
530 641 655 691 idem,
677 641 823 696 quod
815 656 855 682 ιιι
880 651 1025 682 nostra
1047 641 1265 697 republica
1285 643 1450 683 solent
1442 644 1486 694 ii,
1507 643 1579 698 qui
1602 657 1676 699 pei·
1698 642 1779 683 lar-

357 699 566 762 gitionem
601 699 874 742 ina‹ristratus
904 698 1046 754 adepti
1079 708 1201 739 sunt:
1233 698 1441 740 dederunt
1468 714 1657 756 operam,
1679 700 1780 740 6⁰ut

358 757 417 796 ita
439 764 590 810 potest·
583 764 694 795 atem
717 764 926 811 gererent,
949 766 995 796 ut
1019 755 1130 796 illam
1153 755 1345 797 lacunam
1379 756 1435 797 rei
1463 756 1682 797 familiaris
1703 770 1779 797 ex-

356 811 535 867 plerent.

595 812 666 852 Sic
695 827 845 853 census
876 812 1046 852 habitus
1078 822 1156 862 est,
1186 821 1227 853 te
1261 823 1456 868 praetore‚
1486 823 1534 854 ut
1569 827 1620 854 eo
1649 827 1776 854 censu

355 867 511 909 nullius
533 868 720 910 civitatis
741 870 777 900 ⁶¹
795 869 1034 925 respublica
1056 878 1199 926 posset
1219 869 1519 910 administrari.
1541 885 1639 911 nam
1662 870 1779 911 locu-

358 925 579 980 pletissimi
603 925 809 981 cujusque
839 941 988 967 census
1018 935 1315 977 extenuarant
1338 926 1574 967 tenuissimi
1595 927 1636 958 ⁶2
1648 941 1779 968 auxe-

359 991 469 1023 rant.

529 981 681 1037 Itaque
712 983 755 1023 in
794 982 964 1024 tributis
1002 983 1260 1039 imperandis
1293 993 1459 1025 tantum
1491 983 1630 1024 oneris
1666 982 1777 1040 plebi

318 1053 350 1083 b.
362 1039 676 1095 imponebatur,
705 1047 766 1090 ut,
795 1039 962 1081 etiamsi
993 1039 1187 1081 homines
1217 1049 1419 1091 tacerent,
1444 1055 1508 1081 res
1537 1041 1630 1096 ipsa
1661 1040 1779 1081 illum

360 1110 534 1137 censum
565 1096 830 1152 repudiaret:
863 1097 905 1137 id
929 1098 1043 1152 quod
1072 1096 1251 1152 intelligi
1282 1096 1481 1138 facillime
1508 1112 1552 1139 re
1580 1097 1673 1153 ipsa
1703 1111 1780 1154 po-

518 1154 630 1194 Nam
664 1153 713 1194 L.
746 1153 964 1205 Metellus,
995 1154 1083 1209 qui,
1116 1162 1391 1210 posteaquam
1424 1168 1506 1210 ego
1538 1154 1780 1209 inquirendi

359 1225 488 1252 causa
519 1211 561 1251 in
593 1210 782 1251 Siciliam
804 1211 916 1262 veni,
938 1221 1111 1267 repente
1145 1211 1285 1252 Letilii
1319 1212 1520 1261 adventu,
1542 1211 1663 1253 istius
1693 1225 1780 1252 non

354 1268 485 1309 inodo
517 1267 694 1318 amicus,
729 1282 873 1308 verum
904 1269 1033 1309 etiam
1059 1277 1269 1324 cognatus
1299 1267 1437 1309 factus
1466 1276 1555 1320 est;
1586 1268 1635 1319 is,
1663 1268 1779 1323 quod

355 1324 531 1366 videbat
552 1325 673 1366 istius
695 1339 869 1366 censum
897 1334 1008 1366 stare
1038 1325 1153 1366 nullo
1175 1325 1303 1366 modo
1328 1340 1465 1381 posse,
1486 1339 1583 1366 eum
1605 1338 1778 1366 censum

356 1382 573 1423 observari
595 1381 741 1437 jussit,
771 1382 844 1437 qui
878 1382 969 1422 viro
1003 1382 1235 1422 fortissimo
1267 1393 1395 1437 atque
1428 1381 1779 1423 innocentissimo

360 1441 461 1479 S'ex.
487 1438 699 1480 Peducaeo
721 1449 903 1494 praetore
934 1439 1104 1480 habitus
1133 1449 1256 1480 esset.
1288 1449 1407 1480 erant
1432 1440 1545 1480 enim
1568 1448 1791 1480 tunicen-=

359 1509 473 1537 sores
511 1496 676 1552 legibus
715 1497 832 1546 facti,
870 1495 1021 1536 delecti
1055 1512 1080 1536 a
1112 1497 1196 1537 suis
1238 1496 1509 1538 civitatibus:
1541 1496 1710 1551 quibuS,
1744 1495 1779 1537 si

274 1560 347 1595 139
359 1553 458 1607 quid
482 1554 809 1603 commisissent,
833 1568 973 1609 poenoe
996 1552 1162 1607 legibus
1183 1562 1302 1593 erant
1324 1554 1585 1594 constitutae.
1623 1552 1684 1593 Te
1706 1566 1779 1593 au-

356 1620 442 1650 tem
466 1621 660 1664 praetore,
683 1610 754 1664 qui
777 1625 926 1651 censor
947 1619 1020 1650 aut
1046 1610 1183 1666 legem
1206 1620 1427 1661 metueret,
1449 1624 1534 1665 qua
1555 1624 1639 1650 non
1663 1619 1780 1650 tene·

357 1668 494 1716 batur,
524 1667 725 1722 quoniam
757 1676 922 1708 creatus
956 1666 1049 1721 lege
1079 1682 1165 1708 non
1195 1677 1309 1719 erat3
1340 1676 1414 1708 aut
1448 1666 1780 1708 animadversio-

352 1738 450 1764 nem
474 1734 605 1774 tuam,
628 1738 723 1764 cum
748 1724 805 1775 id,
824 1724 935 1779 quod
960 1725 1034 1764 abs
1059 1733 1099 1764 te
1119 1734 1293 1775 emerat,
1309 1724 1595 1765 vendidisset?
1617 1722 1781 1764 Teneat

346 1781 438 1835 jam
473 1796 572 1822 sane
600 1795 717 1821 meos
750 1790 876 1823 testes
910 1780 1136 1822 Metellus:
1169 1791 1299 1837 cogat
1330 1782 1434 1823 alios
1462 1780 1647 1832 laudare,
1669 1779 1783 1822 sicut

394 1913 433 1943 59
460 1919 537 1940 nam
565 1914 674 1950 erepta
703 1919 734 1941 n.
761 1921 793 1941 a.
821 1910 868 1950 d.]
897 1910 1044 1940 Graevius

351 1962 369 1982 e
385 1953 527 1992 vestigiis
544 1953 605 1982 Ms.
622 1953 656 1982 in
678 1963 742 1991 quo
755 1959 827 1984 erat
841 1957 927 1993 epta,
943 1952 1043 1986 edidit

350 1998 449 2024 emta.
493 1994 576 2024 Sane
601 2000 709 2034 erepta
735 2004 794 2025 nec
819 1996 886 2035 ipse
913 2003 1043 2035 possum

351 2035 524 2075 explicare,
538 2045 597 2066 nee
611 2036 784 2076 explicavit
796 2038 987 2076 quisquam;
1003 2046 1044 2067 ne

354 2077 587 2109 Hotomannus
609 2078 751 2118 quidem,
774 2080 828 2118 qui
843 2083 952 2118 empta
973 2088 1044 2119 per-

352 2121 461 2160 spicue
478 2121 652 2151 absurdum
662 2120 843 2160 judicabat.
867 2121 974 2152 Enna
987 2131 1044 2151 au-

351 2166 420 2192 tem
446 2162 615 2192 commode
639 2162 791 2203 explicari
819 2167 942 2204 potest:
967 2172 1042 2192 nam

352 2203 415 2234 hoc
441 2205 588 2244 profecto
616 2214 682 2235 non
710 2205 840 2236 audebis
868 2204 985 2240 dicere,
1010 2210 1044 2234 te

352 2247 432 2277 istos
459 2246 597 2277 honores
618 2246 796 2278 xendidisse
817 2247 927 2288 potius
949 2256 1045 2286 quani

353 2288 498 2320 donasse.
544 2289 627 2319 Sed
621 2298 654 2318 m
669 2290 786 2320 ceteris
799 2295 849 2320 est
865 2289 965 2320 etiam
987 2289 1047 2319 ali-

354 2331 430 2369 quid
444 2330 655 2361 difficultatis.
701 2330 814 2361 Cicero
829 2331 947 2371 accipit
969 2341 1047 2361 con-

353 2373 526 2403 fessionem
536 2373 656 2409 Verris,
670 2373 817 2403 beneficii
831 2382 943 2404 caussa
954 2373 1046 2403 datos

353 2423 421 2445 esse
436 2415 595 2451 honores,
618 2420 655 2444 ut
670 2414 744 2445 inde
757 2415 904 2455 colligat,
921 2424 986 2445 non
999 2415 1046 2445 di-

354 2457 490 2495 gnitatis
511 2467 624 2487 caussa
650 2456 742 2487 datos
767 2467 852 2488 esse:
876 2463 910 2487 et
933 2462 1045 2487 tamen

353 2508 392 2528 ex
408 2498 468 2529 hoe
483 2498 622 2538 colligit,
645 2508 712 2529 non
734 2499 965 2530 beneficiomrn
980 2499 1046 2529 col-

353 2539 565 2571 locandorum
581 2550 704 2576 caussa,
725 2541 780 2571 sed
801 2541 947 2582 pecuniae
969 2550 1047 2571 con·

354 2581 502 2612 ciliandae
516 2583 637 2613 secisse.
674 2562 800 2623 <empta
814 2584 858 2614 sic
873 2584 1045 2613 ratiocina-

352 2629 426 2653 tur.
451 2631 486 2654 at
501 2634 574 2654 cum
591 2631 626 2654 tu
642 2624 702 2654 tibi
717 2635 755 2654 ea
769 2635 802 2655 re
817 2630 950 2656 tantum
965 2625 1046 2654 invi-

353 2665 416 2696 diae
442 2666 654 2702 contraxeris,
677 2668 748 2705 quis
777 2677 843 2698 non
869 2666 1046 2705 intelligat,

353 2708 407 2745 qui
436 2714 468 2738 te
496 2709 598 2743 novit,
625 2717 669 2738 se.
696 2714 729 2738 te
755 2718 822 2739 non
847 2710 947 2748 gratis
974 2718 1046 2738 eam

352 2749 506 2780 invidiam
521 2749 666 2786 subiisse,
681 2756 714 2780 et
738 2749 876 2782 honores
896 2760 962 2780 non
976 2755 1045 2781 tam

351 2789 514 2864 genesimi,
543 2802 641 2831 quam
677 2799 819 2832 quaestus
853 2802 966 2826 caussa
992 2792 1047 2825 de-

376 2841 446 2864 isse.

1128 1911 1168 1942 60
1189 1916 1228 1942 nt
1251 1912 1301 1942 ita
1317 1921 1350 1952 p.
1372 1920 1408 1950 g.
1430 1910 1482 1950 ut]
1509 1909 1619 1941 Habet
1643 1909 1706 1940 hoc
1728 1913 1779 1946 ut,

1085 1957 1123 1983 ut
1151 1953 1270 1992 aliquid
1298 1953 1387 1984 duri:
1416 1960 1449 1984 et
1477 1958 1607 1993 poterat
1633 1951 1714 1983 illud
1741 1955 1780 1982 ut

1086 1996 1154 2036 2211.
1168 2006 1203 2034 g.
1220 1996 1328 2027 abesse
1349 1995 1438 2026 salvo
1453 2004 1562 2044 sensu,
1584 1993 1640 2025 sed
1656 1993 1781 2025 addidit

1086 2041 1120 2068 et
1141 2038 1380 2078 perspicuitatis
1400 2037 1531 2077 majoris
1545 2044 1670 2073 caussa,
1684 2039 1718 2066 et
1739 2040 1780 2066 ut

1086 2089 1284 2119 consequens
1301 2080 1424 2121 periodi
1446 2078 1568 2118 aequale
1581 2082 1666 2109 esset
1686 2081 1780 2108 ante-

1086 2122 1224 2152 cedenti.

1128 2164 1163 2194 61
1193 2174 1276 2205 resp.
1301 2161 1545 2203 administrari]
1569 2171 1600 2192 v.
1623 2161 1715 2193 Clav.
1744 2162 1779 2193 in

1086 2216 1137 2236 res
1147 2217 1169 2236 ι.

1129 2216 1169 2278 ti?
1191 2247 1369 2287 auxerant]
1393 2246 1540 2278 Graevius
1566 2245 1689 2286 recepit
1716 2247 1780 2276 72ae-

1087 2295 1198 2321 serant
1211 2301 1229 2321 e
1244 2290 1322 2320 Mss.
1338 2289 1476 2326 duobus,
1490 2292 1525 2318 et
1538 2288 1571 2318 id
1583 2297 1694 2318 verum
1710 2297 1780 2319 esse

1088 2343 1105 2362 e
1120 2332 1326 2371 sequentibus
1348 2331 1488 2370 intelligi
1504 2330 1594 2361 dicit.
1638 2329 1699 2361 Sed
1714 2331 1779 2370 pri-

1090 2384 1181 2404 mum
1202 2374 1255 2404 hic
1281 2374 1446 2404 antitheta
1465 2373 1687 2412 requiruntur,
1706 2381 1781 2411 quae

1087 2421 1167 2446 sunt
1193 2419 1424 2452 extenuarant,
1452 2419 1634 2445 auxerant:
1663 2412 1778 2444 deinde

1089 2467 1156 2488 non
1169 2457 1249 2487 dicit
1261 2463 1376 2489 tenues
1398 2466 1456 2487 sua
1470 2457 1625 2492 amisisse,
1640 2455 1695 2485 sed
1715 2455 1780 2486 sol-

1088 2509 1162 2530 vere
1190 2509 1257 2530 non
1282 2500 1438 2539 potuisse,
1464 2498 1550 2538 quod
1572 2508 1613 2528 ex
1637 2497 1780 2529 aestima-

1088 2543 1179 2572 tione
1194 2541 1373 2572 censorum
1390 2541 1465 2572 dare
1479 2540 1676 2571 debuissent.
1710 2539 1780 2570 lta-

1089 2594 1150 2623 que
1176 2587 1339 2613 auxerant
1361 2593 1475 2613 verum
1499 2587 1559 2612 est.
1603 2581 1652 2612 Ex
1678 2590 1784 2612 aute·—

1087 2630 1168 2656 rant
1180 2625 1304 2655 factum
1320 2632 1390 2656 erat
1404 2629 1576 2655 (luserant.-
1591 2633 1667 2654 nam
1684 2623 1780 2654 litera

1090 2679 1110 2698 x
1132 2669 1165 2697 in
1181 2677 1195 2697 s
1211 2672 1338 2697 mutata
1360 2666 1523 2697 interdum
1542 2670 1592 2697 est
1613 2665 1647 2696 in
1669 2664 1777 2695 libris·

1089 2709 1175 2749 quod
1198 2719 1271 2739 eum
1299 2718 1365 2739 non
1392 2708 1641 2747 intelligeretur,
1668 2706 1780 2737 addita

1088 2751 1292 2781 estliterah.
1307 2751 1359 2781 Sic
1374 2761 1424 2791 :.ip
1436 2749 1505 2781 Liv.
1516 2750 1562 2787 11,
1576 2752 1629 2781 43.
1643 2751 1780 2779 haume

1088 2792 1162 2823 libri
1184 2793 1314 2832 quidam
1338 2802 1396 2833 'ro
1418 2801 1552 2834 auxere,
1563 2791 1621 2824 ubi
1643 2801 1671 2822 v.
1693 2790 1779 2824 Dra-

1089 2834 1188 2868 kenb.
1184 2803 1283 2868 qitem
1296 2834 1345 2867 ad
1351 2834 1415 2873 111,
1430 2835 1461 2867 6.
