1907 3231
601 116 721 157 PRO
753 118 801 156 A.
833 115 1161 156 CLUENTIO.
1541 120 1613 159 571

149 223 273 277 erit,
312 223 402 265 sine
437 222 524 264 ullo
564 231 698 275 metu,
732 230 775 263 et
813 236 979 263 summa
1018 234 1117 262 cum
1148 220 1376 261 honestate
1409 220 1616 262 vivemus.

148 314 154 317 -
180 281 294 324 Haec
316 282 350 322 si
372 281 423 322 T.
445 280 592 321 Attius
614 290 690 321 aut
719 280 1009 337 cognovisset,
1032 286 1106 319 aut
1130 278 1389 334 cogitasset3
1421 278 1617 334 profecto
1632 290 1708 324 160

179 353 234 380 ne
255 348 435 380 conatus
457 338 630 393 quidem
652 346 763 378 esset
784 339 940 388 dicere,
963 337 1005 377 id
1033 335 1149 390 quod
1181 334 1328 375 multis
1350 336 1490 376 verbis
1513 337 1618 392 egit,

172 396 384 451 judicem,
406 395 522 450 quod
544 396 583 436 ei
606 395 816 447 videatur,
844 404 1044 444 statuere,
1067 402 1111 433 et
1133 407 1220 434 non
1243 392 1490 433 devinctum
1514 393 1620 448 legi-

181 455 259 495 bus
282 467 373 495 esse
395 463 608 508 oportere.
628 453 784 508 quibus
806 453 859 493 de
878 453 1004 493 rebus
1024 450 1130 491 mihi
1154 465 1232 506 pro
1256 449 1446 490 Cluentii
1470 450 1622 490 volun-

181 519 285 561 tate,
308 510 514 560 nimium3
548 525 625 566 pro
649 510 897 566 reipublicae
923 509 1150 565 dignitate,
1173 522 1348 564 parum3
1380 521 1458 562 pro
1482 517 1622 547 vestra

178 568 421 625 prudentia,
465 569 567 608 satis
605 568 767 608 dixisse
802 568 965 608 videor.
1029 565 1213 621 Reliqua
1253 579 1469 621 perpauca
1507 573 1621 614 sunt,

177 641 292 681 quae,
325 626 427 680 quia
459 636 611 666 vestrae
645 625 898 680 quaestionis
928 633 1063 674 erant,
1090 623 1252 664 idcirco
1287 622 1346 663 illi
1380 631 1623 662 statuerunt

178 684 260 724 sibi
292 683 495 738 fingenda
538 697 643 734 esse,
673 692 716 723 et
760 682 1029 738 proferenda,
1062 695 1115 721 ne
1149 681 1343 721 omnium
1385 679 1623 734 turpissimi

178 741 481 797 reperirentur,
524 741 558 781 si
591 741 636 781 in
672 740 888 794 judicium
931 738 1054 787 nihil,
1097 747 1254 794 praeter
1295 737 1518 786 invidiam,
1557 744 1621 776 at-

154 798 391 839 .tulissent.
454 799 614 854 Atque,
639 808 688 838 ut
720 797 994 845 existimetis,
1016 796 1255 836 necessario
1288 809 1357 835 me
1387 794 1440 835 de
1461 794 1528 834 his
1557 807 1620 834 re-
1633 800 1704 855 59

178 856 274 907 bus,
297 857 349 896 de
382 856 537 911 quibus
564 857 658 910 jam
692 854 892 903 dixerim,
915 853 1108 909 pluribus
1142 852 1281 908 egisse
1305 852 1460 902 verbis,
1483 859 1622 892 atten-

175 913 267 954 dite
288 914 465 969 reliqua.
487 913 681 969 profecto
700 911 964 967 intelligetis,
984 924 1047 961 ea,
1070 925 1167 965 quae
1187 909 1335 966 paucis
1356 909 1623 949 demonstra-

157 971 213 1011 ⁴ri
236 980 484 1027 potuerunt,
510 970 756 1010 brevissime
779 983 869 1010 esse
891 968 1081 1010 defensa.

239 1028 321 1069 Cn.
346 1028 485 1069 Decio
520 1027 719 1077 Samniti,
753 1027 806 1077 ei,
843 1027 917 1082 qui
948 1025 1214 1082 proscriptus
1243 1032 1322 1075 est,
1345 1023 1548 1079 injuriam
1578 1022 1622 1063 in
1638 1038 1707 1072 161

158 1085 425 1127 calamitate
455 1086 548 1140 ejus
582 1086 636 1126 ab
667 1084 795 1140 hujus
823 1083 986 1124 familia
1020 1083 1179 1124 factam
1202 1097 1292 1123 esse
1315 1081 1503 1122 dixistis.
1553 1078 1625 1122 Ab

178 1143 297 1184 nullo
320 1142 390 1184 ille
411 1142 642 1194 liberalius,
674 1157 803 1198 quam
826 1157 851 1182 a
875 1141 1093 1192 Cluentio,
1117 1149 1325 1181 tractatus
1348 1148 1426 1180 est.
1479 1138 1627 1194 Hujus

180 1199 302 1242 illum
324 1215 427 1257 opes
450 1201 493 1241 in
525 1201 652 1241 rebus
684 1200 777 1255 ejus
809 1199 1094 1240 incommodis
1129 1198 1421 1239 sublevarunt.
1481 1195 1629 1252 Atque

179 1258 264 1299 hoc
287 1274 386 1299 cum
408 1259 513 1314 ipse,
538 1268 629 1299 tum
647 1272 795 1298 onmes
812 1257 904 1312 ejus
924 1257 1053 1297 amici
1075 1256 1113 1289 67
1129 1255 1443 1309 necessariique
1464 1268 1629 1310 cogno-

179 1326 295 1356 runt.
357 1315 535 1357 Ancarii
559 1326 602 1356 et
625 1315 785 1356 Paceni
816 1315 1059 1371 pastoribus
1081 1313 1262 1368 68hujus
1287 1312 1451 1353 villicos
1474 1312 1561 1352 vim
1585 1320 1630 1352 et

179 1388 333 1414 manus
357 1374 565 1414 attulisse.
628 1373 739 1414 Cum
763 1373 963 1428 quaedam
987 1372 1029 1412 in
1065 1370 1246 1412 collibus
1279 1374 1347 1423 (ut
1369 1369 1495 1421 solet)
1526 1383 1630 1410 con-

179 1432 389 1473 troversia
421 1441 640 1487 pastorum
671 1440 782 1471 esset
803 1438 925 1481 orta3
957 1428 1079 1470 Aviti
1102 1428 1235 1469 villici
1264 1442 1354 1468 rem
1384 1427 1565 1477 domini,
1587 1436 1631 1468 et

180 1489 394 1544 privatam
414 1489 729 1543 possessionem
750 1487 1049 1528 defenderunt.
1077 1500 1177 1526 cum
1199 1495 1311 1526 esset
1332 1484 1627 1540 expostulatio

179 1546 321 1597 facta;
353 1561 482 1586 causa
504 1546 584 1587 illis
607 1546 922 1596 demonstrata3
954 1545 1045 1584 sine
1061 1543 1231 1597 judicio
1249 1542 1628 1597 controversiaque

179 1603 415 1644 discessum
437 1613 515 1644 est.
565 1603 617 1643 P.
644 1603 743 1643 AElii
769 1611 1028 1643 testamento
1051 1601 1319 1657 propinquus
1341 1599 1627 1640 exheredatus
1645 1615 1717 1649 162

158 1675 279 1702 -cum
299 1670 425 1713 esset,
447 1661 568 1702 heres
591 1661 662 1701 hic
682 1660 860 1701 alienior
883 1660 1105 1700 institutus
1128 1667 1207 1699 est.
1270 1657 1321 1698 Ρ.
1345 1657 1485 1698 AElius
1507 1657 1629 1698 Aviti

181 1719 337 1760 merito
369 1718 496 1760 fecit:
531 1733 670 1774 neque
706 1718 774 1759 bic
802 1719 845 1758 in
880 1726 1140 1758 testamento
1176 1715 1375 1756 faciendo
1406 1714 1626 1756 interfuit:

182 1775 312 1831 idque
332 1784 637 1817 testamentum
661 1776 714 1816 ab
729 1775 857 1831 hujus
882 1775 1058 1815 inimico
1080 1773 1328 1830 Oppianico
1345 1781 1410 1813 est
1426 1773 1632 1829 obsigna-

183 1841 300 1886 tum„
319 1884 323 1887 μ
355 1833 499 1874 Florio
522 1833 712 1889 legatum
727 1847 780 1873 ex
807 1841 1063 1873 testamento
1078 1832 1314 1872 infitiatum
1330 1844 1435 1871 esse.
1458 1845 1544 1871 non
1567 1839 1633 1871 est

163 1890 258 1931 ita.
283 1891 355 1932 sed
378 1905 474 1932 cum
503 1891 601 1933 H-b‘
625 1906 730 1931 xxx
769 1891 929 1946 scripta
959 1898 1116 1941 essent,
1136 1904 1214 1946 pro
1239 1888 1338 1930 H-S
1365 1902 1470 1938 cce,
1493 1902 1632 1943 neque
1643 1906 1675 1937 b.

181 1948 221 1989 ei
245 1949 347 1989 satis
377 1957 553 1990 cautum
578 1949 816 1999 videretur;
849 1948 986 1989 voluit
1016 1962 1115 1988 eum
1138 1947 1299 2003 aliquid
1317 1954 1546 2002 acceptum
1569 1960 1634 1986 re-

184 2005 294 2046 ferre
332 2006 579 2047 liberalitati
616 2021 720 2047 suae.
756 2006 896 2062 primo
931 2006 972 2040 69
987 2005 1132 2046 deberi
1170 2005 1371 2061 negavit:
1405 2013 1505 2059 post
1542 2003 1634 2044 sine

184 2064 480 2105 controversia
502 2063 645 2105 solvit.
698 2063 831 2105 Coelii
855 2063 1082 2118 cujusdam
1107 2063 1313 2104 Samnitis
1336 2076 1517 2102 uxorem
1535 2071 1635 2117 post

169 2121 344 2162 bellum
376 2122 430 2162 ab
459 2121 543 2162 hoc
573 2135 663 2162 esse
693 2121 936 2178 repetitam.
1000 2120 1232 2161 Mulierem
1255 2135 1354 2161 cum
1384 2120 1557 2160 emisset
1579 2118 1634 2164 de

186 2179 450 2230 sectoribus3
483 2194 569 2234 quo
591 2188 786 2234 tempore
808 2193 903 2220 eam
926 2178 1114 2234 primum
1136 2178 1314 2219 liberam
1337 2191 1428 2217 esse
1450 2176 1630 2228 audivit,

187 2236 463 2292 sinejudicio
493 2237 681 2277 reddidit
705 2236 866 2279 Coelio.
928 2235 1118 2276 Ennium
1141 2250 1232 2276 esse
1253 2234 1483 2291 quendam,
1506 2234 1630 2290 cujus
1646 2254 1718 2289 163

186 2294 301 2335 bona
323 2303 468 2335 teneat
490 2292 664 2335 Avitus.
717 2294 794 2335 Est
817 2294 887 2335 hic
912 2293 1078 2334 Ennius
1101 2308 1233 2349 egens
1255 2293 1446 2349 quidam,
1469 2292 1633 2333 calum-

185 2351 343 2403 niator,
366 2352 653 2392 mercenarius
671 2351 922 2408 Oppianici,
939 2353 1013 2406 qui
1035 2351 1271 2408 permultos
1291 2364 1425 2391 annos
1441 2350 1632 2404 quievit:

187 2409 341 2451 deinde
363 2409 594 2465 aliquando
617 2424 716 2450 cum
738 2424 860 2453 servo
884 2408 1005 2449 Aviti
1030 2409 1133 2449 furti
1154 2409 1245 2465 egit
1264 2426 1273 2451 ς
1306 2421 1443 2463 nuper
1465 2409 1519 2449 ab
1541 2408 1636 2464 ipso

181 2465 322 2513 *Avito
355 2477 500 2529 petere
531 2467 685 2524 coepit.
747 2467 836 2508 Hic
867 2467 939 2508 illo
971 2467 1139 2523 privato
1166 2465 1353 2522 judicio,
1387 2465 1513 2519 (mihi
1547 2479 1638 2507 cre-

230 2592 270 2627 67
293 2594 527 2632 necessariique
542 2592 738 2632 cognorunt]
760 2592 834 2622 Hoc
850 2603 890 2623 ex
932 2601 971 2621 us
984 2604 990 2621 τ
1013 2591 1100 2631 quod
1115 2591 1260 2632 praetuli,
1275 2591 1352 2631 quia
1367 2601 1443 2621 mox
1458 2594 1537 2621 sunt
1551 2591 1637 2621 villi-

187 2635 239 2666 ed.
267 2645 315 2676 pr.
339 2636 428 2666 Med.
455 2637 549 2666 Junt.
575 2635 647 2666 Ald.
676 2637 805 2667 Camer.
832 2636 890 2666 Sec.
934 2636 964 2665 ci
979 2635 1083 2671 Aviti,
1099 2634 1138 2665 de
1159 2635 1276 2674 quibus
1299 2643 1406 2664 sermo
1430 2638 1490 2664 est.
1536 2634 1588 2664 Sic
1603 2639 1638 2664 et

190 2678 321 2718 praetuli
348 2678 484 2718 vulgato
513 2683 752 2717 eognoverzmt:
776 2677 893 2708 melior
936 2677 1010 2707 aliae
1034 2677 1186 2716 quaedam
1209 2681 1287 2707 ante
1310 2677 1488 2707 Gruterum
1506 2675 1578 2706 edd.
1599 2682 1637 2706 ut

188 2725 239 2750 est
262 2726 297 2751 et
321 2722 424 2761 magis
449 2721 683 2752 Ciceronianus
699 2721 733 2750 in
748 2719 895 2751 clausula
938 2719 974 2749 P.
990 2720 1148 2750 Manutii.

193 2772 361 2794 numerus.
413 2764 515 2793 Porro
542 2767 725 2802 cognorunt
759 2767 809 2793 est
838 2772 896 2803 pro
981 2763 1022 2796 69
1045 2762 1152 2792 deberi
1172 2761 1321 2802 negavit]
1349 2762 1402 2793 Sic
1422 2771 1481 2802 pro
1503 2760 1639 2799 vulgato

187 2810 368 2844 agnorunt,
377 2805 582 2845 judicarunt.
939 2805 1064 2841 debere,
1079 2809 1166 2835 recte
1181 2804 1251 2835 edd.
1267 2814 1317 2845 pr.
1338 2807 1428 2835 1480.
1455 2803 1541 2834 Med.
1556 2803 1639 2832 item

235 2849 275 2880 68
301 2848 400 2889 hujus
428 2848 563 2888 villicos]
595 2849 647 2878 Sic
676 2858 734 2888 pro
762 2848 897 2888 vulgato
941 2847 1021 2877 Mss.
1035 2846 1152 2879 Dresd.
1167 2846 1219 2879 Fr.
1237 2847 1360 2888 Lquod
1371 2851 1404 2879 et
1415 2846 1536 2888 recepit
1550 2845 1642 2875 Gric-

188 2891 337 2922 villicum
361 2891 483 2932 reperit
504 2891 539 2922 in
555 2891 621 2922 Ms.
637 2891 775 2931 antiquo
792 2891 897 2933 Sylvi-
942 2891 1023 2920 vius.
