1907 3231
345 168 423 208 710
925 163 1173 200 ORATIO

348 267 510 309 scurius
533 266 750 308 voluntate
778 265 1016 317 hominum,
1039 266 1146 308 nihil
1177 267 1368 310 fallacius
1399 269 1562 311 ratione
1583 275 1676 310 tota
1694 277 1770 310 co-

313 370 317 375 ,
348 324 588 366 mitiorum.
649 324 758 371 Quis
789 323 894 364 74L.
926 299 1174 379 Philippum
1207 340 1372 367 summo
1403 325 1592 381 ingeniO,
1625 338 1769 381 opera,

220 449 251 481 p.
268 439 336 469 133·

349 381 501 438 gratia,
521 379 759 431 nobilitate,
788 395 812 420 a
835 379 900 420 M.
926 379 1146 421 Heiennio
1169 383 1354 438 supeiari
1387 396 1509 446 posse
1540 382 1770 423 arbitiatus

350 440 437 480 est?
478 437 572 493 quis
591 437 662 484 ’.Ω
695 435 911 486 Catulum,
942 435 1223 488 humanitate,
1264 439 1486 494 sapientia,
1520 438 1769 494 integritate

349 494 686 558 antecellentem,
716 497 793 533 7521
825 491 905 533 Cn.
939 492 1135 536 Manlio?
1166 495 1260 549 quis
1293 495 1360 536 M.
1384 496 1605 546 Scaurum,
1612 472 1769 535 e'homi-

346 566 445 600 nem
469 551 781 607 gravissimum,
795 548 933 590 civem
955 550 1193 605 egregium,
1216 550 1496 593 fortissimum
1515 560 1769 601 senatorem,

346 610 422 649 763,
439 609 500 655 Q
527 607 752 648 Maximo?
782 620 867 646 non
890 607 1018 646 modo
1056 607 1207 647 horum
1240 608 1425 649 nihilita
1456 608 1547 649 fore
1569 616 1768 665 putatum

345 676 423 716 est,
447 665 517 705 sed
537 678 588 704 ne
611 678 708 704 cum
730 673 839 703 esset
861 662 1022 704 factum
1042 664 1229 718 quidem,
1243 679 1372 720 quare
1393 665 1454 705 ita
1469 665 1629 706 factum
1645 671 1771 714 esset,

346 721 527 777 intelligi
551 721 705 776 potuit.
750 720 861 760 Nam
885 728 932 760 ut
954 730 1226 785 tempestates
1241 736 1355 777 saepe
1372 730 1490 762 certo
1512 721 1654 777 aliquo
1673 720 1769 763 caeli

347 779 470 833 signo
489 785 827 827 commoventur,
844 791 958 832 saepe
977 777 1209 832 improviso
1232 778 1346 818 nulla
1366 792 1420 819 ex
1443 787 1560 819 certa
1589 778 1770 841 ratione,

347 836 530 875 obscula
565 834 707 889 aliqua
737 848 789 874 ex
829 849 956 874 causa
993 835 1262 876 excitantur:
1295 836 1355 876 sic
1386 835 1430 875 in
1465 835 1545 876 hac
1575 834 1775 879 comitio·-

346 907 440 932 ium
471 900 723 947 tempestate
745 891 954 946 populari,
985 906 1099 946 saepe
1130 892 1357 948 intelligas,
1387 906 1474 947 quo
1496 892 1621 948 signo
1649 905 1769 933 60111-Ι

346 958 464 989 mota
485 949 564 1001 sit;
597 962 709 1003 saepe
731 948 792 988 ita
813 949 995 988 obscura
1016 957 1093 999 est,
1112 959 1159 989 ut
1181 964 1280 990 casu
1302 949 1496 990 excitata
1515 963 1606 990 6556
1629 948 1771 990 videa-

268 1005 332 1052 18
348 1014 428 1046 tui.
490 981 572 1046 Sed
595 1015 751 1056 tamen,
770 1005 804 1045 si
823 1015 887 1045 est
907 1005 1120 1046 reddenda
1146 1006 1269 1057 ratio,
1291 1006 1387 1046 duae
1409 1019 1474 1046 res
1499 1006 1770 1047 vehementer

281 1076 334 1114 37

346 1063 388 1103 in
409 1072 595 1126 praetura
615 1062 863 1102 desideratae
887 1070 999 1112 sunt,
1019 1077 1113 1116 quae
1137 1064 1275 1103 ambae
1297 1063 1364 1096 77
1356 1078 1400 1104 ln
1422 1062 1645 1104 consulatu
1666 1061 1770 1102 Mu-

344 1134 456 1160 renae
479 1118 755 1175 piofuerzunt
789 1134 872 1159 una
876 1120 1165 1174 ,exspectatio
1185 1120 1385 1170 munais,
1412 1134 1508 1174 quae
1538 1127 1582 1160 et
1600 1132 1769 1160 rumore

342 1176 562 1226 nonnullo,
586 1184 628 1216 et
651 1176 800 1216 studiis
820 1176 1176 1240 sermonibusque
1197 1177 1529 1240 competitorum
1546 1184 1770 1222 creverat:

344 1234 489 1285 alteia,
503 1233 641 1288 quod
632 1233 676 1284 ii,
692 1248 797 1288 quos
817 1233 860 1273 in
881 1233 1103 1289 provmcia
1115 1249 1165 1275 ac
1178 1233 1392 1290 legatione
1406 1248 1545 1274 omnis
1558 1242 1601 1273 et
1613 1232 1769 1274 libera-

342 1290 475 1331 litatis
494 1300 537 1331 et
561 1291 729 1331 viltutis
753 1306 839 1331 suae
870 1299 997 1330 testes
1021 1290 1241 1342 habuerat,
1264 1291 1454 1331 nondum
1487 1290 1771 1332 decesse1ant.

345 1347 514 1389 Horum
534 1357 761 1402 utrumque
779 1348 816 1388 ei
832 1347 1004 1388 fortuna
1023 1348 1075 1388 ad
1098 1323 1342 1389 consulatus
1366 1347 1620 1403 petitionem
1637 1360 1771 1393 reser-

344 1406 475 1445 vavit.
507 1420 602 1445 nam
626 1414 668 1445 et
695 1405 743 1445 L.
762 1404 927 1445 Luculli
949 1405 1177 1456 exercitus,
1199 1405 1271 1460 qui
1303 1405 1355 1446 ad
1375 1404 1640 1461 triumphum
1667 1417 1772 1447 con·

343 1470 533 1512 v·ene1at,
576 1462 688 1502 idem
722 1476 864 1502 comes
902 1461 950 1502 L.
980 1461 1177 1503 Murenae
1216 1471 1373 1518 praesto
1404 1461 1511 1503 fuit.
1542 1469 1586 1501 et
1617 1471 1772 1518 munus

343 1494 670 1574 amplissimum,
709 1519 823 1573 quod
864 1519 1016 1574 petitio
1059 1528 1258 1575 piaetuiae
1297 1522 1336 1553 78
1347 1518 1631 1568 desiderabat,
1662 1531 1784 1573 praeae

280 1585 329 1617 38
344 1588 437 1616 tura
458 1577 658 1616 restituit.
720 1576 836 1616 Num
859 1575 938 1616 tibi
960 1575 1054 1617 haec
1077 1590 1208 1631 parva
1228 1575 1426 1616 videntur
1459 1574 1709 1629 adjumenta
1728 1582 1773 1615 et

300 2094 332 2126 b.

343 1633 532 1673 subsidia
560 1632 832 1674 consulatus?
874 1631 1068 1673 voluntas
1101 1632 1315 1674 militum?
1356 1646 1454 1686 quae
1491 1645 1588 1671 cum
1626 1644 1701 1685 per
1727 1644 1771 1671 se

339 1690 453 1730 valet
471 1689 758 1739 multitudine,
781 1704 879 1729 cum
900 1689 1012 1744 apud
1038 1704 1134 1729 suos
1164 1689 1327 1744 glatia3
1369 1697 1460 1729 tum
1482 1702 1582 1728 vero
1604 1687 1648 1728 in
1666 1701 1770 1728 con-

340 1746 427 1786 sule
461 1746 713 1786 (leclarindo
754 1746 937 1786 inultum
969 1746 1098 1786 etiam
1132 1745 1244 1801 apud
1281 1745 1525 1786 universum
1564 1743 1772 1799 populum

339 1802 464 1843 Rom
457 1817 583 1842 inum
623 1802 889 1843 auctoritatis
922 1803 1066 1843 h.abet
1099 1801 1349 1858 suffragatio
1381 1800 1604 1843 militaris?
1635 1800 1771 1856 impe-

338 1869 498 1900 rat01es
520 1861 635 1899 enim
665 1860 852 1900 comitiis
877 1860 1184 1924 consulatibuS,
1206 1873 1293 1899 non
1315 1860 1542 1899 v·e1boium
1563 1857 1771 1921 interpre-

340 1925 403 1956 tes
432 1916 691 1971 defiguntur.
720 1931 849 1971 quale
879 1917 1020 1972 glavis
1053 1926 1118 1957 est
1147 1916 1219 1956 illa
1249 1915 1402 1966 oratio,
1423 1929 1486 1956 me
1507 1913 1688 1955 saucium
1709 1927 1771 1960 rev

341 1980 523 2015 cieavzt:
556 1988 615 2013 me
639 1973 781 2027 ptaecla
810 1973 1005 2015 donavit.-
1036 1973 1108 2014 hoc
1139 1972 1238 2013 duce
1272 1979 1404 2014 castra
1437 1971 1624 2036 cepimus,
1653 1970 1772 2027 signa

342 2029 601 2071 contulimus.-
633 2044 849 2086 numquam
871 2031 942 2071 isle
966 2029 1059 2085 plus
1094 2029 1217 2070 militi
1248 2028 1399 2070 laboris
1428 2028 1631 2083 imposuit,
1652 2041 1771 2083 quam

341 2086 420 2127 sibi
452 2087 589 2127 sumsit
621 2101 844 2140 zpse5011m
870 2086 1016 2143 fodis,
1050 2094 1134 2128 tum
1163 2086 1285 2128 etiam
1303 2084 1430 2142 felix.
1493 2085 1593 2126 Hoc
1619 2084 1769 2148 quanti

341 2153 465 2200 putas
487 2158 577 2184 esse
608 2144 660 2184 ad
691 2143 849 2185 famam
881 2144 1104 2185 hominum
1136 2158 1185 2184 ac
1216 2143 1509 2184 voluntatem?
1538 2142 1712 2194 etenim,
1734 2140 1770 2194 si

377 2312 418 2342 74
442 2310 483 2340 L.
500 2309 776 2349 Philippum—ab
798 2308 847 2339 M.
865 2308 937 2338 He?
939 2310 1031 2339 ennio
1074 2309 1137 2348 legi
1152 2308 1235 2344 vult,
1252 2308 1291 2338 ad
1305 2308 1361 2338 Or.
1373 2317 1432 2348 pro
1449 2307 1558 2338 Plane.
1574 2309 1604 2337 5.

333 2362 358 2381 s.
368 2352 419 2391 μ]
444 2351 570 2391 Nempe
584 2356 695 2382 mator
715 2360 862 2380 summus
877 2361 896 2380 a
910 2351 1031 2382 medio-
1106 2332 1156 2384 b76
1168 2361 1189 2380 α
1201 2350 1244 2390 O.
1260 2349 1421 2389 Maxmo]
1436 2349 1497 2386 Eo,
1513 2348 1771 2398 quicognomine

335 2395 392 2424 cri.
417 2404 444 2424 v,
469 2394 503 2423 in
530 2393 623 2423 Brut.
644 2397 695 2424 45.
743 2393 850 2432 Opera
871 2393 1031 2432 intellige,
1075 2393 1109 2423 F
1113 2393 1235 2422 burnus
1259 2392 1364 2422 dictus
1386 2398 1448 2428 est,
1472 2401 1529 2432 per
1544 2394 1672 2430 jocum,
1695 2399 1771 2431 pros·

335 2436 468 2473 forensi,
482 2441 521 2465 ut
536 2435 616 2465 bene
632 2436 804 2470 Gruterus,
820 2436 874 2473 qui
888 2435 972 2466 hanc
987 2435 1032 2465 16-
1075 2440 1148 2475 pter
1162 2435 1325 2473 insignem
1340 2434 1524 2464 candorem

337 2478 479 2508 ctionem
493 2477 637 2507 defendit
648 2477 798 2508 adversus
813 2486 879 2513 eos,
890 2477 944 2516 qui
958 2487 1033 2507 cum
1116 2480 1155 2509 77
1180 2486 1215 2506 m
1226 2477 1396 2506 consulatu
1410 2480 1481 2506 tum
1502 2475 1585 2505 Mur
1587 2474 1609 2513 .]
1634 2474 1771 2513 Semper

338 2519 554 2550 Hotomanno
568 2529 733 2549 correxere
747 2520 866 2558 opibus.
912 2519 971 2548 Est
984 2530 1033 2555 ea,
1077 2529 1128 2548 me
1142 2518 1277 2548 offendit
1290 2517 1351 2547 hoc
1367 2522 1450 2554 tum,
1466 2515 1574 2564 quod
1567 2525 1601 2545 m
1618 2520 1770 2555 proetura

337 2571 408 2601 qna·
426 2561 504 2591 alias
520 2562 682 2591 industria
700 2562 827 2601 proprie
841 2561 971 2590 dicitur.
1077 2561 1207 2596 ferrem,
1225 2569 1290 2589 non
1314 2560 1349 2589 in
1371 2569 1405 2589 re
1427 2558 1572 2599 proxime
1596 2562 1697 2597 gesta.
1709 2567 1768 2587 na-

378 2606 417 2636 75
441 2614 460 2633 α
482 2604 536 2632 (ln.
560 2603 700 2641 Manlio]
721 2602 864 2632 Homine
888 2602 1033 2642 ignobili.
1077 2610 1100 2631 t·
1097 2612 1149 2631 ini
1163 2607 1213 2631 est
1237 2612 1254 2631 6
1278 2602 1472 2640 repetitione
1486 2599 1614 2635 thimae
1636 2598 1771 2638 syllabae

336 2655 367 2674 v.
396 2645 506 2675 Plane.
529 2647 558 2674 5.
589 2644 648 2675 Ed.
671 2646 723 2675 W.
749 2645 901 2680 Mantua,
931 2645 1030 2674 solita
1074 2645 1107 2673 in
1123 2646 1304 2678 consulatu,
1318 2647 1352 2672 et
1367 2643 1472 2683 prima
1493 2641 1588 2671 litera
1610 2641 1768 2672 Murenoe.

337 2687 537 2717 confusione.
593 2687 632 2716 ln
659 2687 860 2727 praenomine
889 2686 1030 2716 hominis
1074 2686 1112 2715 In
1136 2686 1200 2715 Ms.
1223 2665 1330 2715 Guelf.
1354 2684 1433 2714 adeo
1455 2690 1504 2713 est
1527 2683 1735 2713 cana-ulmum
1750 2693 1770 2713 a

337 2729 437 2758 etiam
451 2728 589 2757 varietas
604 2734 665 2765 est,
682 2729 752 2759 aliis
767 2728 815 2757 M.
834 2728 906 2758 aliis
922 2728 958 2759 C.
974 2739 1029 2768 ap·
1074 2738 1116 2757 m.
1132 2737 1179 2767 pr.
1228 2728 1306 2757 Non
1339 2725 1464 2763 dubito,
1488 2725 1567 2765 quin
1593 2723 1770 2758 delendum

336 2770 545 2809 pellantibus.
560 2780 588 2800 v.
604 2771 628 2799 si
645 2771 763 2809 placet,
779 2769 977 2810 Interpretes
990 2770 1031 2800 ad
1075 2770 1128 2799 sit.

336 2812 481 2848 Ve11.11‚
511 2814 557 2842 133.
581 2812 634 2841 ubi
657 2820 691 2842 et
713 2813 852 2843 Mallius
871 2812 1029 2850 scriptum
1113 2813 1152 2844 78
1176 2809 1391 2848 desiderabat]
1430 2809 1548 2839 Nescio
1563 2818 1605 2839 an
1626 2817 1704 2838 vera
1722 2805 1770 2850 la-

336 2854 508 2894 reperitur,
519 2858 554 2883 et
566 2854 715 2884 Coi-tium
725 2855 765 2884 ad
782 2854 914 2884 Sallust.
931 2854 1028 2885 Catil.
1072 2852 1186 2884 tinitas
1201 2851 1359 2884 desideret
1370 2851 1583 2882 desiderarat.

336 2898 388 2932 ΞΗ.
418 2897 453 2927 P.
482 2896 654 2927 Manutius
677 2903 789 2928 autem
808 2896 839 2926 h.
861 2896 883 2928 1.
911 2896 1030 2929 Mallio
