1907 3231
351 149 432 189 700
946 148 1192 186 ORATIO

353 264 422 292 re.
454 260 532 291 nec
552 249 659 291 mihi
682 265 882 307 umquam
904 253 1044 293 minus
1064 252 1106 291 in
1130 252 1187 298 Q.
1208 251 1432 308 Pompeio,
1453 265 1566 293 novo
1581 249 1774 301 homin'e,

354 316 397 348 et
419 306 651 348 fortissimo
675 323 779 357 viro,
804 309 971 349 virtutis
993 323 1083 348 esse
1107 309 1242 349 visum
1272 319 1349 359 est,
1372 323 1500 363 quam
1524 309 1568 348 in
1598 308 1774 348 homine
1809 326 1812 333 ·

353 363 635 413 nobilissimo,
657 364 722 406 M.
746 366 937 406 AEmilio.
1000 365 1170 405 Etenim
1192 341 1381 420 ejusdein
1406 365 1535 406 animi
1558 373 1687 419 atque
1708 364 1773 405 in-

353 421 468 476 genii
491 430 568 471 est,
593 423 770 476 postelis
794 422 893 471 suis,
916 422 1028 475 quod
1056 421 1285 477 Pompeius
1309 422 1425 473 fecit,
1448 421 1776 477 amplitudinem

353 478 554 527 nominis,
585 493 711 533 quun
734 494 820 518 non
849 479 1076 533 acceperit,
1099 480 1287 520 trzadere
1318 489 1375 529 et,
1399 489 1445 520 ut
1468 480 1665 527 Scaurus,
1687 491 1776 518 me·

353 534 533 574 moriam
564 549 696 590 prope
727 535 1046 575 intermmtuam
1079 536 1245 589 generis
1278 536 1356 587 sui,
1380 536 1536 576 virtute
1558 548 1778 576 renovare.

309 591 341 637 8
357 592 556 645 Quamqu
563 606 626 631 im
648 606 728 646 ego
744 591 836 645 jam
862 593 1078 647 putabam,
1079 568 1279 648 tJudices,
1302 592 1446 632 multis
1469 593 1568 633 viris
1591 591 1776 633 fortibus

298 663 345 700 17
358 663 410 689 ne
438 648 684 703 ignobilitas
714 649 974 703 objiceretur
1007 649 1187 705 generis,
1221 663 1316 689 meo
1349 649 1492 689 labore
1524 663 1614 689 esse
1640 647 1778 704 perfe-

356 705 772 759 ctu111220qui‚non
794 705 921 746 modo
945 694 1101 756 Curiis,
1126 706 1378 755 Catonibus,
1397 707 1432 736 21
1453 705 1779 760 Pompeiis,an-

355 762 485 816 tiquis
509 761 603 811 illis,
624 762 866 802 fortissimis
887 762 1000 813 viris,
1025 763 1146 803 novis
1166 738 1428 811 hominibus,
1451 763 1521 803 sed
1545 762 1610 803 his
1632 775 1777 802 recen-

354 819 484 868 tibus,
517 818 686 869 Mariis,
718 829 761 860 et
791 819 947 871 Didiis,
974 830 1018 861 et
1051 819 1204 861 Coeliis
1234 819 1633 868 commemorandis,
1658 818 1780 873 jace-

354 875 472 915 bant.
535 874 645 915 Cum
678 891 760 931 ego
785 891 882 917 vero
913 887 1034 918 tanto
1064 876 1286 917 intervallo
1317 876 1500 917 claustra
1521 877 1603 917 ista
1623 875 1780 915 nobili-

355 932 455 971 tatis
490 911 773 987 1ffet1egisse1m
807 943 853 974 ut
886 934 1026 975 aditus
1058 934 1110 974 ad
1141 932 1410 975 consulatum
1442 933 1634 988 posthac,
1667 932 1779 972 sicut

354 989 468 1051 apud
498 989 680 1043 majmes
703 1001 870 1031 nostros
893 991 989 1041 fuit,
1017 1006 1102 1031 non
1124 992 1261 1047 magis
1284 990 1515 1040 nobilitati,
1544 1004 1673 1044 quam
1695 988 1780 1030 vir-

356 1045 453 1095 tuti,
485 1056 672 1101 pateret.
707 1061 790 1088 non
825 1048 1075 1098 aubin-abar,
1105 1026 1222 1088 cume>
1230 1063 1284 1088 ex
1318 1047 1481 1087 familia
1503 1056 1643 1087 veteie
1663 1057 1707 1087 et
1728 1045 1778 1087 il-

355 1101 476 1142 lustri
503 1103 651 1143 consul
686 1105 932 1160 designatus
965 1106 1020 1145 ab
1051 1105 1207 1159 equitis
1242 1104 1427 1144 Romani
1458 1103 1561 1154 filio,
1591 1102 1780 1153 consule,

356 1159 667 1210 defendet-‚mm
690 1161 742 1201 de
761 1162 927 1225 generis
949 1162 1142 1202 novitate
1167 1171 1434 1202 accusatores
1455 1175 1546 1201 esse
1575 1160 1781 1201 dicturos.

337 1214 529 1256 -Etenim
563 1192 668 1258 milii
702 1217 783 1274 ipsi
819 1219 991 1269 accidit,
1022 1228 1067 1259 ut
1093 1233 1192 1259 cum
1218 1219 1386 1259 duobus
1420 1217 1624 1274 patriciis,
1646 1217 1779 1258 altero

356 1273 675 1337 improbissimo
697 1286 825 1330 atque
847 1275 1145 1339 audacissimo,
1169 1275 1301 1316 altero
1318 1275 1633 1316 modestissimo
1652 1283 1781 1328 atque

355 1331 522 1393 optimo
545 1346 651 1380 v·110‚
674 1343 886 1387 peterem.
920 1333 1115 1388 superavi
1137 1342 1279 1373 tamen
1301 1332 1512 1388 dignitate
1535 1330 1782 1380 Catilinam,

356 1388 495 1443 gratia
517 1388 717 1429 Galbam.
778 1389 944 1435 Quodsi
969 1390 1011 1429 id
1033 1404 1194 1430 crimen
1217 1389 1380 1430 homini
1403 1404 1516 1429 novo
1543 1402 1632 1429 esse
1653 1387 1782 1429 debe-

358 1454 442 1485 ret:
475 1444 671 1499 profecto
703 1445 809 1486 mihi
843 1460 980 1501 neque
1007 1446 1186 1497 inimici,
1210 1460 1346 1501 neque
1375 1446 1510 1487 invidi
1531 1444 1782 1486 defuissent.

300 1510 347 1546 18
361 1500 650 1542 Omittamus
641 1503 773 1558 igitur
791 1503 843 1543 de
855 1517 1010 1559 genere
1028 1504 1183 1554 dicere,
1205 1518 1327 1558 quus
1345 1512 1411 1544 est
1431 1517 1588 1559 magna
1603 1502 1648 1543 in
1667 1510 1784 1542 utro-

303 2307 530 2342 19curre1e
558 2300 691 2340 virtus
726 2301 1017 2356 cognoscique
1049 2309 1206 2357 posset.

358 1573 440 1614 que
461 1536 683 1615 dignitas:
706 1560 924 1601 videamus
945 1569 1100 1601 cetera.

415 1592 690 1661 Quaesturam
713 1631 797 1657 una
819 1617 957 1672 petiit,
979 1627 1023 1657 et
1045 1631 1137 1657 sum
1159 1630 1241 1671 ego
1264 1616 1402 1657 factus
1424 1615 1553 1672 prior.
1597 1614 1695 1656 Non
1719 1622 1785 1654 est

355 1673 699 1728 respondendum
731 1674 782 1714 ad
816 1688 975 1713 omnia.
1009 1687 1146 1727 neque
1172 1673 1287 1713 enim
1316 1687 1574 1728 quemquam
1596 1669 1785 1712 vestrum

357 1728 486 1784 fugit,
509 1744 607 1770 cum
629 1729 753 1770 multi
778 1745 898 1786 pares
915 1731 1126 1786 dignitate
1144 1730 1274 1781 fiant;
1305 1745 1412 1770 unus
1435 1739 1578 1770 autem
1600 1728 1786 1792 primum

359 1786 472 1826 solus
496 1786 630 1841 possit
659 1787 877 1828 obtinere:
910 1802 996 1827 non
1023 1787 1204 1828 eundem
1235 1801 1325 1827 esse
1347 1786 1539 1828 ordinem
1561 1784 1787 1840 dignitatis

358 1852 402 1882 et
434 1843 788 1886 renuntiationis:
823 1855 1047 1900 propterea
1082 1844 1197 1899 quod
1232 1844 1492 1884 ienuntiatio
1523 1842 1678 1898 gradus
1712 1841 1787 1882 ha-

359 1900 472 1949 beat,
511 1900 699 1955 dignitas
739 1910 881 1941 autem
922 1902 977 1941 sit
1018 1915 1207 1956 persaepe
1248 1902 1395 1942 eadem
1436 1914 1642 1941 omnium.
1704 1897 1788 1939 Sed

358 1966 577 2010 quaestura
598 1958 819 2012 uniusque
841 1959 1152 2022 propemodum
1181 1958 1270 2013 pali
1301 1967 1519 1999 momento
1543 1955 1668 1997 εοιῖίε
1689 1954 1788 1996 fuit.

363 2012 532 2054 Habuit
565 2014 636 2054 hic
658 2015 751 2070 lege
772 2013 886 2055 Titia
917 2016 1183 2070 prov-inciam
1218 2015 1392 2056 tacitam
1419 2024 1462 2055 et
1493 2014 1708 2068 quietam:
1739 2020 1787 2052 tu

361 2070 492 2119 illam,
515 2073 555 2102 2⁶.)
568 2071 652 2120 cui,
675 2085 770 2111 cum
794 2083 1028 2126 quaestores
1051 2072 1300 2122 s01tiuntur,
1321 2073 1451 2112 etiam
1475 2070 1699 2112 acclamari
1721 2084 1789 2110 so-

362 2127 434 2177 let,
459 2127 717 2179 Ostiensem,
741 2143 824 2169 non
851 2139 935 2169 tam
969 2129 1216 2181 gmtiosam,
1239 2138 1282 2169 et
1305 2129 1526 2177 illustrem,
1555 2141 1682 2182 quam
1718 2140 1790 2166 ne-

364 2185 577 2240 gotiosam
599 2195 643 2225 et
664 2185 901 2226 molestam.
958 2182 1167 2226 Consedit
1187 2187 1407 2241 utriusque
1428 2199 1583 2227 nomen
1608 2198 1648 2224 1n
1672 2198 1791 2238 quae-

364 2251 493 2282 stura.
527 2241 689 2282 nullum
721 2243 835 2283 enim
868 2243 988 2284 vobis
1017 2258 1106 2284 sors
1141 2257 1340 2299 campum
1373 2243 1505 2293 dedit,
1528 2242 1571 2282 in
1601 2255 1687 2296 quo
1715 2254 1792 2280 ex-

1258 2299 1430 2356 Reliqui
1461 2297 1665 2359 temporis
1698 2311 1794 2353 spa-

401 2429 441 2458 L2'0
462 2429 528 2468 qui,
544 2438 576 2458 n.
593 2439 634 2458 m.
655 2428 1055 2459 Curiis—commemoran-

1096 2429 1147 2459 sul
1168 2429 1244 2466 fuit,
1267 2428 1409 2468 adeoque
1432 2428 1466 2458 in
1486 2427 1629 2466 antiquis
1651 2435 1795 2456 comme-

359 2471 408 2500 dis
423 2469 596 2509 jacebant]
621 2470 783 2501 ducebant
806 2471 882 2509 quid
904 2472 959 2507 sit,
976 2482 1004 2500 v.
1022 2472 1055 2501 in

1098 2472 1218 2501 morari
1238 2481 1303 2500 non
1324 2471 1448 2510 potuit:
1475 2471 1507 2500 in
1526 2480 1590 2509 quo
1611 2474 1718 2498 errat.
1743 2468 1793 2497 in-

360 2512 468 2542 Clave.
512 2513 554 2542 At
579 2512 689 2552 paullo
713 2512 824 2542 durius
847 2513 928 2543 dixit
953 2513 1058 2543 Curiis

357 2556 656 2590 commemorandis,
682 2564 741 2594 pro
766 2564 854 2591 cum,
881 2557 930 2585 vel
956 2565 1060 2594 quan-

359 2606 456 2633 quam
471 2601 766 2626 commemorarent
781 2597 895 2627 Curios
911 2598 969 2628 ἃς.
985 2598 1054 2628 scil.

359 2643 397 2667 ut
411 2639 632 2674 ostenderent,
653 2639 832 2668 novitatem
849 2640 975 2677 generis
995 2640 1055 2669 sibi

358 2680 469 2709 obesse
482 2690 546 2710 non
557 2681 684 2717 debere,
697 2690 770 2710 cum
787 2681 899 2710 multis
909 2682 978 2711 aliis
990 2692 1056 2711 non

359 2722 511 2752 obfuerit.
550 2722 611 2752 Sed
635 2722 704 2752 haec
726 2723 832 2753 fornia
854 2724 955 2754 etiam
979 2724 1056 2755 alibi

359 2769 409 2801 est
426 2763 510 2803 apud
526 2764 727 2794 Ciceronem.

401 2808 438 2836 21
466 2805 642 2845 Pompeiis]
670 2806 707 2835 In
729 2806 778 2836 his
801 2806 904 2836 haeret
928 2807 962 2837 P.
986 2807 1059 2838 Ma-

361 2849 486 2883 nutius,
503 2848 588 2886 quod
603 2852 698 2888 putat
714 2854 790 2878 ante
806 2849 845 2888 2.
865 2849 1056 2889 Pompeium

360 2890 513 2930 intelligi,
527 2891 581 2929 qui
597 2890 963 2922 Cieeroneadolescente
971 2892 1056 2922 Con-

1098 2513 1357 2552 telligendusque
1367 2514 1407 2552 Q.
1423 2513 1594 2552 Pompeius
1603 2510 1679 2541 Auli
1693 2509 1794 2546 filius,

1101 2557 1154 2594 qui
1170 2566 1199 2585 a.
1214 2566 1247 2585 u.
1263 2556 1334 2585 612.
1359 2555 1481 2585 Consul
1494 2554 1568 2584 fu1t
1580 2563 1608 2582 v.
1624 2553 1737 2587 Burm.
1753 2550 1794 2582 ad

1096 2597 1210 2628 Vellei.
1225 2597 1288 2633 111,
1308 2600 1336 2633 l,
1352 2600 1382 2627 4.

1139 2642 1179 2671 ⁶22
1201 2641 1395 2669 eui—etiam
1413 2639 1594 2669 acclamari
1615 2636 1706 2675 solet]
1732 2635 1794 2666 Est

1098 2682 1251 2721 aquaria,
1270 2691 1367 2720 quam
1391 2680 1504 2710 Cicero
1523 2678 1665 2719 appellat
1680 2677 1792 2708 Vatin.

1099 2727 1128 2754 5.
1172 2723 1211 2753 Ei
1238 2723 1491 2758 acclamabatur,
1519 2731 1636 2761 nempe
1668 2718 1793 2750 ridendi

1101 2775 1224 2801 caussa,
1241 2771 1375 2805 propter
1388 2764 1636 2811 ambiguitatem
1651 2762 1748 2792 verbi.
1763 2770 1796 2791 v.

1100 2808 1208 2838 dicta'
1201 2818 1234 2838 in
1248 2808 1387 2838 Clav.ev
1400 2807 1570 2848 aquarius,
1581 2810 1615 2835 et
1625 2804 1696 2836 add.
1707 2803 1796 2845 Lips-

1100 2850 1192 2881 Lect.
1208 2852 1285 2881 Ant.
1299 2860 1327 2880 c.
1345 2851 1391 2880 12.
