1907 3231
409 130 533 168 ACT.
559 129 611 166 II.
656 125 841 165 LIBER
875 125 1202 164 SECUNDUS.
1445 128 1523 163 2²23

93 231 139 273 in
169 231 315 274 multis
335 241 514 274 conatus
542 241 633 273 est:
665 230 795 272 modo
816 229 911 271 haec
942 228 1087 278 faciat,
1107 243 1204 283 quae
1236 227 1355 269 facit.
1415 228 1526 276 Quis

94 289 209 330 enim
223 304 423 344 umquam
444 298 564 330 tanta
579 304 602 329 a
621 302 838 343 quoquam
859 285 1132 336 contumelia,
1142 284 1240 343 ,quis
1263 294 1382 325 tanta
1402 286 1526 341 igno-

93 347 228 387 minia
251 346 429 387 affectus
461 350 552 388 est?
586 346 753 392 Quinto
783 358 954 400 quoque
987 357 1099 383 anno
1131 341 1279 382 Sicilia
1309 351 1399 382 tota
1426 357 1526 383 cen-

94 413 224 444 setur.
249 412 341 443 erat
366 417 493 444 censa
523 414 706 459 praetore
740 402 969 443 Peducaeo.
1000 400 1173 454 quintus
1206 412 1341 438 annus
1363 413 1461 438 cum
1486 409 1526 439 te

94 469 277 515 praetore
299 459 532 510 incidisset,
556 475 684 500 censa
703 460 844 500 denuo
863 467 941 499 est.
965 467 1135 513 postero
1159 470 1270 496 anno
1295 454 1344 495 L.
1367 454 1526 495 Metel-

91 517 157 557 lus
177 517 441 557 mentionem
464 519 525 558 tui
549 531 699 557 census
728 517 818 557 fieri
841 524 984 556 vetat:
1016 526 1212 560 censores
1243 512 1349 553 dicit
1379 512 1431 552 de
1462 512 1527 552 in-

93 581 216 629 tegro
239 574 320 614 sibi
344 574 476 614 creari
500 574 689 630 placere:
722 574 883 614 interea
913 571 1229 612 Peducaeanum
1251 583 1426 610 censum
1448 570 1527 610 ob-

93 631 250 672 servari
274 631 417 686 jubet.
481 631 580 672 Hoc
615 632 649 671 si
674 640 770 672 tuus
802 630 1000 671 inimicus
1022 628 1101 668 tibi
1124 628 1309 677 fecisset,
1331 628 1524 667 63tamen

93 687 174 728 etsi
195 687 339 729 animo
362 702 486 743 aequo
517 689 739 744 provincia
760 688 939 736 tulisset,
962 685 1125 726 inimici
1148 684 1363 740 judicium
1394 698 1525 739 grave

95 744 323 786 videretur.
346 744 450 786 fecit
480 747 642 786 amicus
663 759 822 795 recens,
843 753 887 784 et
908 753 1117 798 cognatus
1138 741 1418 783 voluntarius.
1448 740 1525 786 ali-

94 810 159 842 ter
179 802 308 852 enim,
333 803 366 842 si
389 803 654 859 provinciam
677 802 873 851 retinere,
896 800 929 840 si
953 800 1090 839 salvus
1114 799 1204 854 ipse
1234 799 1277 838 in
1303 798 1526 854 provincia

95 857 222 899 vellet
251 874 356 910 esse,
389 860 529 900 facere
563 874 651 899 non
684 859 841 914 potuit.
902 856 1139 912 Exspectas
1172 856 1317 906 etiam,
1346 855 1449 910 quid
1478 855 1522 896 hi
1537 849 1606 906 57

88 914 316 970 judicent?
350 917 394 957 Si
428 917 506 957 tibi
538 917 836 971 magistratum
859 915 1122 969 abrogasset,
1143 914 1309 954 minore
1339 912 1615 968 ignomi-14o

94 973 168 1013 nia
190 982 231 1014 te
253 973 480 1023 affecisset,
503 988 630 1028 quam
652 988 751 1013 cum
773 988 836 1023 ea,
859 987 955 1027 quae
987 972 1029 1011 in
1054 970 1309 1026 magistratu
1339 969 1525 1025 gessisti,

95 1030 267 1071 sustulit
298 1040 426 1085 atque
458 1031 577 1071 irrita
599 1030 731 1085 jussit
760 1044 864 1070 esse.
925 1029 1078 1083 Neque
1099 1028 1142 1069 in
1166 1027 1246 1069 hac
1267 1042 1311 1068 re
1332 1027 1422 1068 sola
1441 1026 1526 1067 fuit

95 1086 334 1141 ejusmodi3
366 1087 452 1137 sed,
474 1097 704 1142 antequam
726 1102 807 1143 ego
831 1087 873 1127 in
905 1085 1096 1127 Siciliam
1115 1086 1226 1136 veni,
1249 1085 1293 1125 in
1323 1084 1524 1125 maximis
1537 1105 1568 1135 p.
1585 1097 1654 1130 137.

95 1144 222 1184 rebus
252 1159 301 1185 ae
330 1144 540 1200 plurimis.
573 1159 671 1185 nam
701 1155 743 1185 et
774 1144 978 1185 Heraclio
1005 1142 1274 1198 Syracusano
1307 1151 1403 1183 tuos
1432 1141 1568 1182 illosa·

95 1200 351 1257 palaestritas
388 1202 501 1242 bona
528 1202 750 1242 restituere
778 1200 922 1256 jussit,
955 1208 999 1240 et
1033 1199 1222 1255 Epicrati
1258 1199 1454 1250 Bidinos,
1483 1209 1528 1239 et

96 1258 260 1314 pupillo
289 1257 581 1314 Drepanitano
602 1258 656 1299 A.
680 1258 934 1299 Claudium:
966 1266 1023 1308 et,
1044 1258 1126 1297 nisi
1152 1265 1317 1298 mature
1349 1256 1528 1297 Letilius

97 1316 142 1356 in
166 1315 355 1356 Siciliam
380 1317 565 1356 venisset
592 1330 690 1356 cum
723 1315 901 1366 litteris3
930 1314 1072 1354 minus
1107 1328 1211 1354 xxx
1246 1314 1396 1355 diebus
1429 1313 1529 1354 Me-

97 1372 222 1413 tellus
244 1382 379 1413 totam
403 1373 574 1413 triennii
597 1381 829 1428 praeturam
851 1381 967 1412 tuam
990 1371 1245 1412 rescidisset.

156 1428 226 1480 Et,
240 1430 442 1484 quoniam
458 1430 510 1470 de
531 1444 581 1470 ea
603 1430 798 1485 pecunia,
816 1443 945 1484 quam
960 1429 1039 1469 tibi
1058 1428 1110 1469 ad
1135 1439 1319 1469 statuam
1334 1442 1528 1469 censores
1544 1444 1616 1478 141

97 1487 385 1537 contulerunt,
418 1487 536 1538 dixi3
567 1501 652 1527 non
686 1487 793 1527 mihi
826 1485 1241 1542 praetermittendum
1276 1486 1444 1526 videtur
1476 1500 1530 1526 ne

99 1543 203 1584 illud
225 1544 398 1598 quidem
421 1558 556 1599 genus
579 1545 773 1599 pecuniae
796 1543 1053 1594 conciliatae,
1075 1558 1205 1598 quam
1227 1553 1273 1584 tu
1299 1558 1324 1583 a
1345 1543 1535 1584 civitati-

99 1601 179 1641 bus
203 1611 439 1642 statuarum
462 1601 635 1642 nomine
657 1601 858 1657 co'e'gisti.
918 1601 1056 1641 Video
1079 1601 1193 1641 enim
1215 1600 1308 1656 ejus
1339 1600 1535 1656 pecuuiae

99 1673 308 1699 summam
344 1672 434 1699 esse
469 1659 765 1714 pergrandem,
795 1659 836 1689 6⁴
849 1658 901 1699 ad
933 1657 1032 1699 H-S
1063 1672 1161 1699 cxx
1185 1657 1333 1699 millia.
1369 1666 1536 1698 tantum

99 1715 329 1757 conficitur
349 1730 403 1756 ex
427 1716 684 1757 testimoniis
707 1731 756 1757 ac
778 1715 930 1756 litteris
952 1715 1194 1757 civitatum.
1255 1715 1312 1756 Et
1341 1715 1421 1755 iste
1449 1713 1535 1756 hoc

99 1773 315 1824 concedit,
337 1787 414 1814 nec
437 1782 580 1828 potest
601 1773 724 1815 aliter
741 1773 896 1814 dicere.
919 1787 1049 1828 quare
1069 1773 1312 1828 cujusmodi
1334 1782 1536 1828 putamus

99 1844 192 1871 esse
214 1829 298 1880 illa,
321 1845 417 1885 quae
440 1840 584 1887 negat,
606 1845 705 1871 cum
727 1830 823 1872 haec
847 1840 935 1872 tam
966 1830 1164 1886 improba
1187 1831 1285 1881 sint,
1308 1845 1405 1885 quae
1428 1828 1537 1870 fate-

101 1890 197 1929 tur?
231 1887 348 1934 Quid
381 1887 496 1928 enim
534 1888 597 1928 vis
636 1888 870 1930 constitui?
919 1896 1190 1929 consumtam
1231 1902 1323 1929 esse
1362 1901 1536 1928 omnem

99 1944 228 1986 istam
259 1946 485 2000 pecuniam
516 1945 560 1985 in
589 1945 768 1987 statuis?
800 1945 885 1986 Fac
911 1945 972 1986 ita
992 1959 1097 1986 esse.
1125 1955 1268 1986 tamen
1289 1945 1373 1986 hoc
1395 1943 1536 1986 feren-

100 2002 204 2042 dum
226 2001 343 2042 nullo
366 2002 494 2042 modo
516 2010 594 2052 est,
617 2011 781 2043 tantam
810 2003 864 2043 ab
886 2002 1013 2043 sociis
1036 2003 1263 2058 pecuniam
1293 2000 1465 2052 auferri,
1487 2011 1535 2042 ut

101 2059 302 2100 omnibus
336 2060 378 2099 in
409 2059 664 2115 angiportiS,
687 2060 902 2115 praedonis
934 2060 1240 2115 improbissimi
1269 2069 1421 2101 statuae
1457 2073 1534 2114 po-

101 2125 272 2167 nantur,
298 2132 382 2171 qua
414 2117 488 2156 vix
523 2127 615 2156 tuto
648 2117 816 2158 transiri
846 2131 970 2174 posse
1001 2118 1210 2158 videatur.
1270 2118 1430 2158 Verum
1458 2116 1533 2157 ubi
1548 2110 1618 2160 58

102 2174 291 2224 tandem,
313 2185 387 2214 aut
418 2174 461 2214 in
484 2174 638 2228 quibus
671 2174 820 2215 statuis
852 2177 934 2215 ista
958 2183 1077 2215 tanta
1106 2175 1290 2231 pecunia
1309 2182 1536 2216 consumta
1548 2182 1623 2218 142

102 2234 195 2272 est?
227 2230 530 2281 Consumetur,
564 2231 745 2286 inquies.
806 2231 982 2273 Scilicet
1013 2242 1312 2288 exspectemus
1342 2230 1538 2286 65legiti-

102 2302 223 2330 mum
245 2288 349 2329 illud
370 2289 727 2343 quinquennium.
760 2288 794 2329 si
824 2288 908 2330 hoc
938 2289 1162 2330 intervallo
1184 2304 1271 2331 non
1293 2302 1539 2331 consumse-

144 2449 184 2480 63
207 2453 319 2480 tamen
343 2450 415 2490 etsi]
444 2449 552 2490 Vulgo
580 2454 657 2480 ante
681 2449 800 2480 Grute-
844 2462 871 2481 c.
898 2451 949 2486 69.
978 2452 1012 2481 in
1041 2452 1104 2482 Ms.
1142 2457 1320 2493 repertum.
1363 2453 1448 2484 Sane
1483 2453 1540 2486 illa

103 2501 177 2522 rum
203 2492 360 2522 edebatur
383 2498 493 2523 tamen
519 2493 558 2529 si,
585 2492 634 2522 vel
660 2494 800 2522 tametsi.
843 2503 972 2524 summa
988 2504 1053 2524 non
1069 2495 1197 2525 videtur
1208 2505 1276 2525 esse
1284 2497 1495 2536 pergrandis.

103 2532 238 2564 Rectius
259 2534 333 2564 libri
358 2535 436 2565 Mss.
453 2534 583 2573 quidam
598 2539 708 2564 tamen
729 2536 800 2571 etsi,
886 2537 926 2565 65
943 2538 1125 2575 legitimum
1140 2539 1162 2567 i.
1177 2537 1222 2577 q.]
1241 2538 1398 2578 Apparet,
1413 2538 1544 2578 legibus*

103 2584 135 2605 v-
159 2576 250 2606 Clav.
292 2577 355 2607 Sed
383 2583 492 2617 potest
516 2577 549 2607 h.
577 2577 599 2607 1,
624 2579 723 2607 etiam
751 2578 800 2607 in-
842 2577 939 2608 fuisse
975 2581 1194 2610 constitutum
1221 2586 1366 2620 tempus,
1393 2591 1456 2619 quo
1484 2592 1540 2622 pe·

103 2619 259 2658 terpungi
275 2624 347 2658 post
362 2625 482 2649 rumen.
526 2619 613 2649 Nam
629 2625 737 2658 potest
752 2629 801 2649 re·
843 2621 940 2650 cunia
954 2627 1214 2657 consumeretur,
1229 2633 1271 2652 sc.
1287 2623 1320 2652 in
1344 2633 1539 2653 monumen-

105 2660 181 2690 ferri
208 2660 247 2690 ad
274 2663 478 2692 antecedens.
523 2662 556 2691 Si
583 2662 734 2691 inimicus
756 2662 801 2691 fe·
843 2662 899 2697 tis,
936 2673 1073 2702 quorum
1112 2665 1243 2695 nomine
1274 2670 1407 2705 accepta
1435 2671 1536 2696 esset:

105 2702 214 2737 cisset,
227 2710 339 2733 tamen
352 2705 451 2734 etiam
467 2703 552 2733 illius
565 2704 689 2734 factum
706 2713 802 2743 grave
845 2704 871 2733 si
904 2704 936 2734 id
972 2715 1037 2736 non
1073 2706 1210 2744 facturn,
1239 2709 1341 2747 repeti
1376 2707 1539 2747 potuisse:

107 2750 203 2780 esset,
216 2746 277 2774 etsi
294 2747 460 2784 provincia
473 2745 613 2776 tulisset.
845 2747 930 2776 sieut
956 2748 1117 2778 manubiae
1143 2750 1189 2778 sic
1214 2749 1456 2787 consumendae,
1484 2754 1542 2780 aut

148 2785 189 2816 64
210 2786 256 2815 ad
278 2787 362 2818 H-›S'
383 2796 454 2818 cxx
477 2787 535 2826 m]
563 2788 627 2818 Hic
649 2796 805 2817 numerus
847 2788 881 2818 in
898 2790 1064 2829 publicum
1080 2790 1256 2822 inferendae
1271 2796 1378 2829 erant,
1393 2797 1432 2823 ut
1452 2796 1543 2833 patet

107 2828 249 2857 Grutero
280 2829 413 2860 vitiosus
448 2829 589 2867 videtur,
616 2830 671 2869 qui
707 2840 725 2860 e
752 2840 806 2860 ve·
848 2841 887 2862 ex
902 2833 1038 2871 Agraria
1052 2833 1201 2864 secunda.

108 2870 212 2909 stigiis
235 2870 313 2901 Mss.
333 2871 460 2912 colligit
475 2880 591 2904 ccmo.
605 2879 639 2903 et
661 2872 706 2902 sic
729 2872 805 2903 infr.
