1907 3231
420 105 649 144 ORATIO
681 108 798 146 PRO
831 108 879 147 L.
912 109 1187 152 MURENA.
1449 117 1525 157 693

85 207 220 262 pe'rio,
251 208 303 249 de
334 208 546 261 libertate,
573 211 626 251 de
661 212 796 253 salute
820 212 971 265 Italiae,
1004 215 1141 270 deque
1173 218 1371 260 universa
1399 235 1525 277 repu-

87 264 198 305 blica
220 265 435 307 decernite
455 267 697 323 diligenter,
713 279 759 310 ut
778 270 1037 322 instituistis,
1060 288 1108 313 ac
1132 273 1312 316 fortiter.
1372 280 1412 308 45
1432 279 1524 320 Ha-

85 322 195 362 betis
217 323 329 363 enim
352 338 449 363 eum
472 324 705 376 consulem,
728 328 799 381 qui
823 339 866 369 et
887 343 1032 384 parere
1056 331 1203 371 vestris
1234 333 1414 374 decretis
1437 351 1522 377 non

83 378 269 430 dubitet,
293 389 335 420 et
357 394 420 431 ea,
444 395 540 435 quae
577 385 824 436 statueritis,
849 386 989 441 quoad
1021 387 1149 439 vivet,
1180 389 1406 430 defendere
1426 394 1467 423 46
1480 403 1522 434 et

85 450 162 491 per
185 451 229 477 se
251 437 390 492 ipsum
415 451 617 493 praestare
633 442 784 496 possit.

119 550 160 579 45
198 547 338 580 Habetis
364 552 449 580 enim
478 562 550 582 eum
580 553 680 592 cons]
728 555 780 584 Sic
823 555 885 585 sit:
908 555 993 587 unde
1009 557 1153 587 Graevius
1169 558 1239 589 fieri
1255 559 1395 598 volebat,
1418 566 1449 591 et
1460 571 1522 601 per·

78 590 160 621 bene
173 591 244 621 edd.
261 592 315 623 W.
331 598 365 623 et
383 596 471 624 1430.
507 596 684 634 soquentes
697 597 779 627 omi·
821 607 854 627 se
862 599 981 637 ipsum,
993 601 1099 639 quoad
1106 603 1394 642 possit‚proestare.
1410 607 1521 635 rectis-

76 641 146 662 εει-ε
155 643 242 664 eum.
288 635 434 666 Graevius
453 638 611 675 restituit,
627 638 681 668 sed
693 638 778 669 dele·
820 640 912 670 sime.
958 641 1010 672 lta
1024 644 1228 674 concinnitas
1243 645 1280 674 fit
1291 645 1519 684 Ciceroniana,

78 675 126 705 vit
139 675 237 705 enim.
819 683 926 721 quaml
935 684 1169 724 rivet—quoad
1176 688 1285 726 possit.
1328 688 1454 719 Vitium
1469 700 1521 719 or-

118 717 160 747 46
181 722 213 747 et
230 727 292 758 per
305 729 338 749 se
358 720 463 759 ipsum
480 725 642 759 proestare
657 722 774 762 possit]
821 728 893 753 tum
908 730 957 754 est
975 736 1014 755 ex
1027 737 1078 762 eo,
1096 728 1182 766 quod
1206 733 1367 768 putarunt
1384 731 1518 769 librarii,

23 773 25 777 ·
73 758 95 788 ἰ.
119 770 147 790 e.
171 760 310 798 efficere,
335 768 372 792 ut
397 772 462 792 non
487 770 668 795 mutentur.
712 765 775 795 Sed
811 771 975 805 proestm·e
998 769 1137 808 pendere
1163 781 1181 800 a
1201 773 1296 802 verbo
1324 774 1441 812 possit.-
1464 774 1521 806 sed

76 801 139 832 hoc
175 802 301 833 videtur
323 805 504 843 jactantius
540 806 675 836 dictum.
732 807 771 837 In
816 808 936 848 pendet
953 820 972 840 a
987 820 1049 840 nou
1060 812 1195 843 dubitet.
1483 827 1487 831 ¹

75 843 138 874 Ms.
151 845 288 885 antiquo
303 851 390 877 erat·-
408 851 569 887 proestare
581 849 688 888 quoad
695 859 769 889 pos-

364 1028 434 1076 M.
481 1029 749 1078 TULLII
804 1031 1226 1084 CICERONIS

747 1137 839 1165 PRO

238 1214 1344 1297 LMURENA,

315 1333 556 1376 ORATIO
589 1333 816 1377 TERTIA
849 1336 924 1378 ET
955 1337 1274 1382 VICESIMA.

587 1509 992 1549 ARGUMENTUM.

74 1580 285 1617 Consulibus
306 1580 474 1616 Cicerone
491 1585 527 1616 et
543 1581 717 1619 Antonio,
748 1576 830 1614 cum
857 1579 1027 1617 Cicerone
1055 1583 1206 1618 comitia
1225 1585 1430 1622 consularia
1447 1586 1512 1622 ha-

123 1633 224 1668 bente
241 1633 416 1669 Decimus
435 1633 586 1668 Silanus
601 1637 635 1668 et
653 1631 697 1668 L.
719 1631 876 1668 Murena
894 1637 1008 1669 essent
1039 1635 1077 1669 in
1085 1631 1261 1682 futurum
1288 1647 1423 1674 annum
1451 1640 1511 1675 de-

121 1686 272 1732 signati,
301 1686 481 1733 repulsam
517 1689 637 1721 autem
675 1684 816 1720 tulisset
853 1684 950 1722 Serv.
980 1685 1192 1734 Sulpicius:
1221 1699 1263 1723 ea
1291 1691 1511 1728 contumelia

121 1741 318 1773 commotus
347 1737 540 1785 Sulpicius,
564 1738 718 1774 ambitus
747 1735 941 1772 Murenam
968 1740 1152 1774 accusavit
1179 1752 1259 1775 cum
1287 1741 1401 1777 tribus
1427 1744 1509 1779 sub-

121 1790 367 1837 scriptoribus,
385 1790 438 1826 M.
463 1790 608 1829 Catone,
632 1789 693 1825 Cn.
709 1789 897 1825 Postumio
916 1794 951 1825 et
976 1790 1075 1826 Serv.
1091 1790 1255 1839 Sulpicio
1272 1793 1508 1833 adolescente.

127 1842 254 1878 Tribus
285 1854 368 1889 ergo
396 1843 606 1882 actionibus,
633 1853 701 1889 pro
730 1840 829 1877 illius
859 1844 1028 1890 temporis
1056 1855 1163 1883 more,
1191 1856 1301 1880 causa
1328 1850 1380 1882 est
1399 1859 1507 1894 pero-

119 1898 215 1930 rata.
271 1895 401 1930 Prima
428 1896 569 1930 actione
608 1893 771 1943 defensus
803 1899 855 1930 est
883 1907 905 1930 a
934 1895 977 1936 Q.
1006 1895 1215 1936 Hortensio,
1253 1897 1373 1933 altera
1400 1911 1423 1934 α
1450 1900 1506 1937 Μ.

124 1947 264 1986 Crasso,
287 1949 396 1983 tertia
419 1959 441 1982 a
462 1947 630 1983 Cicerone
649 1946 801 1982 consule.
846 1947 889 1983 In
909 1951 987 1982 tota
1016 1949 1131 1994 igitur
1158 1951 1322 1984 oratione
1340 1949 1406 1987 hoc
1424 1954 1504 1999 agi-

122 2003 193 2041 tur,
213 2003 253 2034 ut
272 2011 350 2036 cum
370 2004 494 2036 ceterae
512 2000 781 2035 criminationes
802 2000 1056 2041 retundantur,
1078 2004 1154 2035 tum
1178 2002 1346 2049 inprimis
1375 2003 1443 2039 illa
1462 2006 1506 2040 de

121 2051 282 2087 tribubus
301 2053 496 2099 largitione
514 2053 705 2099 corruptis.
759 2052 968 2099 Antequam
985 2053 1102 2100 ipsam
1121 2065 1264 2089 causam
1285 2056 1502 2101 ingreditur,

119 2103 306 2152 satisfacit
334 2104 388 2140 M.
413 2104 544 2140 Catoni
571 2109 605 2139 et
626 2104 724 2139 Serv.
746 2104 911 2152 Sulpicio
919 2118 930 2144 ;
969 2116 1120 2152 quorum
1145 2105 1240 2141 alter
1263 2108 1420 2153 negabat
1435 2107 1504 2158 fas

119 2168 202 2195 esse,
227 2156 432 2192 Ciceronem
458 2157 649 2197 consulem,
680 2158 741 2204 qui
769 2158 812 2192 de
831 2157 969 2192 ambitu
1001 2157 1113 2204 legem
1141 2158 1291 2198 tulisset,
1313 2159 1505 2208 defendere

119 2220 218 2244 reum
237 2209 281 2244 de
298 2210 436 2245 ambitu
443 2223 456 2249 ,·
487 2209 581 2244 alter
608 2213 728 2244 autem
756 2213 967 2257 conquestus
997 2213 1089 2251 erat,
1119 2209 1283 2246 Murena:
1309 2223 1454 2248 causam
1481 2226 1505 2249 a

116 2273 254 2296 summo
286 2263 402 2297 arnico
433 2274 496 2297 suo
522 2265 648 2296 contra
673 2273 709 2296 se
726 2263 870 2309 suscipi.
925 2261 1072 2296 Deinde
1089 2262 1137 2297 ad
1161 2263 1325 2310 singulas
1356 2277 1502 2301 accusa-

118 2315 228 2349 tionis
252 2317 377 2362 partes
405 2315 557 2355 accedit,
587 2325 665 2361 qua>
682 2315 825 2349 omnino
855 2318 925 2349 tres
952 2318 1080 2353 erant‚·
1107 2315 1230 2361 prima
1250 2316 1285 2350 in
1313 2317 1502 2364 reprehen-

117 2367 216 2401 sione
240 2368 334 2406 υἱέα,
362 2367 481 2402 altera
507 2367 545 2401 in
573 2367 799 2402 contentione
826 2367 1031 2413 dignitatis,
1054 2366 1087 2402 h.
1110 2378 1137 2402 e.
1157 2371 1280 2402 utrum
1303 2367 1500 2416 Sulpicius,

116 2430 165 2453 an
191 2430 274 2454 vero
302 2418 460 2454 Murena
488 2419 632 2465 dignior
658 2419 858 2458 consulatu,
898 2419 1008 2454 tertia
1036 2419 1073 2453 in
1101 2420 1309 2456 criminibus
1346 2422 1502 2458 ambitus

118 2472 339 2508 versabatur.
395 2471 515 2507 Habet
533 2475 654 2506 autem
682 2470 755 2506 haec
773 2472 892 2506 oratio
915 2471 1112 2518 plurimum
1131 2473 1326 2508 suavitatis
1343 2477 1378 2509 et
1396 2476 1500 2512 artis.

119 2523 217 2560 Nam
244 2524 313 2560 illa
346 2525 527 2560 contentio
553 2523 814 2559 Jurisconsulti
833 2535 912 2558 cum
943 2522 1179 2570 Imperatore,
1214 2528 1249 2559 et
1272 2526 1500 2573 reprehensio

106 2573 207 2622 juris
223 2578 380 2612 scientiae
398 2589 441 2612 ac
463 2575 702 2624 philosophice
729 2575 862 2611 Stoica²
889 2575 994 2622 longe
1001 2573 1269 2621 jucundissima
1286 2583 1349 2617 est,
1364 2580 1427 2615 sed
1443 2580 1501 2616 ita

116 2633 339 2675 comparata,
360 2633 401 2665 ut
431 2641 502 2664 non
528 2632 647 2676 posset
676 2639 892 2676 magnopere
918 2631 983 2662 aut
1010 2627 1214 2675 Sulpicium
1240 2634 1305 2665 aut
1326 2630 1499 2668 Catonem

116 2680 304 2728 offendere,
335 2691 554 2729 quamquam
583 2680 803 2715 Plutarchus
831 2684 1097 2722 commemorat,
1123 2681 1305 2722 Catonem,
1336 2695 1417 2720 cum
1442 2687 1500 2720 ita

115 2733 320 2780 disputaret
340 2734 476 2776 Cicero,
495 2734 627 2769 dixisse
645 2733 806 2768 omnibus
825 2733 1065 2774 audientibus,
1078 2737 1120 2768 ut
1133 2735 1265 2770 eratin
1283 2735 1353 2770 isto
1369 2747 1499 2783 genere

116 2796 251 2832 magna
270 2784 394 2822 Roniae
425 2786 590 2822 libertas:
619 2783 672 2820 O!
703 2784 757 2820 dii
783 2784 888 2827 boni,
913 2795 1027 2833 quam
1058 2784 1262 2822 ridiculum
1289 2787 1499 2826 Consulem

114 2836 308 2875 habemus.
364 2838 527 2874 Ceterum
536 2836 648 2885 juvat
667 2838 710 2874 de
729 2837 796 2872 hac
813 2836 947 2873 Stoicae
959 2837 1201 2887 philosophice
1227 2839 1500 2888 reprehensione

709 2893 846 2945 Yy3

1525 1063 1553 1092 p.
1571 1056 1641 1085 124.
