1907 3231
344 106 421 142 396
862 104 936 144 IN
975 105 1262 144 VERREM

344 212 556 263 erogataS‚
587 206 630 249 in
659 222 836 265 operum
868 209 1103 251 locationes
1134 207 1259 249 falsas
1291 213 1421 264 atque
1453 207 1598 249 inanes
1630 210 1671 244 59
1683 222 1773 251 esse

345 264 617 321 perscriptas
677 266 790 308 Nam
814 266 915 307 illud
943 266 1119 306 minime
1149 265 1303 306 mirum
1326 274 1405 317 est,
1427 264 1728 317 Mamertinos»,
1743 281 1775 308 a

344 336 431 376 quo
451 336 666 364 summum
689 323 941 364 beneficium
963 331 1231 377 acceperant,
1252 336 1376 377 quem
1401 322 1482 362 sibi
1511 322 1772 386 amiciorem,

345 393 474 434 quam
499 380 658 435 populo
684 380 808 420 Rom·
801 393 881 419 mo
904 393 993 419 esse
1014 389 1322 434 cognoverant,
1343 393 1435 433 eJus
1459 379 1591 435 capiti
1621 379 1773 420 litteris

344 450 431 476 stus
461 438 713 492 pepercisse.
774 435 857 476 Sed
889 436 922 476 si
954 445 1207 499 argumento
1229 445 1306 486 est,
1330 435 1614 477 Mamertinos
1645 450 1774 492 pecu-

343 493 437 533 nias
459 493 538 534 tibi
559 508 644 534 non
667 493 845 542 dedisse,
867 492 969 546 quia
998 492 1205 547 scriptum
1230 507 1316 533 non
1347 493 1531 544 habent3
1563 493 1619 534 sit
1647 508 1773 549 argu-

342 560 506 600 mento,
537 550 616 590 tibi
651 549 782 605 gratis
805 558 1002 589 constare
1031 563 1198 599 navem,
1228 549 1342 604 quia,
1371 550 1474 605 quid
1502 550 1668 602 emeris,
1698 560 1773 592 aut

345 607 447 662 quid
471 606 689 657 locaveris,
712 606 917 661 scriptum
940 605 1131 661 proferre
1151 620 1237 646 non
1259 615 1396 662 potes.

282 672 333 707 49
401 662 462 704 At
482 663 595 703 enim
617 662 777 704 idcirco
798 677 951 703 navem
984 662 1256 703 Mamertinis
1288 677 1372 703 non
1404 663 1637 719 imperasti,
1658 664 1774 720 quod

343 730 444 761 sunt
465 719 604 760 foedei
606 730 680 760 ati
741 719 815 760 Dii
838 720 1093 776 appr.obent
1115 720 1322 761 habemus
1344 720 1592 762 hominem
1583 736 1627 762 ln
1650 721 1773 763 fetia-

341 777 445 818 lium
469 777 666 818 manibus
687 777 942 818 educatum:
977 791 1122 829 unum,
1146 786 1301 832 praeter
1323 786 1501 828 ceteros,
1523 778 1566 819 in
1589 779 1772 843 publicis

339 834 621 890 leligionibus
654 834 867 876 foederum
906 844 1101 875 sanctum
1133 843 1178 875 et
1209 834 1474 890 diligentem.
1507 850 1668 886 omnes,
1699 836 1772 892 qui

340 899 439 932 ante
472 900 514 932 te
546 900 751 947 praetores
781 891 967 942 fuerunt,
1005 891 1214 933 dedantur
1251 891 1561 955 Mamertinis,
1571 893 1686 947 quod
1721 893 1773 934 iis

339 963 492 989 navem
531 958 681 989 contra
709 950 953 1005 pactionem
983 948 1159 989 foederis
1193 949 1456 1004 imperarint.
1516 949 1600 990 Sed
1629 957 1783 1001 tamen,

340 1014 402 1056 tu,
424 1015 569 1046 sancte
599 1005 730 1046 homo
751 1021 801 1047 ac
831 1005 1043 1061 religiose,
1065 1020 1141 1046 cur
1162 1005 1526 1046 Taurominitanis
1558 1006 1662 1047 item
1689 1006 1773 1048 foe-

338 1063 496 1103 deratis
526 1077 679 1103 navem
709 1063 956 1119 imperasti?
985 1077 1039 1103 an
1070 1062 1153 1103 hoe
1184 1062 1435 1119 probabis,
1426 1077 1469 1103 in
1501 1078 1626 1118 aequa
1646 1078 1774 1105 causa

341 1119 612 1175 populeium,
634 1120 724 1160 sine
725 1120 883 1184 'pretio
906 1119 1070 1160 varium
1086 1119 1159 1174 Jus
1181 1130 1224 1160 et
1244 1120 1456 1175 disparem
1479 1121 1773 1162 conditionem

279 1177 498 1218 soluisse?
529 1177 662 1227 Quid,
702 1177 736 1218 si
774 1177 984 1232 ejusmodi
1020 1191 1110 1217 esse
1146 1177 1239 1218 haec
1271 1177 1356 1217 duo
1389 1177 1556 1218 foedera
1589 1178 1772 1219 dumum

338 1234 612 1290 populorum,
644 1234 830 1289 jndices,
860 1235 1010 1285 doceo,
1043 1244 1092 1275 ut
1122 1234 1487 1275 Taurominitanis
1517 1236 1772 1276 nominatim

338 1301 514 1332 cautum
537 1300 581 1332 et
603 1301 835 1347 exceptum
867 1292 922 1332 sit
953 1291 1130 1341 foedere,
1156 1305 1220 1332 NE
1247 1305 1423 1333 NAVEM
1454 1305 1585 1333 DARE
1620 1306 1773 1334 DEBE-

339 1362 466 1400 ANT3
497 1349 538 1379 60
552 1348 841 1412 Mamertinis,
873 1349 916 1389 in
952 1349 1046 1405 ipso
1082 1348 1245 1389 foedere
1283 1358 1478 1389 sanctum
1514 1357 1643 1404 atque
1678 1364 1772 1406 per-

339 1406 546 1462 scriptum
578 1406 646 1456 sit,
670 1420 751 1447 UTI
788 1419 962 1447 NAVEM
988 1419 1117 1446 DARE
1152 1419 1370 1447 NECESSE
1403 1420 1504 1447 srr:
1537 1406 1667 1447 istum
1698 1422 1773 1448 au-

338 1471 426 1503 tem
457 1472 608 1504 contra
629 1462 773 1504 foedus
795 1473 839 1503 et
858 1462 1221 1503 Taurominitanis
1253 1464 1497 1526 imperasse,
1516 1473 1559 1504 et
1581 1463 1773 1505 Mamer-

337 1520 438 1560 tinis
468 1520 706 1562 remisisse?
737 1535 840 1561 num
861 1521 931 1560 cui
962 1520 1140 1560 dubium
1174 1520 1333 1576 poterit
1361 1534 1466 1571 esse,
1497 1520 1616 1575 quin,
1640 1521 1771 1567 Verre

336 1587 535 1633 piaetore,
578 1577 670 1632 plus
722 1576 996 1618 Mame1tinis
1039 1576 1203 1632 Cybea,
1247 1591 1375 1632 quam
1406 1577 1770 1620 Taurominitanis

337 1634 481 1675 foedus
519 1634 776 1690 opitulatum
817 1634 898 1675 sit?
934 1634 1186 1674 Recitentur
1221 1634 1771 1677 foedera.61MAM1·:RT1-

339 1704 516 1732 NORUM
544 1706 602 1733 ET
628 1704 1167 1732 TAURoulNITANORUM
1194 1705 1295 1732 CUM
1330 1705 1522 1733 POPULO
1556 1704 1769 1734 ROMANO

253 1746 326 1794 20
342 1761 566 1790 FOEDERA.
627 1747 718 1790 Isto
748 1749 881 1804 igitur
912 1757 1001 1799 tuo,
1033 1748 1395 1803 quemadmodum
1425 1749 1517 1804 ipse
1547 1749 1771 1815 praedicaS,

340 1806 574 1857 beneficio3
606 1815 654 1846 ut
686 1820 750 1846 les
789 1805 966 1855 indicat,
998 1806 1151 1869 pretio,
1184 1814 1313 1860 atque
1341 1806 1550 1856 ineicede,
1576 1806 1769 1848 minuisti

335 1839 606 1927 majestatein
648 1862 911 1925 reipublicae,
949 1863 1143 1903 minuisti
1181 1863 1343 1903 auxilia
1380 1863 1527 1919 populi
1567 1863 1770 1916 Romani,

336 1920 530 1960 minuisti
551 1920 712 1976 copias,
735 1934 945 1984 maJorum
970 1920 1126 1960 vi1tute
1157 1934 1206 1960 ac
1235 1920 1446 1976 sapientia
1474 1930 1767 1976 comparatas:

204 1999 234 2029 p.
251 1988 322 2019 046.
336 1977 543 2018 sustulisti
578 1991 652 2031 Jus
690 1977 873 2041 1mpe1ii,
915 1977 1208 2018 conditionem
1249 1992 1478 2028 soeiorum,
1517 1978 1767 2020 memoriam

292 2040 320 2060 a
335 2033 526 2075 foederis.
570 2035 658 2080 Qui
681 2048 733 2075 ex
758 2033 952 2076 foeder'e
944 2049 1037 2090 ipso
1060 2048 1212 2074 navem
1232 2034 1296 2075 vel
1320 2049 1453 2090 usque
1473 2034 1526 2075 ad
1545 2049 1769 2086 oceanum,

333 2091 366 2132 si
411 2091 752 2147 imperassemus,
787 2100 931 2132 sumtu
970 2091 1244 2154 periculoque
1283 2107 1358 2132 suo
1392 2100 1598 2133 armatam
1639 2102 1767 2148 atque

333 2159 527 2190 omatam
557 2149 728 2189 mittere
758 2149 1024 2199 debuerunt3
1057 2148 1116 2198 hi,
1139 2163 1192 2188 ne
1223 2163 1267 2188 111
1289 2148 1399 2190 freto
1428 2158 1527 2190 ante
1558 2164 1634 2194 sua
1653 2158 1769 2192 tecta

333 2215 377 2246 et
397 2206 548 2247 domos
571 2206 848 2262 navigarent3
870 2221 924 2246 ne
947 2220 1021 2246 sua
1039 2206 1203 2246 moenia
1220 2215 1454 2261 portusque
1475 2206 1767 2258 defenderent,

332 2263 471 2319 pretio
493 2263 568 2304 abs
599 2272 641 2304 te
664 2264 737 2318 jus
760 2239 936 2304 foedelis
963 2272 1007 2303 et
1039 2262 1206 2319 imperii
1233 2263 1526 2304 conditionem
1557 2274 1765 2306 emerunt.

373 2380 413 2412 59
435 2388 500 2408 esse
527 2378 742 2420 perscriptas]
774 2378 795 2408 i
824 2379 960 2419 seriptas
992 2379 1027 2408 in
1068 2377 1151 2413 lum,
1176 2379 1255 2408 item
1279 2378 1421 2409 alterum
1442 2389 1470 2409 c.
1491 2380 1543 2409 21.
1586 2377 1767 2410 Decretum

330 2421 491 2459 expensis,
518 2426 678 2459 tanquam
705 2424 893 2451 eonsumtas
919 2421 954 2450 in
979 2420 1026 2451 lo·
1069 2430 1109 2450 ez·
1129 2420 1247 2451 camna.
1263 2429 1297 2450 et
1318 2431 1346 2450 c.
1370 2422 1421 2451 22.
1466 2420 1588 2451 Literae
1610 2420 1768 2452 Proeeoris

329 2462 514 2493 canonibus
549 2473 685 2503 operum
721 2463 939 2504 publicorum.
976 2463 1025 2493 in-
1071 2463 1127 2493 ἃς.
1144 2462 1261 2492 delevit
1278 2462 1437 2498 Graevius,
1453 2463 1529 2501 quia
1551 2472 1610 2492 nec
1631 2467 1710 2493 sunt
1732 2464 1766 2494 in

330 2503 546 2543 telligendum
583 2512 694 2536 antem
729 2516 747 2536 e
784 2505 945 2545 principio
980 2506 1027 2536 vi·
1070 2504 1148 2535 Mss.
1166 2505 1252 2534 notis
1266 2509 1299 2534 et
1315 2503 1386 2534 edd.
1400 2509 1480 2534 vett.
1498 2503 1598 2535 additi
1621 2510 1732 2535 autem
1747 2516 1765 2537 a

333 2546 398 2576 deo.
1072 2546 1190 2577 Lamb.
1206 2552 1241 2576 et
1255 2547 1350 2576 Grut.
1365 2547 1441 2585 quia.
1452 2556 1580 2585 semper
1594 2546 1670 2577 alibi
1684 2547 1767 2578 tales

331 2623 339 2626 ζ
373 2589 413 2618 60
435 2587 657 2625 Mamertinis,
672 2589 708 2619 in
720 2598 948 2630 zpso—perscr.
970 2588 1027 2628 sit]
1072 2589 1163 2618 tituli
1180 2593 1360 2629 ponuntur.
1405 2588 1450 2617 Et
1464 2587 1616 2618 videntur
1635 2588 1667 2619 hi
1687 2599 1706 2619 a
1728 2588 1767 2619 li-

331 2627 526 2669 Interpunxi
539 2636 612 2670 post
620 2631 851 2662 Mamertinis.-
866 2631 946 2662 alias
959 2641 1029 2661 cor·
1072 2631 1186 2661 brariis
1201 2630 1310 2666 omissi
1325 2639 1405 2666 esse,
1421 2634 1459 2660 ut
1481 2631 1604 2660 factum
1621 2631 1768 2661 animad-

330 2672 501 2711 rigendum
510 2674 751 2712 proeseriptum,
768 2673 854 2713 quod
867 2683 934 2703 non
947 2673 1030 2703 bene
1072 2674 1154 2703 verti
1173 2673 1272 2703 etiam
1295 2674 1328 2701 in
1352 2672 1564 2702 Orationibus
1579 2672 1768 2704 Graecorum

329 2697 483 2753 co⁰ngruit
498 2715 595 2744 verbo
610 2721 770 2746 sanctum.
797 2715 886 2746 Ordo
900 2721 967 2745 est.
993 2716 1026 2745 in
1069 2720 1104 2745 et
1132 2714 1380 2749 Demosthenis,
1416 2715 1451 2744 in
1480 2715 1596 2753 quibus
1621 2714 1721 2745 etiam
1747 2725 1768 2745 a

330 2756 399 2796 ipso
422 2756 444 2786 f.
472 2766 497 2785 5.
525 2766 553 2786 a.
573 2768 604 2796 p.
630 2758 684 2794 sit,
720 2758 775 2788 ubi
800 2767 916 2788 navem
950 2757 1026 2788 dare
1069 2756 1209 2787 librariis
1235 2756 1304 2796 ipsa
1323 2756 1465 2793 decreta,
1494 2756 1595 2795 leges,
1619 2756 1767 2796 epistolae

329 2807 456 2828 necesse
471 2799 514 2828 sit
528 2799 748 2830 Mamertinis.
1068 2799 1233 2829 interdum
1249 2799 1377 2828 omissae
1391 2804 1524 2828 temere.
1569 2798 1766 2839 Exemplum

368 2840 405 2871 61
431 2840 709 2872 Mamertinorum
728 2840 800 2882 &c.]
824 2841 923 2877 Hunc
943 2840 1024 2872 titu-
1067 2841 1170 2872 etiam
1183 2839 1273 2872 aliud
1286 2849 1384 2882 supra
1397 2839 1581 2872 habuimus
1631 2866 1634 2868 .
1659 2863 1667 2867 .
1717 2863 1722 2866 ⁴
1750 2850 1767 2878 ζ-
