1907 3231
664 138 780 175 PRO
809 138 852 175 P.
889 137 1157 177 QUINTIO.
1577 137 1620 176 11

203 243 318 284 bona
339 241 389 284 P.
413 241 597 291 Quinffii,
621 241 722 283 Sex.
747 241 888 292 Naevi,
910 241 1147 298 possedisse
1169 254 1223 282 ex
1246 240 1387 281 edicto
1410 242 1623 296 praetoris.

205 300 250 340 in
271 314 321 341 eo
352 298 525 355 sponsio
554 298 669 340 facta
698 308 775 340 est.
836 298 1071 340 Ostendam
1099 298 1299 354 primum,
1332 311 1501 337 causam
1536 313 1621 340 non

202 356 347 407 fuisse,
370 371 446 397 cur
467 371 491 396 a
513 366 695 411 praetore
725 356 974 411 postulares,
996 365 1044 396 ut
1074 356 1187 396 bona
1219 354 1269 395 P.
1294 354 1463 400 Quintii
1489 355 1623 409 possi-

200 413 343 454 deres:
375 412 528 454 deinde
556 427 611 453 ex
633 413 774 454 edicto
798 422 840 454 te
861 411 1075 469 possidere
1096 426 1180 452 non
1213 411 1426 467 potuisse:
1458 422 1622 466 postre-

200 484 286 521 mo,
317 484 404 510 non
434 470 685 526 possedisse.
746 470 922 520 Quaeso,
957 468 1008 511 C.
1030 468 1207 524 Aquini,
1232 482 1404 523 vosque,
1425 469 1496 522 qui
1520 469 1622 508 estis

200 526 244 567 in
282 527 476 578 consilio,
514 535 575 577 ut,
613 527 715 583 quid
754 527 969 582 pollicitus
1011 526 1104 577 sim,
1138 525 1366 580 diligenter
1402 525 1620 566 memoriae

197 584 423 625 mandetis.
453 584 612 625 etenim
643 597 730 625 rem
754 584 921 626 facilius
945 592 1080 624 totam
1102 582 1338 638 accipietis,
1360 582 1394 621 si
1418 582 1511 623 liaec
1532 596 1623 622 me-
1667 600 1687 610 Δ»

198 641 434 683 mineritis:
465 651 508 682 et
537 656 604 682 me
636 641 760 682 facile
782 651 921 682 vestra
941 640 1260 682 existimatione
1293 638 1563 688 revocabitis,
1587 639 1622 678 si

198 706 321 739 extra
345 698 422 739 hos
451 699 660 739 cancellos
683 699 827 755 egredi
849 698 1052 748 conabor,
1074 711 1180 752 quos
1199 696 1305 737 1111111
1327 696 1418 752 ipse
1438 696 1622 736 circum-

197 755 310 796 dedi.
371 756 497 812 Nego
521 756 650 796 fuisse
672 770 858 806 causam,
877 769 952 796 cur
974 755 1230 810 postularet:
1262 768 1374 809 nego
1405 766 1459 793 ex
1478 752 1621 793 edicto

195 813 412 868 possidere
431 813 645 869 potuisse:
676 826 788 868 nego
811 811 1062 869 possedisse.
1083 812 1176 852 haec
1197 811 1277 851 tria
1298 825 1395 851 oum
1418 810 1620 861 docuero,
1634 827 1665 858 b.

196 872 421 925 perorabo,

254 927 355 968 Non
378 928 460 968 fuit
481 942 622 977 causa,
641 941 717 967 cur
739 925 987 982 postulares.
1032 926 1119 973 Qui
1140 924 1224 966 hoc
1246 923 1425 980 intelligi
1450 926 1618 979 potest?
1639 918 1700 964 ll

198 984 315 1031 Quia
345 985 446 1026 Sex.
469 985 641 1034 Naevio,
662 998 800 1038 neque
830 997 884 1024 ex
918 983 1134 1024 societatis
1165 982 1342 1032 ratione,
1375 995 1512 1038 neque
1534 981 1618 1037 pri·
1631 990 1683 1029 37

196 1043 330 1082 vatim
352 1042 585 1097 quidquam
608 1042 757 1082 debuit
780 1041 1000 1087 Quintius
1061 1041 1170 1086 Quis
1194 1039 1293 1080 huic
1311 1039 1370 1079 rei
1393 1039 1513 1079 testis
1531 1041 1619 1079 est?

196 1099 324 1150 idem,
355 1100 427 1154 qui
451 1099 680 1140 acerrimus
702 1098 982 1139 adversarius.
1042 1097 1094 1138 In
1113 1097 1193 1138 hac
1215 1111 1258 1137 re
1276 1105 1332 1147 te,
1350 1105 1408 1146 te,
1431 1096 1620 1150 inquam,

195 1165 363 1207 testem,
388 1157 530 1206 Naevi,
552 1156 712 1196 citabo.
771 1154 961 1205 Annum,
984 1164 1028 1196 et
1049 1169 1101 1195 eo
1120 1154 1296 1205 diutius,
1320 1163 1417 1208 post
1438 1162 1623 1193 mortem

197 1213 250 1254 C.
282 1214 453 1260 Quintii
488 1213 570 1254 fuit
592 1213 635 1253 in
672 1212 813 1254 Gallia
844 1221 985 1253 tecum
1018 1212 1144 1252 simul
1178 1211 1398 1257 Quintius.
1428 1211 1549 1260 (1000,
1580 1220 1624 1250 te

196 1271 370 1326 petiisse
387 1272 442 1312 ab
460 1286 510 1312 eo
529 1270 669 1320 istam,
683 1269 827 1310 nescio
847 1284 990 1323 quam,
1004 1268 1357 1309 innumerabilem
1371 1267 1596 1322 pecuniam
1613 1283 1622 1308 :

194 1328 315 1378 doce,
352 1327 580 1383 aliquando
619 1327 882 1367 mentionem
925 1325 1097 1367 fecisse:
1145 1326 1306 1366 dixisse
1357 1325 1518 1364 deberi.
1551 1325 1623 1365 de-

194 1385 336 1425 buisse
362 1385 610 1426 concedam.
674 1383 864 1424 Moritur
897 1382 948 1424 C.
973 1383 1201 1429 Quintius:
1245 1383 1318 1438 qui
1353 1381 1448 1431 tibi,
1472 1391 1518 1421 ut
1547 1381 1622 1431 ais,
1636 1388 1690 1425 38

195 1443 322 1483 certis
352 1443 600 1483 nominibus
635 1441 838 1496 grandem
862 1442 1085 1496 pecuniam
1110 1440 1273 1481 debuit.
1296 1439 1416 1480 heres
1449 1438 1541 1493 ejus
1574 1438 1623 1478 P.

196 1499 404 1546 Quintius
431 1500 475 1540 in
507 1498 693 1540 Galliam
729 1498 781 1538 ad
815 1508 855 1538 te
886 1499 1027 1554 ipsum
1050 1498 1231 1538 venitin
1262 1511 1413 1552 agrum
1431 1510 1625 1537 commu-

191 1571 314 1598 nem:
347 1571 397 1598 eo
416 1557 614 1611 denique,
638 1556 710 1596 ubi
734 1570 821 1596 non
851 1556 980 1596 modo
1011 1569 1075 1596 res
1105 1564 1209 1606 erat,
1233 1555 1305 1596 sed
1324 1554 1432 1594 ratio
1455 1567 1626 1608 quoque

192 1615 346 1665 omnis,
368 1624 412 1655 et
440 1628 587 1655 omnes
613 1613 782 1654 litterae.
844 1613 954 1659 Quis
982 1622 1069 1653 tam
1091 1612 1322 1653 dissolutus
1340 1611 1384 1651 in
1407 1624 1450 1651 re
1468 1610 1625 1651 famili-

192 1672 254 1712 ari
287 1671 451 1721 fuisset‚
474 1672 568 1726 quis
600 1680 688 1711 tam
721 1670 960 1726 negligens,
981 1670 1076 1724 quis
1108 1678 1194 1710 tam
1225 1670 1302 1719 tui,
1331 1668 1478 1718 Sexte,
1501 1667 1624 1708 dissi-

192 1729 320 1780 milis,
343 1730 431 1784 qui,
453 1743 552 1770 cum
583 1743 647 1769 res
677 1728 731 1768 ab
763 1742 828 1776 eo,
848 1727 1020 1782 quicum
1043 1727 1342 1775 contraxisset,
1365 1725 1623 1775 recessisset,

191 1795 236 1826 et
255 1787 310 1827 ad
340 1786 541 1827 heredem
574 1785 849 1841 pervenisset,
872 1799 958 1825 non
994 1784 1207 1834 heredem,
1230 1798 1328 1825 cum
1351 1783 1537 1838 primum
1559 1783 1623 1823 vi-

191 1843 337 1894 disset,
380 1844 605 1885 certiorem
645 1842 830 1883 faceret?
872 1841 1132 1898 appellaret?
1175 1842 1384 1882 rationem
1423 1838 1623 1881 afferret?

191 1900 227 1940 si
257 1901 360 1956 quid
398 1901 443 1941 in
478 1900 812 1942 controversiam
848 1900 1024 1950 veniret,
1060 1909 1135 1940 aut
1163 1898 1275 1939 iutra
1317 1897 1513 1953 parieteS,
1548 1905 1623 1937 aut

188 1972 359 1999 summo
386 1958 486 2014 jure
517 1957 810 2013 experiretur?
851 1960 892 1991 39
907 1955 1055 1997 Itane?
1103 1956 1218 2011 quod
1252 1956 1331 1996 viri
1365 1954 1518 2010 optimi
1558 1952 1622 1994 fa·

189 2015 325 2067 ciunt,
359 2016 388 2057 ii
423 2015 496 2071 qui
529 2029 626 2056 suos
657 2014 923 2070 propinquos
955 2029 1004 2054 ac
1037 2014 1297 2054 necessarios
1328 2027 1449 2053 caros
1478 2020 1521 2052 et
1542 2011 1622 2052 ho·

189 2081 334 2115 nestos
367 2087 458 2114 esse
491 2081 619 2127 atque
649 2072 799 2113 haberi
834 2070 1007 2122 volunt;
1039 2071 1081 2111 id
1115 2071 1217 2112 Sex.
1242 2069 1420 2111 Naevius
1452 2083 1538 2109 non
1557 2067 1622 2108 fa·

188 2140 318 2181 ceret,
337 2131 410 2186 qui
443 2145 577 2185 usque
609 2144 660 2170 eo
693 2128 829 2170 fervet
870 2127 1089 2183 ferturque
1130 2128 1323 2178 avaritia,
1362 2136 1411 2168 ut
1451 2126 1504 2167 de
1532 2125 1620 2166 suis

188 2188 428 2229 commodis
450 2187 635 2242 aliquam
666 2195 832 2242 partem
862 2185 971 2226 nolit
991 2185 1202 2238 amittere,
1225 2200 1278 2227 ne
1300 2198 1429 2240 quam
1451 2191 1619 2239 partem

187 2244 290 2286 huic
320 2246 564 2301 propinquo
599 2259 675 2284 suo
705 2243 828 2284 ullius
851 2243 1091 2284 ornamenti
1121 2242 1358 2298 relinquat?
1403 2240 1512 2281 Etis
1542 2254 1616 2296 pe·
1628 2256 1683 2298 39

188 2302 375 2353 cuniam,
398 2303 432 2343 si
455 2317 540 2357 qua
559 2302 800 2351 deberetur,
821 2315 909 2340 non
940 2308 1118 2355 peteret,
1148 2300 1237 2355 qui,
1260 2300 1375 2355 quia,
1406 2297 1522 2352 quod
1543 2297 1616 2338 de-

188 2359 329 2400 bitum
351 2374 586 2414 numquam
608 2368 686 2408 est,
715 2358 758 2398 id
781 2358 929 2398 datum
952 2371 1038 2397 non
1061 2368 1139 2407 est,
1162 2372 1248 2398 non
1277 2357 1505 2412 pecuniam
1527 2369 1620 2395 mo-

189 2417 260 2467 do,
291 2431 438 2458 verum
469 2417 599 2457 etiam
633 2415 820 2456 hominis
850 2414 1079 2470 propinqui
1111 2414 1364 2470 sanguinem
1403 2413 1622 2467 vitamque

187 2475 351 2530 eripere
380 2477 584 2516 conatur?
616 2472 735 2514 Huic
770 2481 814 2513 tu
849 2471 1052 2511 molestus
1079 2486 1169 2512 esse
1200 2471 1399 2511 videlicet
1427 2469 1619 2519 noluisti,

188 2546 317 2587 quem
349 2547 465 2573 nunc
498 2531 703 2587 respirare
730 2529 862 2570 libere
894 2543 980 2569 non
1004 2529 1135 2569 sinis?
1167 2542 1294 2583 quem
1316 2542 1430 2568 nunc
1453 2525 1615 2567 interfi-
1628 2540 1704 2574 [πῖ.

188 2603 283 2630 cere
307 2588 468 2630 nefarie
495 2589 631 2643 cupis,
654 2602 750 2628 eum
777 2596 820 2627 tu
849 2585 1058 2641 pudenter
1084 2585 1296 2641 appellare
1317 2584 1515 2626 nolebas?
1548 2582 1656 2623 Ita⁸·

187 2647 330 2687 credo.
362 2646 581 2687 hominem
612 2645 916 2701 propinquum,
941 2643 1002 2682 tui
1035 2643 1349 2692 observantem,
1380 2642 1518 2682 virum
1540 2641 1617 2680 bo-

188 2718 307 2755 num,
330 2704 578 2759 pudentem,
608 2702 818 2757 majorem
849 2710 968 2751 natu,
990 2699 1180 2750 nolebas,
1212 2709 1286 2741 aut
1316 2713 1402 2740 non
1432 2697 1619 2740 audebas

229 2848 269 2880 39
284 2845 382 2876 Itane
391 2844 422 2884 ?]
448 2845 500 2876 Sic
516 2854 533 2874 e
548 2843 611 2874 Ms.
624 2843 749 2873 Mureti
762 2842 889 2872 editum
936 2840 1033 2872 Itane
1048 2846 1094 2872 est
1109 2842 1124 2871 .⁷
1148 2839 1243 2871 male.

184 2893 246 2918 est.
273 2890 315 2929 (v.
331 2888 407 2918 Var.
423 2887 513 2918 Lect.
528 2886 621 2923 XVI,
642 2885 701 2924 19.)
727 2891 804 2915 ante
819 2890 889 2915 erat
