1907 3231
607 135 726 174 PRO
753 135 798 173 A.
829 127 1154 172 CLUENTIO.
1531 140 1607 177 535

153 237 285 298 Apud
308 240 480 284 eosdem
497 239 669 295 judiees
689 255 784 281 reus
806 248 871 280 est
891 238 1048 290 factus,
1065 239 1107 268 43
1121 252 1220 278 eum
1244 237 1278 278 is
1301 238 1470 281 duobus
1493 256 1605 298 prae-

146 299 329 353 judiciis
355 299 449 355 jam
484 298 712 339 damnatus
745 307 878 340 esset:
911 298 966 339 ab
1000 295 1151 337 iisdem
1188 305 1333 337 autem
1360 297 1603 353 judicibus,

151 357 225 411 qui
250 356 549 407 Fabriciorum
582 355 860 396 damnatione
892 354 945 395 cle
977 353 1226 410 Oppianico
1250 353 1516 409 judicarant,
1540 357 1602 398 lo-

150 429 226 455 cus
245 415 284 455 ei
304 415 466 471 primus
489 422 554 462 est
570 414 856 455 constitutus:
889 416 1117 469 accusatus*
1137 419 1202 452 est
1224 411 1478 454 criminibus
1502 429 1601 469 gra-

149 471 351 523 vissimis,
381 481 426 511 et
448 470 515 522 iis,
538 486 634 527 quic
658 487 683 511 a
716 486 785 513 me
816 470 1004 512 breviter
1028 468 1154 511 'dicta
1185 471 1299 520 sunt,
1322 478 1367 510 et
1390 479 1600 525 praeterea

145 527 311 580 multis,
345 544 442 584 quae
467 544 550 584 ego
585 528 731 569 omnia
763 543 878 570 nune
909 527 1088 569 omitto:
1123 530 1348 568 aecusatus
1380 535 1446 568 est
1481 530 1598 585 apud

142 600 231 636 eos,
262 586 337 641 qui
370 598 414 626 et
448 586 773 637 Scamandrum,
806 586 1049 628 ministrum
1085 583 1336 641 Oppianici,
1367 592 1412 626 et
1444 585 1596 628 Fabri-

141 642 275 694 cium,
295 644 519 685 conseium
541 643 758 696 maleficii,
778 644 1133 686 condemnarant.
1188 641 1360 694 Utrum,
1393 657 1469 699 per
1489 643 1591 687 deOs
1605 651 1658 686 60

142 699 407 745 immortales
424 702 432 744 ἔ
465 702 604 758 magis
624 712 689 743 est
711 701 970 751 mirandum,
990 701 1105 756 quod
1128 700 1161 740 is
1179 700 1491 742 condemnatus
1511 708 1589 755 est,

140 772 195 799 an
218 759 333 815 quod
356 760 534 801 omnino
558 759 817 815 respondere
832 755 967 815 'ausus'
987 760 1079 800 est?
1112 758 1230 803 Quid
1253 757 1369 799 enim
1392 758 1452 799 illi
1468 759 1589 814 judi-

140 830 210 857 ces
233 815 375 858 faeere
397 819 661 874 potuerunt?
691 817 764 872 qui
789 816 823 856 si
848 816 1101 856 innocentes
1137 814 1360 856 Fabricios
1383 817 1589 860 condem-

137 885 326 926 nassent,
351 884 492 916 tamen
517 875 562 915 in
593 872 841 930 Oppianico
862 873 954 914 'sibi
979 880 1190 925 constare,
1222 880 1263 912 et
1295 874 1589 928 superioribus

138 933 383 973 consentire
406 931 586 988 judiciis
622 927 880 975 debuerunt,
938 928 1062 971 49'An
1099 934 1199 970 vero
1234 929 1293 970 illi
1328 945 1404 971 sua
1437 947 1512 988 per
1545 948 1589 975 se
1640 952 1653 957 r

136 988 219 1045 ipsi
234 989 406 1045 judicia
425 987 731 1041 rescinderent,
746 987 993 1031 eum'ceteri
1010 987 1188 1038 soleant,
1208 986 1519 1044 injudicando,
1534 1007 1588 1033 ne

134 1047 190 1088 ab
214 1047 395 1090 aliorum
411 1042 593 1103 judiciis
610 1045 1148 1103 discrepent‚'providere?
1179 1054 1222 1086 et
1239 1045 1313 1097 illi,
1337 1046 1410 1102 qui
1435 1046 1588 1090 Fabri-

132 1105 434 1156 ciilibertum,
465 1104 569 1161 quia
589 1104 786 1146 minister
816 1104 860 1145 in
891 1103 1302 1155 maleficio-fueram
1334 1113 1584 1160 patronum,

131 1162 235 1217 quia
256 1163 472 1214 conscius,
504 1162 892 1213 condemnassent3
925 1162 1066 1218 ipsum
1096 1161 1337 1217 principem
1360 1171 1490 1218 atque
1517 1179 1585 1205 ar-

130 1219 369 1266 chitectum
394 1220 563 1267 sceleris
586 1220 887 1270 absolverent?
918 1231 962 1261 ct
984 1219 1055 1276 qui
1078 1229 1257 1269 ceteros,
1281 1218 1399 1260 nullo
1420 1221 1581 1277 praejn-

128 1277 245 1325 (licio
280 1278 414 1330 facto,
437 1288 581 1319 tamen
604 1280 644 1308 50
657 1292 711 1320 ex
746 1279 838 1334 ipsa
872 1293 1002 1319 causa
1030 1277 1415 1330 condemnassent3
1449 1279 1578 1330 hune,

127 1350 257 1391 quem
280 1336 346 1377 bis
380 1337 717 1380 condemnatum
744 1337 837 1392 jam
870 1347 1140 1392 acceperant,
1174 1334 1434 1380 liberarent?
1462 1336 1574 1380 Tum
1590 1345 1638 1379 61

128 1407 231 1435 vero
255 1393 510 1449 illajudieia
526 1394 762 1445 senatoria,
785 1408 872 1439 non
896 1393 1003 1434 falsa
1024 1392 1204 1443 invidia,
1228 1393 1301 1434 sed
1326 1408 1424 1434 vera
1446 1403 1578 1451 atque

125 1450 288 1508 insigni
325 1451 594 1508 turpitudine
626 1459 791 1502 notata,
821 1461 952 1506 atque
981 1459 1133 1506 operta
1153 1450 1363 1497 dedecore
1395 1463 1440 1493 et
1466 1452 1580 1494 infa-

124 1508 228 1561 mia,
247 1508 488 1554 defensioni
514 1509 655 1549 locum
679 1509 841 1549 nullum
867 1508 1156 1568 reliquissent.
1204 1508 1320 1554 Quid
1343 1509 1458 1550 enim
1483 1520 1579 1552 tan-

124 1565 223 1606 dem
245 1566 303 1608 illi
320 1566 493 1621 judices
517 1566 839 1622 responderent,
862 1566 895 1607 si
919 1566 1014 1622 quis
1035 1566 1088 1606 ab
1112 1565 1162 1605 iis
1185 1569 1425 1621 quaereret?
1458 1567 1577 1611 Con-,-

122 1623 358 1666 (lcmnastis
382 1625 710 1676 Scamandrum,
732 1639 818 1680 quo
832 1624 1038 1665 erimine?
1061 1637 1216 1678 nempe
1239 1623 1355 1681 quod
1378 1623 1575 1678 Avitum,

122 1696 199 1737 per
236 1697 407 1723 servum
440 1681 614 1733 medici,
648 1696 812 1723 veneno
845 1696 999 1723 necare
1024 1680 1244 1722 voluisset.
1309 1681 1426 1728 Quid
1452 1681 1574 1725 Aviti

121 1750 262 1781 morte
297 1740 560 1781 Scamander
592 1740 963 1796 consequebatur?
995 1739 1127 1780 nihil:
1160 1741 1195 1769 5¹
1215 1739 1286 1780 sed
1319 1737 1575 1783 administer

121 1807 214 1842 erat
256 1797 507 1854 Oppianici.
570 1797 904 1839 Condcmnastis
949 1796 1000 1839 C.
1030 1796 1294 1838 Fabricium.
1339 1797 1443 1853 quid
1487 1798 1574 1843 ita?

120 1854 237 1909 quia,
260 1871 359 1896 eum
383 1856 474 1912 ipse
502 1854 835 1902 familiarissime
866 1854 1116 1912 Oppianico
1141 1869 1256 1906 usus,
1288 1853 1467 1896 libertus
1496 1872 1574 1898 au-

119 1921 209 1958 tem
240 1913 337 1968 ,ejus
376 1914 415 1954 in
450 1911 662 1955 maleficio
696 1913 987 1970 deprehensus
1019 1921 1156 1964 esset3
1188 1912 1308 1959 illum
1345 1922 1571 1969 expertem

118 1969 212 2024 ejus
235 1971 403 2012 consilii
425 1971 556 2012 fuisse
578 1986 664 2012 non
689 1972 969 2027 probabatur.
1016 1970 1061 2018 Si
1086 1969 1221 2027 igitur
1243 1970 1384 2026 ipsum
1404 1972 1572 2028 Oppia-

116 2028 281 2080 nicum,
318 2029 382 2070 bis
416 2029 503 2069 suis
533 2028 714 2083 judiciis
753 2030 1107 2079 condemnatum,
1141 2028 1441 2079 absolvissent,
1473 2031 1570 2086 quis

116 2095 283 2131 tantam
303 2087 613 2143 turpitudinem
628 2086 912 2142 judiciorum,
929 2087 1025 2143 quis
1045 2096 1210 2127 tantam
1230 2086 1569 2130 inconstantiam

112 2157 253 2184 rerum
282 2144 595 2200 judicatarum,
627 2145 723 2201 quis
759 2155 930 2187 tantam
959 2144 1185 2187 libidinem
1207 2142 1427 2199 judicum,
1458 2145 1569 2196 ,ferre

113 2205 355 2259 potuisset?

1600 763 1632 794 p.
1649 757 1703 786 30.

1601 807 1630 828 a.

152 2353 193 2382 48
215 2361 291 2382 cum
306 2352 334 2383 is
349 2352 396 2393 d.]
415 2353 562 2384 Graevius
575 2364 592 2383 e
605 2353 686 2385 Mss.
703 2352 768 2384 suis
781 2357 815 2384 et

108 2392 161 2425 ed.
179 2397 270 2429 1472.
285 2396 387 2426 edidit
410 2397 470 2428 Ιιὶε.
499 2397 557 2433 (sic
571 2401 605 2427 et
621 2397 670 2429 ed.
690 2399 783 2434 1471.
797 2402 815 2427 ’θ

109 2446 175 2477 qua
189 2436 247 2467 illa
269 2438 377 2474 fluxit,
395 2444 430 2469 et
457 2442 547 2470 1480.
573 2439 682 2479 dunt.)
703 2443 815 2480 putat-

108 2488 171 2517 que
199 2479 288 2521 i⁸,.h·
316 2481 339 2512 l.
367 2482 497 2522 frigere.
541 2483 614 2521 Ego
642 2483 813 2523 vulgatum

109 2524 213 2553 servo,
237 2524 330 2564 Saepe
345 2525 382 2555 in
399 2524 470 2555 edd.
486 2525 644 2565 antiquis,
663 2525 814 2557 nomina-

106 2563 170 2594 tim
185 2564 263 2602 illis,
280 2565 464 2606 pronomen
487 2569 526 2606 is,
547 2568 582 2605 ι’ἱ,
600 2569 640 2599 iis
661 2568 814 2609 exprimi-

106 2608 165 2637 tur
188 2607 250 2643 liis,
267 2609 313 2645 Ιιί,
336 2611 395 2640 liis.
440 2610 501 2641 Est
524 2615 636 2642 autern
661 2611 814 2641 Ciceroni

104 2648 376 2690 usitatissimum,
389 2652 452 2683 hoc
464 2663 647 2694 pronomen
663 2654 691 2684 is
704 2653 738 2683 in
753 2651 814 2684 hac

104 2691 213 2721 forma
229 2691 357 2725 addere.

146 2736 188 2768 49
211 2735 266 2768 An
296 2746 373 2767 vero
403 2737 454 2768 illi
478 2748 541 2769 sua
566 2738 640 2778 &c.]
671 2736 817 2776 Restitui

105 2785 182 2811 cum
197 2777 327 2812 Graevio
344 2780 393 2809 illi
409 2790 467 2820 pro
481 2782 555 2819 illa,
572 2781 659 2820 quod
681 2792 718 2812 ex
741 2777 810 2810 uno

104 2818 170 2848 Ms.
186 2821 310 2860 recepit
324 2822 499 2860 Gruterus,
522 2834 582 2854 nec
597 2823 650 2864 hic
665 2822 810 2864 aliquam

103 2861 171 2897 yim
200 2862 310 2893 habet.
333 2874 394 2894 sua
411 2876 474 2904 per
495 2876 528 2896 se
554 2867 615 2906 ipsi
643 2867 721 2896 satis
744 2871 810 2895 est:

105 2913 183 2935 nam
199 2904 282 2942 illud
298 2906 369 2938 ficri
382 2917 448 2939 non
465 2914 597 2950 poterat
611 2910 761 2946 omnino,
774 2912 812 2938 ut

858 2362 918 2384 sua
931 2354 992 2395 ipsi
1010 2351 1130 2391 iudicia
1143 2350 1378 2382 rescinderent.
1395 2360 1456 2388 nec
1470 2361 1565 2392 opus,

858 2397 970 2427 referri
998 2396 1039 2427 ad
1066 2396 1154 2437 sacta
1174 2393 1310 2434 judicia.
1354 2391 1412 2424 Illi
1440 2394 1566 2426 habent

858 2439 930 2469 edd.
945 2439 984 2470 R.
998 2439 1053 2469 ΒΓ.
1066 2437 1166 2480 ‘dunt-
1181 2436 1254 2467 ΑΜ.
1269 2436 1357 2467 vict.
1377 2436 1436 2466 ὃῖθ.

889 2485 929 2512 50
943 2492 984 2512 ea:
997 2482 1067 2521 ipsa
1079 2479 1195 2518 cansa]
1212 2479 1393 2518 Eleganter
1402 2489 1474 2519 pru,
1488 2480 1566 2519 qnia

857 2524 961 2564 ipsius
977 2533 1084 2555 causae
1105 2523 1190 2553 ratio
1206 2522 1252 2552 ita
1267 2521 1469 2565 postulabat.
1488 2531 1565 2554 mox

859 2567 905 2597 bis
918 2567 1039 2597 excidit
1058 2567 1092 2596 in
1108 2565 1158 2595 ed.
1175 2564 1308 2599 Graevii,
1325 2573 1500 2604 operarum
1518 2565 1566 2596 vi-

857 2610 917 2640 tio.
931 2619 1009 2639 nam
1026 2609 1109 2639 nihil
1122 2607 1279 2638 admonet
1295 2607 1328 2637 in
1345 2607 1444 2636 notis.

901 2655 935 2684 51
954 2652 1010 2683 secl
1019 2650 1228 2690 administer]
1243 2650 1306 2680 Ms.
1318 2649 1369 2679 Fr.
1381 2649 1452 2679 edd.
1470 2652 1561 2684 1471.

861 2697 952 2726 1480.
974 2697 1010 2724 at
1034 2695 1193 2726 minister,
1209 2693 1328 2732 placet.
1352 2693 1398 2722 sic
1414 2698 1448 2722 et
1463 2703 1563 2732 supra

859 2747 987 2777 semper
1003 2735 1124 2767 dicitur
1137 2737 1199 2766 iste
1215 2735 1315 2767 homo
1331 2743 1359 2765 c.
1378 2737 1427 2768 19.
1449 2740 1483 2765 et
1499 2735 1562 2765 hoc

855 2781 925 2820 ipso
941 2779 1048 2821 capite
1071 2778 1185 2820 paullo
1201 2782 1292 2810 ante.
1335 2776 1462 2808 vitiose
1484 2778 1562 2807 scri-

855 2828 952 2863 ptum
968 2822 1033 2852 fuit
1047 2822 1245 2863 administer
1258 2830 1317 2864 pro
1341 2825 1378 2852 ab
1396 2821 1561 2851 miizistcr:

856 2865 1007 2896 additum
1021 2875 1099 2907 ergo
1114 2864 1181 2896 sed.

767 2965 862 2994 Min
882 2956 908 2995 4
