1907 3231
569 105 687 143 PRO
712 105 760 142 A.
788 102 1115 141 CLUENTIO.
1497 106 1573 146 577

123 214 169 256 in
190 230 276 272 quo
299 216 427 258 sciret
447 229 539 256 esse
556 228 787 256 numorum
810 213 1078 268 aliquantum
1101 220 1144 251 et
1166 211 1280 253 auri:
1314 221 1444 254 noctu
1460 213 1568 255 duos

120 287 351 315 conservos
373 273 634 315 dormientes
657 273 833 323 occidit,
856 271 899 312 in
931 270 1227 327 piscinamque
1258 268 1441 323 dejecit:
1475 271 1566 326 ipse

118 331 288 372 armarii
312 331 492 372 fundum
509 330 718 373 exsecuit,
742 333 834 370 ss9et
857 328 972 370 H-S.
990 329 1015 354 ἢ*
1030 336 1073 367 et
1089 326 1180 367 auri
1204 325 1395 380 quinque
1417 329 1562 382 pondo

118 388 316 443 abstulit,
343 403 430 429 uno
462 402 518 428 ex
549 388 680 428 servis
715 401 847 443 puero
870 401 955 428 non
991 384 1141 441 grandi
1172 384 1364 424 conscio.
1427 383 1651 427 Furt0180

118 446 326 500 postridie
358 445 553 501 cognito,
596 446 735 487 omnis
778 444 966 500 suspicio
998 444 1041 483 in
1073 456 1146 482 eos
1176 455 1335 491 serVOS‚
1366 441 1439 494 qui
1472 456 1558 484 non

115 503 440 558 comparebant,
472 503 842 544 commovebatur.
903 501 1016 542 Cum
1048 498 1241 541 exsectio
1263 497 1335 539 illa
1357 496 1479 539 fundi
1513 500 1557 541 in

114 560 298 600 armario
348 560 774 610 animadverteretur,
815 559 1069 615 quaerebant
1115 556 1326 607 homines,
1367 570 1556 611 quonam

111 617 243 657 modo
268 616 358 658 fieri
380 619 605 674 potuisset.
667 617 857 665 Quidam
879 631 933 658 ex
958 616 1107 657 amicis
1130 615 1285 655 Sassiae
1308 613 1556 655 recordatus

112 683 192 725 est,
215 689 259 715 se
281 689 418 732 nuper
441 676 482 716 in
508 675 709 717 auctione
731 675 915 730 quadam
948 673 1106 714 vidisse
1139 672 1181 713 in
1215 671 1340 712 rebus
1374 671 1554 712 minutis

112 731 340 784 aduncam,
371 737 412 769 90
425 748 479 774 ex
514 733 631 774 omni
656 742 776 789 parte
805 732 1040 781 dentatam,
1063 740 1107 770 et
1136 738 1373 770 tortuosam
1408 729 1553 771 venire

112 789 330 842 serrulam,
353 806 439 846 qua
457 791 563 832 illud
585 791 777 847 potuisse
799 790 858 830 ita
874 787 1174 829 circumsecari
1196 787 1422 828 videretur.
1483 786 1553 828 Ne

110 846 271 890 multa:
303 848 566 904 perquiritur
599 863 624 889 a
657 847 947 888 coactoribus.
979 844 1196 885 invenitur
1228 858 1278 884 ea
1308 843 1467 884 serrula
1497 845 1549 886 ad

111 904 355 946 Stratonem
376 906 634 962 pervenisse.
669 904 770 945 Hoc
785 903 910 945 initio
931 901 1187 959 suspicionis
1209 910 1321 952 orto,
1343 910 1385 941 et
1404 911 1550 958 aperte
1562 914 1592 944 P·
1609 908 1657 938 56.

109 960 358 1004 insimulato
401 963 616 1013 Stratone,
659 976 764 1018 puer
805 961 876 1002 iile
917 959 1114 1001 conscius
1160 958 1406 1015 pertimuit:
1460 973 1550 1000 rem
1562 958 1590 978 a.

108 1033 281 1061 omnem
299 1020 487 1062 dominae
511 1020 743 1061 indicavit:
776 1017 1029 1060 hominesin
1052 1016 1219 1073 piscina
1239 1016 1400 1057 inventi
1427 1025 1548 1060 sunt:

109 1076 254 1118 Strato
277 1078 321 1118 in
336 1078 506 1119 vincula
519 1077 743 1132 conjectus
766 1085 854 1118 est:
887 1085 1016 1131 atque
1037 1075 1167 1117 etiam
1191 1074 1234 1115 in
1257 1075 1434 1115 taberna
1455 1074 1548 1129 ejus

103 1135 240 1185 numi,
263 1149 536 1191 nequaquam
567 1149 730 1187 omnes,
761 1134 1046 1190 reperiuntur.
1108 1132 1400 1179 Constituitur
1428 1139 1630 1187 quae-181

103 1192 187 1233 stio
218 1192 271 1234 de
303 1192 433 1234 furto.
464 1208 566 1234 nam
596 1193 698 1248 quid
729 1192 957 1248 quisquam
992 1190 1197 1247 suspicari
1229 1189 1343 1231 aliud
1376 1193 1545 1246 potest?

103 1248 174 1290 An
196 1249 280 1292 hoc
302 1250 474 1293 dicitis?
506 1251 691 1292 armario
707 1249 915 1306 expilato,
934 1249 1119 1305 pecunia
1140 1248 1297 1299 ablata,
1319 1262 1405 1288 non
1428 1247 1545 1289 omni

104 1317 368 1364 recuperata,
391 1309 545 1350 occisis
574 1308 840 1358 hominibus,
872 1307 1116 1347 institutam
1139 1320 1230 1347 esse
1260 1305 1547 1361 quaestionem
1595 1306 1598 1307 ⁷

103 1364 158 1405 de
191 1374 330 1406 morte
367 1365 630 1423 Oppianici?
662 1365 732 1407 cui
767 1364 986 1420 probatis?
1017 1363 1121 1419 quid
1154 1372 1233 1415 est,
1256 1363 1372 1418 quod
1403 1363 1545 1403 minus

102 1422 333 1464 verisimile
367 1423 558 1480 proferre
592 1423 824 1480 potuistis?
872 1421 1056 1472 Deinde,
1080 1430 1128 1461 ut
1158 1421 1355 1462 omittam
1388 1431 1545 1471 cetera,

102 1480 289 1522 triennio
311 1490 411 1536 post
431 1490 616 1522 mortem
632 1479 868 1537 Oppianici
894 1479 946 1519 de
969 1479 1062 1535 ejus
1086 1489 1224 1519 morte
1247 1478 1544 1533 quaerebatur?

98 1535 246 1593 Atque
281 1538 412 1579 etiam
447 1539 623 1580 incensa
655 1538 756 1579 odio
787 1536 986 1593 pristino,
1020 1536 1318 1577 Nicostratum
1361 1536 1544 1576 eundem

98 1593 217 1636 illum
241 1604 333 1636 tum
357 1596 447 1637 sine
468 1611 596 1638 causa
612 1596 655 1637 in
674 1595 961 1651 quaestionem
979 1594 1228 1650 postulavit.
1272 1593 1542 1649 Oppianicus

98 1653 238 1707 primo
271 1654 500 1695 recusavit.
530 1657 864 1710 91posteaquam
898 1652 982 1702 illa,
1011 1651 1293 1692 abducturam
1328 1665 1371 1691 se
1395 1650 1542 1701 filiam,

96 1719 361 1752 mutaturam
383 1726 475 1752 esse
497 1720 817 1760 testamentum,
850 1710 1105 1761 minaretur3
1137 1708 1304 1749 mulieri
1337 1708 1541 1749 crudelis-

97 1768 219 1810 simae
251 1783 420 1810 servum
451 1768 763 1820 fidelissimum,
784 1782 873 1809 non
893 1768 986 1807 92jn
1010 1767 1295 1822 quaestionem
1330 1766 1442 1816 tulit,
1467 1767 1538 1808 sed
1600 1813 1621 1824 μ

97 1824 226 1881 plane
258 1827 311 1867 ad
337 1826 597 1883 supplicium
631 1827 763 1868 dedit.
825 1825 933 1866 Post
954 1825 1188 1865 triennium
1219 1824 1353 1880 igitur
1374 1824 1539 1880 agitata
1591 1830 1621 1862 ξ)

96 1883 282 1939 denique
300 1885 485 1940 quaestio
499 1884 551 1925 de
576 1884 655 1925 viri
678 1893 817 1924 morte
839 1883 1106 1924 habebatur:
1139 1891 1182 1923 et
1198 1881 1250 1922 de
1272 1881 1429 1937 quibus
1453 1896 1538 1922 ser-
1553 1886 1625 1919 18¹2

94 1940 159 1981 vis
178 1941 444 1984 habebatur?
478 1942 620 1993 Nova,
642 1941 786 1991 credo,
810 1955 875 1981 res
910 1941 1099 1995 objecta,
1122 1940 1225 1980 novi
1259 1939 1435 1994 quidam
1459 1939 1537 1980 ho·

94 1999 232 2040 mines
250 1999 292 2039 in
316 1999 607 2055 suspicionem
628 1999 771 2042 vocati
795 2007 908 2039 sunt.
940 2000 993 2039 de
1016 1998 1232 2048 Stratone,
1263 2006 1304 2037 et
1327 1997 1380 2037 de
1405 1996 1538 2038 Nico-

95 2065 244 2097 strato.
306 2057 454 2104 Quid?
495 2057 650 2099 Romae
683 2057 913 2113 quaesitum
943 2057 997 2097 de
1033 2055 1124 2096 istis
1162 2054 1412 2096 hominibus
1453 2069 1539 2096 non

93 2117 210 2155 erat?
254 2113 377 2155 Itane
411 2116 614 2157 tandem?
644 2115 796 2156 mulier
825 2115 920 2170 jain
951 2108 1050 2154 non'
1072 2113 1240 2163 morbo,
1277 2112 1350 2153 sed
1384 2112 1540 2153 scelere

94 2171 270 2223 furiosa,
293 2187 391 2213 cum
423 2173 709 2228 quaestionem
732 2172 954 2213 habuisset
986 2170 1157 2219 Romae,
1180 2185 1278 2211 cum
1299 2169 1351 2210 de
1374 2168 1424 2210 T.
1448 2169 1538 2210 An-

92 2229 170 2280 nii,
202 2229 251 2270 L.
277 2229 448 2281 Rutilii,
493 2230 543 2271 P.
578 2230 753 2281 Saturii,
786 2239 829 2270 et
858 2239 1101 2270 ceterorum
1133 2227 1536 2268 honestissimorum

92 2287 283 2328 virorum
300 2288 514 2329 sententia
535 2288 821 2329 constitutum
844 2296 970 2337 esset,
990 2287 1092 2327 satis
1116 2286 1344 2341 quaesitum
1368 2284 1504 2325 videri
1527 2302 1535 2326 :

90 2344 240 2386 eadem
261 2345 315 2386 de
336 2359 380 2386 re
412 2345 597 2386 triennio
618 2354 732 2402 post,
755 2344 908 2386 iisdem
938 2344 991 2385 de
1025 2343 1291 2394 hominibus,
1323 2341 1440 2384 nullo
1464 2342 1538 2383 ad-

131 2488 170 2520 89
193 2490 225 2517 et
243 2486 331 2517 H-S.
344 2489 364 2509 *-
380 2492 412 2518 et
425 2488 504 2518 auri
527 2487 601 2527 ἅμ]
627 2486 721 2518 Nihil
733 2486 787 2518 hic
830 2485 957 2518 hiliest.
970 2486 1222 2526 Earomm'parte
1232 2485 1535 2515 dentiumaduncus

86 2529 158 2569 opis
181 2529 216 2559 in
240 2529 332 2560 libris
356 2529 396 2561 ad
412 2540 586 2560 numerum
610 2540 722 2560 verum
740 2539 789 2560 re·
832 2529 909 2569 quid
923 2530 996 2560 est?
1023 2530 1156 2559 Serrula
1167 2528 1230 2558 fuit
1243 2528 1370 2557 adunca
1386 2528 1425 2557 eit
1439 2529 1531 2558 omni

85 2571 290 2610 periendum.
313 2572 372 2603 Nil
386 2572 503 2603 melius
515 2573 594 2608 scio,
609 2571 787 2611 quamJac.
832 2578 926 2613 parte
949 2573 1011 2610 sui,
1035 2581 1102 2602 non
1127 2571 1294 2601 dentium:
1333 2569 1387 2600 scd
1418 2570 1532 2600 eadem

85 2613 244 2644 Gronovii
259 2615 501 2654 conjecturam,
516 2615 598 2645 H-S.
614 2624 669 2646 cr..
832 2615 895 2645 fuit
914 2615 955 2645 ab
969 2614 1061 2645 omni
1074 2613 1323 2654 partedentata.
1357 2611 1450 2642 Nihil
1465 2622 1532 2642 cer-

127 2659 168 2690 90
190 2665 231 2686 ex
244 2658 331 2687 omni
339 2661 437 2698 parte
450 2658 633 2695 dentatam,
647 2663 678 2688 et
690 2658 782 2698 tort.]
828 2657 896 2687 tius
916 2666 985 2687 esse
1007 2657 1041 2687 in
1057 2657 1119 2687 hoc
1133 2655 1261 2695 quidem
1278 2664 1396 2694 generi„¹
1412 2659 1532 2695 potest.

86 2697 209 2738 Recepi
252 2698 430 2730 lectionem
466 2700 641 2730 Prisciani:
687 2711 786 2740 quam
872 2702 910 2733 91
949 2696 1412 2739 7testeaquam—minaretur]
1461 2698 1531 2728 Ser.

89 2750 190 2779 qnare
204 2749 271 2770 non
287 2742 456 2782 recipiam,
471 2753 546 2773 cum
561 2743 633 2773 aliis
647 2743 742 2780 locis,
753 2747 788 2772 et
831 2742 1036 2781 qizmtzbgtizct'.

86 2782 200 2823 paullo
226 2787 304 2813 ante
326 2784 361 2814 in
389 2789 577 2822 comestum,
599 2786 669 2825 ejus
691 2786 790 2816 lectio
875 2786 916 2818 92
937 2784 1185 2823 inquoestionem
1201 2781 1292 2821 tulit]
1311 2781 1333 2811 i.
1346 2791 1375 2812 e.
1390 2782 1528 2814 obtulit:

87 2830 206 2856 contra
228 2835 344 2856 omnes
355 2825 437 2856 alios
459 2827 560 2857 libros
576 2833 708 2868 recepta
721 2828 788 2858 sit?
834 2830 869 2856 et
894 2827 941 2857 sie
967 2826 1053 2856 forte
1073 2824 1262 2865 legendum.
1286 2825 1335 2855 ita
1356 2830 1390 2854 et
1417 2825 1535 2856 melius

85 2867 396 2908 ,Vulgatadentium
403 2873 437 2901 et
445 2869 515 2901 edd.
524 2880 572 2911 pr.
586 2871 733 2908 dentum,
743 2870 792 2901 ni-
835 2869 896 2899 sibi
911 2868 1126 2910 respondent:
1151 2867 1408 2898 obtulit—dedit.

146 2934 253 2963 vor.
274 2935 328 2964 11.
792 2936 817 2963 P
841 2937 869 2977 p
