1907 3231
310 121 359 158 83
926 123 1175 161 ORATIO

312 238 410 266 nem
444 239 577 275 suam,
607 225 746 267 liberti
781 226 1019 282 servuliquc
1049 226 1275 276 nobilium,
1297 226 1425 278 bona,
1455 227 1648 271 fortunas
1670 242 1742 272 ve·

226 279 298 316 1⁴2
311 291 417 322 stras
440 294 688 338 nostrasque
712 297 865 324 vexare
888 287 1088 339 possent?
1116 282 1161 324 Si
1185 283 1226 324 id
1249 293 1392 324 actum
1414 294 1492 336 est,
1516 286 1653 328 fateor
1672 299 1742 328 me

308 353 482 389 errasse,
511 340 584 395 qui
620 340 701 381 hoc
732 340 977 382 maluerim:
1010 341 1146 382 fatcor
1177 340 1396 391 insanisse,
1426 343 1498 398 qui
1530 357 1629 384 cum
1659 341 1741 384 illis

308 397 524 437 senserim.
548 397 718 438 tametsi
741 397 927 448 inermis,
943 397 1128 452 judices,
1151 398 1276 438 sensi.
1337 398 1413 439 Sin
1435 408 1579 441 autern
1604 400 1741 441 victo-

306 451 369 493 ria
399 453 606 494 nobilium
630 464 880 494 ornamento
912 465 1039 509 atque
1068 454 1357 495 emolumento
1384 456 1632 512 reipublicae
1663 471 1742 512 po·

306 509 492 564 puloquc
517 509 714 552 Romano
737 510 864 551 debet
886 525 1001 561 csse;
1036 521 1123 551 tum
1149 525 1247 551 vero
1270 511 1436 565 optimo
1458 524 1501 554 et
1523 513 1739 555 nobilissi-

305 580 376 607 1uo
391 567 545 622 cuique
558 582 695 608 meam
707 567 944 608 orationem
959 567 1245 624 gratissimam
1258 582 1348 611 esse
1361 579 1547 624 oportet.
1571 569 1740 618 Quodsi

305 623 401 678 quis
424 633 501 673 cst,
524 624 597 678 qui
619 633 662 664 et
684 639 727 664 se
749 632 790 664 et
816 639 988 665 causam
1019 624 1115 665 laedi
1148 633 1284 679 putet,
1306 639 1405 666 curn
1429 626 1739 684 Chrysogonus

307 679 597 734 vituperetur3
630 681 662 720 is
685 695 856 721 causam
888 682 1072 737 ignorat,
1095 694 1138 721 se
1170 681 1310 740 ipsum
1339 697 1472 739 prope
1495 699 1579 726 non
1602 684 1740 726 novit.

307 736 449 778 Causa
466 738 580 777 enim
603 737 863 793 splendidior
886 738 974 789 fiet,
993 738 1026 778 si
1051 737 1310 793 nequissimo
1329 740 1484 794 cuique
1506 741 1738 783 resistetur.

306 792 382 833 llle
407 794 747 850 improbissimus
772 794 1046 852 Chrysogoni
1070 794 1225 843 fautor,
1248 795 1321 850 qui
1354 796 1432 837 sibi
1457 813 1555 839 curn
1579 799 1651 840 illo
1673 813 1741 839 ra-

305 850 467 892 tionem
498 853 859 893 communicatam
892 861 1028 909 putat,
1059 851 1244 902 laeditur,
1266 867 1364 893 cum
1395 855 1449 894 ab
1483 853 1567 897 hoc
1598 854 1738 912 splen-

307 907 408 948 dore.
430 923 568 949 causa‘
593 918 824 965 separatur.

222 970 292 1003 143
365 964 522 1005 Verum
555 965 647 1006 haec
678 967 816 1006 omnis
847 966 984 1007 oratio
1017 970 1086 1018 (ut
1111 965 1206 1022 jam
1245 974 1344 1008 ante
1377 966 1488 1020 dixi)
1520 983 1617 1010 mea
1649 977 1740 1012 est:

306 1036 391 1076 qua
423 1036 489 1062 me
519 1023 581 1062 uti
613 1023 866 1078 respublica,
898 1032 942 1064 et
973 1023 1094 1064 dolor
1126 1037 1259 1073 meuS,
1293 1034 1337 1065 et
1370 1024 1549 1068 istorum
1582 1025 1740 1081 injuria

261 1081 290 1110 b·
306 1079 466 1134 coegit.
527 1079 609 1119 Sed
632 1079 814 1121 Roscius
838 1080 990 1121 horum
1013 1080 1072 1121 nil
1094 1079 1320 1136 indignum
1344 1091 1490 1138 putat:
1522 1084 1741 1125 neminem

305 1145 501 1178 accusat:
532 1136 639 1176 nihil
661 1136 713 1177 de
735 1152 811 1177 suo
835 1137 1093 1193 patrimonio
1116 1137 1332 1192 queritur:
1364 1149 1490 1194 putat
1510 1140 1640 1182 homo
1659 1140 1741 1182 im-

306 1193 466 1247 peritus
499 1207 681 1244 morum,
713 1194 901 1250 agricola
928 1203 972 1235 et
1007 1194 1204 1245 rusticus,
1235 1194 1318 1235 ista
1343 1196 1502 1248 omnia,
1534 1212 1631 1253 quae
1662 1211 1738 1239 vos

306 1263 380 1304 per
411 1249 569 1290 Sullam
594 1260 715 1305 gesta
742 1266 832 1292 esse
863 1251 1022 1302 dicitis,
1044 1265 1174 1301 more,
1197 1251 1305 1307 lege,
1328 1250 1428 1307 jure
1458 1254 1654 1310 gentium
1676 1253 1741 1295 fa-

305 1316 398 1355 cta:
431 1306 557 1363 culpa
577 1307 794 1359 liberatus,
817 1317 859 1349 et
887 1308 1066 1350 crimine
1096 1307 1259 1349 nefario
1283 1310 1445 1351 solutus
1467 1311 1589 1368 cupit
1617 1326 1647 1352 a
1663 1325 1740 1352 vo-

221 1363 291 1395 144
306 1362 370 1403 bis
393 1363 623 1406 discedere.
647 1364 690 1406 Si
716 1365 795 1406 hac
818 1365 995 1422 indigna
1013 1365 1256 1421 suspicione
1274 1378 1431 1419 careat,
1449 1369 1594 1411 animo
1613 1382 1739 1424 aequo

304 1434 348 1461 se
378 1436 520 1462 carere
551 1422 636 1462 suis
668 1423 867 1464 omuibus
898 1422 1136 1463 commodis
1166 1422 1286 1463 dicit.
1319 1433 1443 1480 rogat
1472 1434 1651 1481 oratque
1683 1433 1740 1477 te,

304 1477 603 1534 Chrysogone,
627 1479 660 1519 si
683 1480 789 1520 nihil
811 1480 863 1520 ‹le
887 1480 1018 1535 patris
1042 1479 1223 1521 fortunis
1256 1481 1528 1536 amplissimis
1551 1483 1595 1523 in
1618 1496 1738 1523 suam

301 1549 389 1575 rem
411 1536 647 1577 convertit:
682 1537 715 1577 si
748 1536 862 1577 nulla
894 1537 934 1577 in
971 1551 1013 1577 re
1047 1545 1086 1578 te
1120 1535 1358 1590 fraudavit;
1389 1539 1423 1579 si
1463 1539 1542 1581 tibi
1573 1539 1740 1596 optima

304 1591 387 1632 fide
418 1607 494 1633 sua
523 1593 668 1634 omnia
698 1593 924 1643 concessit,
954 1594 1263 1646 adnumeravit,
1287 1595 1520 1652 appendit;
1550 1596 1585 1637 si
1607 1595 1737 1638 vesti-

305 1654 411 1699 tum,
441 1664 527 1705 quo
557 1650 646 1706 ipse
678 1660 814 1693 tectus
845 1661 948 1701 erat,
975 1653 1016 1686 92
1029 1651 1319 1707 annulumque
1351 1652 1404 1693 de
1438 1653 1577 1710 digito
1613 1667 1738 1695 suum

305 1706 384 1746 tibi
410 1707 610 1759 tradidit;
642 1709 675 1748 si
699 1723 753 1749 ex
776 1709 975 1749 omuibus
1007 1709 1132 1750 rebus
1164 1723 1207 1750 se
1238 1709 1378 1765 ipsum
1400 1711 1578 1762 nudum,
1599 1725 1742 1766 neque

304 1772 512 1819 praeterea
531 1765 764 1819 quidquam
788 1765 987 1821 excepit3
1020 1775 1066 1806 ut
1087 1765 1167 1807 sibi
1192 1780 1265 1822 per
1288 1776 1329 1807 te
1359 1766 1486 1808 liceat
1516 1767 1738 1821 innocenti

222 1820 293 1868 50
305 1821 537 1861 amicorum
562 1822 717 1877 opibus
742 1822 870 1864 vitam
896 1823 935 1863 iu
961 1831 1151 1879 egestate
1172 1823 1343 1879 degere.
1383 1823 1555 1866 Praedia
1573 1821 1670 1866 me'a
1690 1833 1739 1866 tu

220 1878 519 1933 145posside53
551 1894 632 1934 ego
664 1879 801 1921 alicua
830 1879 1123 1921 misericordia
1145 1880 1268 1922 vivo:
1300 1881 1517 1923 concedo:
1548 1891 1592 1922 et
1621 1881 1743 1937 quod

301 1935 468 1975 animus
500 1951 647 1990 aequus
670 1946 748 1987 est,
771 1947 814 1978 et
835 1937 937 1992 quia
967 1951 1137 1978 necesse
1159 1945 1237 1978 est.
1260 1953 1355 1979 mea
1376 1939 1527 1980 domus
1550 1938 1629 1980 tibi
1661 1954 1737 1995 pa-

303 1992 377 2042 tet,
407 1992 513 2033 mihi
537 1992 680 2034 clausa
708 2003 795 2035 est:
830 1994 934 2035 foro.
967 1994 1129 2035 familia
1157 2009 1252 2036 mea
1274 1996 1464 2037 maxima
1484 1996 1631 2046 uteris,
1652 2010 1736 2052 ego

299 2061 466 2090 servum
491 2049 631 2090 habeo
652 2051 839 2093 nullum:
874 2051 1027 2107 patior,
1048 2060 1093 2092 et
1114 2051 1336 2093 ferendum
1359 2063 1480 2109 puto.
1531 2052 1650 2100 Quid
1673 2053 1737 2094 vis

298 2106 509 2162 amplius?
539 2108 642 2162 quid
673 2109 935 2163 insequeris?
967 2109 1069 2163 quid
1093 2110 1348 2165 oppugnas?
1378 2109 1528 2165 quain
1551 2124 1594 2151 re
1617 2118 1736 2152 tuam

298 2162 563 2205 voluntatem
595 2164 692 2206 laedi
724 2181 748 2206 a
775 2180 842 2206 ine
877 2168 1028 2221 putas?
1059 2167 1134 2207 ubi
1168 2167 1252 2206 tuis
1286 2166 1526 2208 commodis
1558 2166 1733 2209 officio?

297 2220 399 2274 quid
426 2220 504 2261 tibi
527 2220 681 2273 obsto?
722 2223 766 2263 Si
791 2223 1023 2278 spoliorum
1046 2238 1174 2264 causa
1195 2223 1259 2264 vis
1281 2223 1500 2265 hominem
1522 2222 1732 2275 occidere,

298 2276 505 2332 spoliasti.
566 2279 682 2325 Quid
727 2281 883 2335 quaeris
925 2279 1135 2336 amplius?
1168 2280 1213 2322 Si
1256 2280 1605 2323 inimicitiarum:
1636 2295 1735 2337 quae

298 2343 398 2374 sunt
428 2335 506 2375 tibi
539 2335 777 2378 inimicitiae
801 2351 899 2377 cum
929 2351 995 2388 eo,
1018 2339 1141 2393 cujus
1171 2347 1270 2378 ante
1301 2337 1463 2394 praedia
1493 2337 1736 2395 possedisti,

298 2404 426 2444 quam
457 2392 597 2447 ipsum
620 2394 847 2449 cognosti?
881 2393 955 2434 Sin
987 2395 1166 2447 metuis3
1197 2397 1236 2428 93
1250 2395 1304 2436 ab
1326 2409 1434 2435 eone
1463 2394 1624 2451 aliquid
1647 2408 1737 2436 me-

299 2447 398 2499 tuis,
421 2463 548 2503 quem
574 2450 688 2491 vides
711 2451 851 2507 ipsum
873 2451 927 2491 ab
950 2465 1040 2492 sese
1070 2461 1157 2493 tam
1188 2460 1377 2493 atrocem
1406 2450 1608 2507 injuriam
1635 2466 1735 2509 pro·

338 2560 381 2594 9‘2
392 2562 616 2602 annulumque
628 2563 666 2594 de
679 2563 781 2604 digito
794 2565 904 2605 suum]
925 2565 997 2597 Hoc
1039 2566 1117 2597 sti-is
1129 2565 1251 2596 ordinis
1263 2565 1403 2606 insigne,
1417 2570 1458 2596 ut
1469 2564 1563 2596 facile
1578 2564 1736 2605 intelligi-

297 2606 347 2631 est
369 2612 408 2632 ex
430 2603 581 2643 elegante
603 2607 804 2638 correctione
832 2607 994 2638 Lambini.
1039 2614 1105 2639 tur.

296 2643 337 2674 In
362 2644 438 2675 Mss.
465 2652 500 2675 et
523 2646 593 2676 edd.
619 2653 696 2679 ante
718 2653 806 2679 erat:
831 2651 995 2681 annulum
1079 2654 1119 2685 93
1142 2651 1183 2680 ab
1197 2659 1271 2680 eone
1285 2649 1411 2689 aliquid
1431 2648 1560 2689 metuis]
1586 2649 1733 2680 Graevius

294 2685 395 2722 dedu,
411 2697 444 2716 οε
458 2697 553 2718 suum
567 2690 624 2719 tibi
640 2694 682 2719 tr.
698 2691 914 2722 vitiosissime.
938 2693 994 2723 Se·
1037 2704 1054 2722 o
1069 2693 1133 2724 Ms.
1147 2693 1260 2723 Franc.
1272 2691 1374 2722 edidit
1387 2696 1526 2728 metuas,
1542 2695 1579 2721 ut
1590 2696 1640 2722 est
1652 2691 1733 2722 etin

294 2727 362 2758 cuti
387 2733 466 2758 sunt
494 2729 578 2760 hane
603 2734 839 2763 correctionem
864 2744 989 2766 ornnes.
1032 2736 1093 2766 Gu.
1122 2734 1193 2774 Ego
1209 2734 1377 2773 vulgatum
1390 2735 1526 2770 servavi,
1542 2734 1618 2773 quia
1629 2733 1732 2764 etiam

295 2768 335 2799 ln
358 2769 394 2800 P.
416 2769 560 2802 Manutii
580 2777 692 2804 tamen
712 2774 761 2804 ed.
784 2778 873 2806 1540.
897 2782 989 2807 vetus
1031 2782 1108 2807 ante
1133 2781 1185 2808 est
1206 2776 1263 2808 illa
1284 2776 1402 2814 forma,
1425 2782 1464 2807 ut
1484 2785 1554 2817 quoe
1575 2779 1658 2807 sunt>
1674 2775 1733 2806 tibi

293 2810 398 2842 adhuc
410 2810 509 2843 lectio
523 2819 582 2845 est.
627 2815 864 2855 Intelligendus
877 2823 987 2849 autem
1031 2820 1123 2850 e'm'm.
1143 2820 1206 2850 &ef

292 2860 342 2884 est
356 2854 497 2886 annulus
514 2857 724 2897 signatorius,
746 2869 811 2890 non
826 2860 878 2890 illc
892 2871 988 2900 equo-
