1907 3231
299 139 378 174 65⁶
870 132 1116 171 ORATIO
1142 131 1172 169 I.

300 249 350 281 ut
371 239 494 281 exsul
523 237 666 295 potius
697 244 875 289 tentare,
906 221 1034 292 quain
1055 233 1206 276 consul
1235 247 1391 275 vexare
1421 231 1732 290 rempublicam

334 311 474 338 osses:
505 306 634 352 atque
662 305 711 337 ut
740 296 799 347 id,
825 295 939 350 quod
970 303 1081 333 esset
1109 308 1135 333 a
1163 301 1207 332 te
1237 290 1439 332 scelerate
1469 300 1730 347 susceptum,

301 311 576 396 latrocinium
597 353 756 410 potius,
778 365 904 406 quam
928 349 1086 390 bellum
1106 348 1413 391 nominaretur.

223 414 247 461 1
264 414 289 460 1
362 411 506 463 Nune,
523 420 572 452 ut
593 427 617 452 a
638 424 719 460 me,
742 418 881 464 patres
903 406 1153 461 conscripti,
1173 406 1386 460 quandam
1418 419 1553 469 prope
1567 403 1731 459 justam

304 469 456 525 patriae
470 467 778 524 querimoniam
802 465 1049 505 detester-ac
1070 463 1294 518 deprecer;
1327 463 1550 519 perciplte,
1570 474 1734 516 quaem,

302 526 546 584 diligenter,
569 539 665 579 quae
687 523 843 572 dicam,
864 530 908 562 et
929 535 979 561 ea
1010 520 1180 576 penitus
1212 520 1364 560 animis
1398 520 1548 560 vestris
1578 517 1735 558 menti-

304 583 470 638 busque
491 582 706 622 mandate.
768 578 955 629 Etenim,
978 578 1012 618 si
1036 591 1202 618 mecum
1226 577 1378 633 patria,
1399 591 1496 633 quae
1518 576 1626 618 mihi
1647 575 1737 616 vita

302 655 401 682 mea
423 639 557 679 multo
580 646 645 678 est
666 636 830 687 carior;
862 636 895 676 si
918 645 1075 676 cuncta
1097 634 1245 684 Italia;
1276 634 1311 674 si
1333 634 1472 674 omnis
1494 633 1737 690 respublica

300 698 524 752 loquatur,
570 693 637 735 M.
659 692 788 744 Tulli,
809 692 912 748 quid
945 692 1066 748 agis?
1097 702 1200 732 tune
1231 705 1347 741 eum,
1378 705 1506 745 quem
1535 705 1626 732 esse
1657 690 1736 731 ho-

303 765 410 795 stem
443 751 707 807 comperisti,
737 765 864 806 quem
893 749 1047 790 ducem
1079 747 1179 789 belli
1209 748 1403 789 futurum
1436 747 1569 798 vides,
1608 760 1737 804 quem

303 809 545 865 exspectari
569 809 871 864 imperatorem
894 807 938 847 in
960 806 1110 847 castris
1138 805 1325 846 hostium
1351 805 1497 856 sentis,
1519 812 1738 846 auctorem

304 867 489 917 sceleris,
525 866 764 922 principem
795 863 1121 919 conjurationis,
1151 872 1421 904 evocatorem
1456 875 1674 904 servorum
1695 873 1740 903 et

304 925 467 966 civium
500 923 781 980 perditorum,
811 922 929 963 exire
959 921 1147 977 patieris,
1177 928 1225 960 ut
1258 920 1334 961 abs
1367 929 1410 961 te
1440 934 1529 961 non
1561 918 1740 961 emissus

307 997 363 1023 ex
387 982 506 1031 urbe,
528 980 600 1020 sed
623 980 838 1020 immissus
860 979 902 1019 in
925 979 1075 1019 urbem
1098 992 1188 1018 esse
1214 977 1432 1019 videatur?
1462 990 1605 1018 nonne
1625 976 1742 1018 hunc

309 1040 354 1080 in
377 1037 548 1080 vincula
569 1037 682 1087 duci,
706 1051 792 1077 nou
815 1037 867 1077 ad
890 1046 1073 1076 mortem
1094 1036 1202 1091 rapi,
1221 1049 1307 1075 non
1339 1049 1507 1076 summo
1529 1033 1743 1090 supplicio

247 1100 298 1134 ⁶28
310 1096 489 1137 mactari
520 1094 778 1150 imperabis?
839 1093 956 1140 Quid
980 1092 1154 1133 tandem
1184 1092 1366 1147 impedit
1385 1094 1453 1134 te?
1483 1105 1632 1132 mosne
1653 1104 1744 1133 ma·

180 1159 211 1189 p.
229 1151 286 1180 103

267 1202 286 1222 a

250 1683 303 1719 29
315 1671 396 1726 gis.

239 1893 303 1941 12
319 1899 471 1942 cendio
500 1897 866 1953 conflagraturum
882 1898 895 1936 ?

293 1154 480 1209 ·jorum?
510 1163 554 1192 at
577 1165 769 1208 persaepe
790 1150 920 1191 etiam
946 1151 1099 1206 privati
1122 1150 1164 1190 in
1184 1149 1265 1189 hac
1285 1149 1505 1204 republica
1531 1149 1745 1205 pernicio-

292 1215 379 1252 'sos
399 1211 513 1252 cives
532 1219 671 1250 morte
694 1208 955 1249 multarunt:
988 1222 1041 1248 an
1065 1207 1195 1263 leges,
1217 1221 1315 1261 quae
1337 1206 1440 1248 63de
1469 1206 1630 1248 civium
1655 1205 1746 1247 Ro-

308 1281 535 1310 manorum
557 1266 770 1322 supplicio
793 1274 956 1321 rogatae
980 1268 1109 1306 sunt?
1140 1274 1185 1305 at
1206 1278 1441 1319 numquam
1463 1263 1508 1305 in
1528 1263 1615 1305 hao
1641 1264 1746 1304 urbe

309 1327 354 1377 ii,
378 1325 451 1381 qui
470 1340 496 1365 a
516 1324 737 1380 republica
752 1322 1016 1373 defecerunt,
1030 1321 1303 1377 civiumjura
1323 1329 1574 1363 tenuerunt:
1605 1335 1660 1362 an
1683 1320 1747 1361 in·

313 1383 471 1425 vidiam
493 1381 758 1438 posteritatis
783 1381 929 1421 times?
960 1378 1209 1435 praeclaram
1231 1393 1332 1420 vero
1354 1379 1515 1435 populo
1547 1377 1747 1420 Romano

309 1440 442 1482 refers
473 1439 672 1496 gratiam,
704 1438 778 1493 qui
810 1447 866 1488 te,
899 1436 1121 1478 hominem
1166 1450 1242 1492 per
1280 1446 1321 1476 te
1359 1437 1600 1492 cognitum,
1635 1435 1751 1476 nulla

310 1496 687 1540 commendatione
700 1494 928 1549 majorum,
945 1503 1030 1534 tam
1046 1503 1210 1534 mature
1223 1493 1276 1534 ad
1291 1508 1505 1534 summum
1520 1493 1747 1549 imperium
1769 1515 1771 1518 f

312 1570 389 1613 per
422 1568 570 1595 omnes
603 1553 817 1594 honorum
853 1552 1009 1607 gradus
1040 1550 1211 1600 extulit,
1241 1551 1274 1590 si
1308 1560 1485 1607 propter
1525 1550 1748 1602 invidiam,

314 1622 389 1654 aut
409 1611 590 1666 alicujus
613 1609 790 1666 periculi
811 1618 990 1659 metum,
1015 1608 1195 1649 salutem
1226 1608 1386 1648 civium
1411 1618 1582 1649 tuorum
1612 1607 1749 1664 negli-

458 1669 557 1718 Sed,
581 1668 615 1708 si
634 1667 728 1722 quis
750 1674 815 1706 est
847 1665 1021 1706 invidiae
1053 1675 1216 1716 metus;
1246 1679 1351 1705 num
1369 1674 1434 1705 est
1454 1665 1750 1706 vehementius

316 1726 557 1769 severitatis
579 1740 629 1766 ac
648 1723 915 1765 fortitudinis
934 1722 1110 1774 invidia,
1138 1736 1266 1777 quam
1289 1722 1456 1763 inertiae
1473 1737 1523 1764 ac
1544 1722 1752 1778 nequitiae

315 1782 686 1841 pertimescenda?
716 1780 802 1831 An,
825 1795 923 1823 cum
956 1779 1067 1820 bello
1098 1778 1338 1820 vastabitur
1369 1778 1510 1830 Italia,
1533 1780 1755 1820 vexabun-

320 1853 387 1883 tur
409 1842 550 1891 urbes,
570 1848 685 1880 tecta
705 1838 931 1888 ardebunt,
963 1846 1055 1877 tum
1076 1845 1117 1877 te
1138 1851 1226 1877 non
1247 1837 1471 1877 existimas
1491 1836 1667 1878 invidiae
1689 1837 1756 1878 in-

956 1894 1039 1935 His
1075 1908 1157 1950 ego
1193 1893 1473 1935 sanctissimis
1504 1893 1755 1950 reipublicae

321 1956 514 2006 vocibus,
537 1965 580 1995 et
609 1968 759 1995 eorum
789 1952 1030 2002 hominum,
1053 1952 1126 2007 qui
1149 1951 1263 1992 idem
1286 1951 1491 2000 sentiunt,
1521 1952 1755 2004 mentibus,

318 2029 458 2071 pauca
479 2011 762 2068 respondebo.
824 2009 935 2065 Ego,
955 2010 988 2050 si
1012 2009 1095 2050 hoc
1126 2009 1341 2065 optimum
1363 2008 1481 2050 factu
1496 2008 1755 2063 judicarem,

317 2081 458 2128 patres
491 2068 741 2124 conscripti,
766 2067 1002 2109 Catilinam
1031 2075 1171 2107 morte
1202 2065 1398 2118 multari;
1429 2066 1557 2106 unius
1587 2079 1759 2107 usuram

315 2130 436 2170 horae
456 2126 683 2184 gladiatori
701 2125 771 2165 isti
795 2125 847 2166 ad
867 2124 1096 2165 vivendum
1119 2138 1206 2164 non
1229 2123 1455 2164 dedissem.
1517 2122 1705 2176 Etenim,
1723 2123 1760 2164 si

316 2186 358 2217 6⁴
371 2185 526 2227 summi
552 2184 646 2234 viri,
660 2192 704 2223 et
724 2181 949 2224 clarissimi
965 2181 1096 2231 cives,
1119 2180 1356 2231 Saturnini,
1375 2192 1419 2221 et
1441 2179 1756 2233 Gracchorum,

317 2252 362 2284 et
384 2241 544 2291 Flacci,
562 2251 606 2281 et
625 2240 892 2296 superiorum
912 2237 1202 2294 complurium
1224 2238 1433 2294 sanguine
1450 2252 1537 2278 non
1559 2238 1690 2279 modo
1713 2253 1757 2280 se

316 2314 406 2342 non
436 2297 801 2349 contaminarunt,
836 2296 909 2337 sed
939 2295 1073 2337 etiam
1111 2295 1422 2347 honestarunt;
1450 2296 1490 2327 65
1505 2303 1620 2337 certe
1649 2295 1760 2337 mihi

319 2453 463 2484 comitiis
485 2451 711 2482 consularibus
733 2451 818 2482 ratio
834 2460 900 2481 non
921 2449 1022 2481 habe-

321 2500 424 2525 retur.
467 2494 558 2525 Male
593 2494 724 2533 quidam
761 2493 954 2533 intelligunt
983 2492 1021 2522 de

323 2537 477 2574 comitiiS,
515 2536 630 2577 quibus
665 2536 779 2566 Cicero
823 2535 1023 2576 competitor

322 2588 399 2609 eum
426 2579 516 2609 vicit.
560 2579 799 2618 Competitores
826 2587 894 2608 non
920 2577 1023 2618 repel-

323 2620 411 2658 lunt,
427 2621 482 2651 sed
499 2620 638 2661 populus
653 2625 686 2650 et
701 2620 923 2660 magistratu&

365 2663 405 2694 63
428 2663 466 2693 de
479 2664 633 2704 supplicio
647 2663 767 2693 civium
788 2662 900 2702 Rom]
935 2661 1025 2692 Male

322 2704 471 2735 Graevius
499 2716 517 2735 e
542 2705 632 2735 libris
660 2714 720 2735 scr.
744 2705 870 2735 duobus
902 2705 1026 2743 recepit

321 2748 445 2778 m'vz'um
458 2757 601 2784 reorum,
613 2747 700 2787 quod
714 2751 747 2777 et
761 2747 832 2778 edd.
849 2747 947 2778 Rom.
963 2745 1018 2777 ΒΓ.

1065 2448 1124 2479 bus
1150 2453 1209 2480 aut
1235 2447 1429 2489 simpliciter
1450 2450 1500 2478 est
1522 2447 1602 2478 civis
1622 2456 1759 2485 nomen,

1066 2498 1125 2522 aut
1140 2502 1217 2522 cum
1231 2490 1386 2531 adjuncto
1401 2489 1496 2521 Rom.
1511 2500 1541 2519 v.
1556 2494 1590 2519 et
1605 2489 1684 2520 infr.
1699 2490 1760 2527 lv,

1067 2537 1095 2565 5.
1138 2534 1240 2565 Amor
1252 2533 1410 2564 librorum
1425 2541 1559 2562 suorum
1571 2532 1700 2574 decepit
1713 2534 1760 2563 vi-

1066 2586 1139 2609 rum
1155 2576 1302 2613 doctum,
1316 2580 1356 2605 ut
1367 2574 1458 2605 alios.

1108 2619 1150 2649 64
1169 2618 1291 2648 summi
1312 2618 1421 2647 viriet
1443 2618 1483 2647 cl.
1497 2616 1594 2656 cives]
1630 2615 1761 2647 EquV.

1066 2661 1187 2692 summi
1196 2664 1227 2690 et
1239 2662 1322 2690 clar.
1334 2659 1409 2689 viri.
1423 2659 1630 2689 Graevianum
1640 2661 1763 2689 summi

1068 2708 1100 2734 et
1111 2705 1152 2733 cl.
1168 2703 1233 2732 virt
1247 2703 1330 2732 cives
1341 2711 1408 2731 non
1423 2700 1542 2741 placet.

1104 2745 1145 2776 65
1167 2749 1253 2775 certe
1276 2744 1357 2775 mihi
1375 2754 1404 2774 υ.
1425 2754 1458 2774 n.
1472 2744 1515 2784 e.]
1541 2743 1593 2774 Sic
1614 2742 1763 2773 Graevius

320 2787 457 2820 habent.
483 2789 564 2828 Quis
574 2790 619 2819 sic
632 2789 803 2828 loquitur?
829 2789 890 2819 Est
906 2793 1018 2819 autem
1062 2788 1147 2818 bene
1160 2796 1220 2827 pro
1234 2796 1262 2816 c.
1277 2796 1308 2817 v.
1323 2786 1404 2816 mihi
1418 2796 1453 2816 n.
1467 2795 1494 2816 e.
1538 2785 1602 2817 Sed
1617 2785 1700 2815 mihi
1711 2791 1766 2815 ta-

319 2831 439 2862 modus
460 2831 615 2871 loquendi
633 2842 650 2862 e
671 2832 797 2871 legibus
812 2830 851 2862 de
867 2832 944 2871 jure
968 2830 1023 2860 Ci-
1064 2839 1143 2861 men
1153 2829 1289 2859 verbum
1304 2829 1387 2859 mihi
1400 2831 1590 2868 suspectum
1603 2831 1668 2857 est:
1684 2835 1763 2858 nam

323 2873 414 2905 vium
427 2874 525 2907 Rom.
546 2878 587 2906 ut
600 2873 716 2906 Porcia
736 2878 771 2906 et
784 2872 869 2914 aliis,
893 2873 929 2904 in
951 2872 1023 2913 qui·
1065 2878 1098 2903 et
1111 2875 1187 2913 post
1200 2875 1251 2903 est
1265 2871 1358 2909 mihi,
1373 2880 1436 2911 quo
1445 2870 1519 2903 loco
1532 2869 1663 2912 proprie
1675 2874 1764 2900 stare
