1907 3231
444 137 566 177 ACT.
594 138 645 177 II.
686 136 874 175 LIBER
898 136 1181 177 QUINTUS.
1447 137 1529 171 *408

98 243 386 298 Syracusanas
405 256 553 283 omnes
576 242 779 284 audistis:
810 241 1002 299 plerique
1023 240 1174 281 nostis.
1235 239 1357 295 Opus
1379 248 1444 280 est
1464 237 1529 280 in-

94 315 200 355 gens
229 299 506 356 magnificum
531 313 680 355 regum
704 315 753 341 ac
784 308 1078 355 tyrannorum.
1100 306 1239 337 totum
1261 309 1325 337 est
1347 311 1399 337 ex
1424 311 1530 338 saxo

92 357 139 397 in
166 357 403 397 mirandam
432 356 705 397 altitudinem
732 357 946 412 depresso,
974 364 1018 396 et
1038 353 1270 395 multorum
1293 354 1434 408 operis
1456 368 1528 408 pe—

92 414 209 454 nitus
231 413 393 454 exciso.
416 413 524 453 nihil
546 426 633 454 tam
651 414 841 455 clausum
865 413 918 454 ad
940 413 1097 463 exitus,
1118 410 1226 452 nihil
1248 419 1336 451 tam
1360 419 1529 465 septum

95 470 297 525 undique,
329 470 437 511 nihil
458 479 546 511 tarn
569 480 709 511 tutum
733 471 785 512 ad
809 470 1040 520 custodias,
1069 483 1148 509 nec
1177 468 1284 518 fieri,
1306 481 1386 507 nec
1408 466 1530 521 cogi-

94 528 174 568 tari
204 536 361 583 potest.
423 526 474 568 In
507 527 582 568 has
613 528 856 578 lautumias,
885 527 919 568 si
948 527 1022 582 qui
1055 525 1228 583 publice
1256 522 1528 566 custodiendi

93 593 207 635 sunt,
237 584 368 625 etiam
404 599 458 625 ex
483 585 635 626 ceteris
668 585 839 641 oppidis
873 584 1033 626 Siciliae
1060 583 1213 624 deduci
1248 583 1526 638 imperantur.

93 640 160 682 Eo
174 642 291 696 quod
310 641 467 683 multos
484 642 680 698 captivos
701 644 815 683 cives
838 642 1057 682 Romanos
1073 640 1333 695 conjecerat,
1350 647 1394 679 et
1411 637 1525 693 quod
1538 650 1589 687 69

91 698 242 739 eodem
259 708 424 739 ceteros
443 700 601 754 piratas
618 698 817 740 contrudi
835 699 1087 753 imperarat3
1111 697 1339 747 intellexit,
1359 696 1392 737 si
1412 695 1529 736 hunc

92 755 371 797 subditicium
394 756 697 812 archipiratam
718 756 760 796 in
779 755 957 796 eandem
976 755 1217 796 custodiam
1239 754 1440 804 dedisset,
1461 752 1528 792 fo·-

90 827 151 864 re,
185 822 233 853 ut
264 828 288 853 a
316 813 477 864 multis,
509 814 590 854 illis
621 814 663 854 in
686 812 921 862 lautumiis,
954 814 991 845 87
1004 826 1126 852 verus
1149 811 1218 852 ille
1247 812 1336 852 dux
1364 824 1529 865 quaere-

91 878 220 911 retur.
282 870 436 925 Itaque
461 871 681 911 hominem
715 869 816 910 huic
843 868 1022 925 optimae
1051 868 1364 923 tutissimaeque
1386 876 1531 908 eusto-

90 927 174 968 diae
198 942 284 969 non
307 928 435 968 audet
455 927 741 968 committere.
760 925 946 981 denique
976 926 1208 980 Syracusas
1236 934 1350 966 totas
1382 925 1527 965 timet:

88 984 309 1026 Amandat
341 984 575 1026 hominem.
597 987 708 1039 quo?
742 983 985 1038 Lilybaeum
1014 982 1209 1023 fortasse.
1270 982 1434 1023 Video:
1468 990 1531 1022 ta-

90 1056 189 1083 men
222 1042 416 1083 homines
448 1041 686 1082 maritimos
720 1055 806 1081 non
842 1040 967 1096 plane
1001 1039 1265 1081 reformidat.
1326 1038 1530 1090 Minime,

82 1099 270 1154 ,judices
332 1098 593 1139 Panormum
617 1099 776 1155 igitur?
809 1096 977 1138 Audio:
1008 1112 1268 1153 quamquam
1292 1096 1532 1152 Syracusis,

89 1156 296 1211 quoniam
318 1156 363 1197 in
386 1156 656 1212 Syracusano
679 1165 828 1211 captus
848 1164 953 1204 erat,
976 1155 1179 1204 maxime,
1211 1155 1244 1194 si
1269 1154 1409 1194 minus
1429 1169 1530 1209 sup-

90 1213 221 1269 plicio
251 1214 381 1264 affici,
413 1222 457 1254 at
488 1213 695 1254 custodiri
732 1213 976 1268 oportebat.
1038 1211 1106 1252 Ne
1141 1211 1404 1252 Panormum
1433 1212 1528 1267 qui-

77 1271 203 1311 dem.
264 1271 382 1318 Quid
406 1271 566 1327 igitur?
597 1285 683 1326 quo
711 1269 898 1326 putatis?
940 1268 1009 1308 Ad
1028 1268 1224 1309 homines
1247 1284 1272 1308 a
1294 1269 1527 1323 piratarum
1539 1282 1592 1320 70

89 1336 208 1369 metu
230 1338 274 1369 et
296 1328 540 1383 suspicione
557 1328 860 1368 alienissimos:
893 1341 918 1366 a
939 1326 1183 1382 navigando
1207 1327 1417 1381 rebusque
1440 1341 1529 1366 ma-

87 1385 244 1426 ritimis
287 1385 610 1435 remotissimos,
652 1385 705 1425 ad
738 1383 1060 1438 Centuripinos,
1098 1383 1293 1423 homines
1339 1383 1530 1424 maxime

90 1443 439 1493 mediterraneos,
462 1457 651 1483 summos
674 1451 888 1492 aratores;
920 1440 993 1495 qui
1030 1454 1187 1481 nomen
1219 1455 1452 1495 numquam
1475 1441 1529 1480 ti-

87 1501 297 1541 muissent
309 1500 514 1541 maritimi
534 1499 775 1555 praedonis;
807 1512 955 1548 unum,
979 1506 1020 1537 te
1043 1506 1241 1553 praetore,
1263 1497 1528 1538 horruissent

88 1557 346 1614 Apronium,
383 1567 623 1598 terrestrem
662 1556 981 1612 archipiratam.
1045 1554 1115 1606 Et,
1152 1565 1200 1595 ut
1232 1555 1372 1609 quivis
1402 1554 1528 1596 facile
1540 1565 1569 1595 P·
1585 1558 1661 1590 250,

90 1615 365 1672 perspiceret,
397 1615 439 1655 id
462 1615 516 1656 ab
539 1615 622 1655 isto
645 1623 790 1655 actum
812 1627 917 1663 esse,
940 1621 988 1653 ut
1015 1611 1084 1653 ille
1106 1612 1370 1668 supposituS,
1401 1611 1526 1653 facile
1539 1608 1567 1628 ³·

88 1683 131 1713 et
152 1672 348 1724 libenter,
381 1687 425 1713 se
445 1671 580 1723 illum,
604 1671 677 1727 qui
710 1686 796 1712 non
830 1679 935 1720 erat,
957 1684 1047 1710 esse
1070 1669 1310 1720 simularet3
1343 1669 1526 1725 imperat

89 1729 402 1787 Centuripinis,
437 1738 483 1770 ut
512 1729 546 1770 is
570 1729 687 1770 victu
709 1728 948 1784 ceterisque
970 1728 1096 1768 rebus
1124 1742 1253 1782 quam
1281 1726 1525 1768 liberalissi-

86 1802 156 1828 me
178 1787 611 1842 commodissimeque
632 1786 855 1827 habeatur.
909 1785 1079 1826 Interea
1101 1784 1373 1840 Syracusani,
1396 1785 1522 1825 &2110-
1538 1792 1606 1840 28

86 1845 225 1886 mines
257 1844 385 1901 periti
410 1853 453 1885 et
481 1844 674 1895 humani,
696 1844 770 1899 qui
804 1857 891 1884 non
924 1843 1053 1883 modo
1083 1856 1147 1893 ea,
1179 1857 1276 1897 quae
1297 1842 1581 1901 perspicuam

87 1912 243 1954 essent,
261 1902 418 1953 videre,
441 1916 589 1944 verum
607 1902 738 1942 etiam
754 1900 925 1942 occulta
943 1900 1148 1955 suspicari
1164 1909 1363 1955 possent3
1395 1899 1523 1940 89113-

89 1960 250 2001 bebant
271 1960 482 2000 rationem
514 1973 662 2000 omnes
695 1958 889 2013 quotidie
922 1957 1171 2013 piratarum,
1193 1957 1267 2012 qui
1301 1957 1439 1998 securi
1462 1957 1524 1997 fe-

85 2017 290 2058 rirentur:
323 2032 452 2072 quam
493 2015 651 2057 multos
693 2030 784 2057 esse
822 2022 1054 2071 oporteret,
1095 2028 1150 2054 ex
1200 2015 1295 2070 ipso
1331 2014 1523 2071 navigio,

84 2077 126 2108 90
139 2075 254 2130 quod
277 2083 368 2115 erat
389 2083 580 2130 captum,
602 2084 646 2114 et
677 2088 731 2114 ex
755 2087 969 2113 remorum
1002 2085 1181 2112 numero
1214 2071 1525 2126 conjiciebant.
1562 2115 1565 2117 ,

85 2129 189 2183 Iste,
210 2132 325 2188 quod
349 2146 513 2182 omnes,
555 2131 629 2186 qui
663 2130 834 2171 artificii
865 2129 1026 2184 aliquid
1056 2129 1309 2179 habuerant,
1332 2141 1406 2169 aut
1437 2129 1524 2169 for-

85 2203 184 2241 mae,
206 2198 446 2231 removerat
468 2199 597 2244 atque
618 2189 875 2238 abduxerat,
906 2186 1090 2242 reliquos
1113 2186 1163 2236 si,
1185 2196 1233 2226 ut
1255 2187 1522 2227 consuetudo

84 2256 162 2298 est,
197 2248 418 2288 universos
451 2247 503 2287 ad
541 2245 685 2302 palum
720 2245 950 2300 alligasset,
981 2245 1212 2285 clamorem
1245 2243 1393 2299 populi
1431 2243 1523 2284 fore

86 2304 400 2361 suspicabatur,
423 2319 522 2345 cum
543 2313 665 2344 tanto
689 2303 828 2358 plures
848 2301 1023 2342 abducti
1043 2310 1199 2351 essent,
1221 2315 1349 2355 quam
1369 2300 1521 2342 relicti.

87 2360 270 2418 Propter
302 2362 413 2403 hanc
448 2376 636 2412 causam,
659 2375 757 2401 cum
789 2360 1045 2399 instituisset
1077 2358 1181 2399 alios
1212 2358 1296 2398 alio
1330 2366 1524 2413 tempore

82 2420 344 2473 producere3
377 2427 521 2460 tamen
544 2419 587 2459 in
611 2427 732 2459 tanto
754 2426 970 2458 conventu
995 2430 1120 2456 nemo
1142 2426 1246 2466 erat,
1266 2415 1370 2470 quin
1393 2415 1522 2456 ratio-

124 2589 163 2620 87
176 2596 272 2617 verus
286 2589 341 2617 ille
353 2587 422 2617 dux
435 2585 649 2627 quaereretur]
665 2585 716 2616 Ne
732 2585 779 2625 pi-
822 2583 968 2615 Offendit
993 2593 1045 2614 me
1069 2593 1184 2614 omnes,
1229 2582 1281 2614 An
1305 2585 1448 2616 omnium
1472 2592 1523 2618 est

82 2634 176 2665 ratae,
199 2629 233 2659 in
249 2629 418 2660 lautumiis
431 2631 486 2669 qui
500 2634 621 2666 essent,
637 2634 670 2658 et
686 2628 780 2657 illum
823 2627 1023 2666 legendum?

80 2669 312 2710 archipiratam
328 2678 474 2707 nossent,
491 2672 578 2701 hunc
593 2680 660 2701 non
676 2680 777 2709 agno-
862 2673 903 2704 90
926 2670 1008 2708 quod
1022 2673 1094 2698 erat
1108 2671 1240 2706 captum
1256 2672 1288 2699 ec
1301 2679 1341 2699 ex
1354 2680 1521 2702 remorum

80 2718 221 2749 scerent,
236 2717 270 2743 et
284 2723 394 2743 verum
409 2713 642 2754 archipiratam
656 2712 777 2743 deside·
821 2711 870 2750 w]
918 2712 969 2741 Sic
995 2721 1055 2751 pro
1082 2710 1216 2749 vulgato
1238 2721 1266 2750 q.
1283 2721 1309 2741 e.
1313 2711 1452 2751 filetum
1467 2724 1522 2744 sex

81 2761 211 2793 rarent;
236 2765 264 2785 v.
281 2755 371 2786 Clav.
384 2756 418 2785 in
433 2765 587 2795 quarere.
822 2764 848 2783 r.
863 2764 896 2783 n.
912 2754 1018 2793 recepi
1031 2763 1107 2783 cum
1121 2752 1276 2783 Graevioe
1289 2754 1372 2789 Mss..
1383 2755 1521 2795 aliquot,

123 2800 162 2828 88
186 2798 327 2827 homines
355 2799 460 2837 periti
496 2804 526 2830 et
563 2795 716 2836 lammam]
747 2806 779 2826 v.
822 2796 856 2826 in
879 2796 929 2826 his
952 2796 1015 2826 Gu.
1052 2795 1265 2835 Respondent
1289 2795 1350 2826 sibi
1370 2797 1456 2828 clare
1483 2809 1523 2830 ez

81 2838 171 2870 Clav.
187 2839 220 2868 in
236 2841 410 2870 humanus.
822 2839 1127 2877 magnitudine—et
1142 2847 1182 2867 ez·
1193 2847 1330 2870 numero
1343 2849 1521 2871 remorum.

122 2884 162 2915 89
185 2881 345 2912 habebant
366 2882 527 2913 rationem
548 2891 656 2912 onmes
679 2891 708 2921 q.
723 2878 774 2920 p.]
794 2881 874 2962 dSic
888 2880 968 2911 olim
984 2879 1085 2911 edidit
1100 2879 1290 2911 Lambinus.

745 2936 773 2963 D
843 2929 868 2963 2
