1907 3231
316 111 394 152 244
852 105 923 144 IN
949 104 1227 144 VERREM

315 218 482 262 ornate,
516 217 564 251 ut
595 217 686 251 erat
719 209 761 251 in
795 209 943 265 primis
975 210 1085 250 inter
1121 224 1218 249 suos
1252 208 1466 265 copiosus,
1504 210 1751 263 convivium

319 277 565 324 comparat:
598 276 723 323 rogat
748 265 975 317 Rubrium,
1009 276 1068 317 ut,
1100 280 1207 320 quos
1230 266 1267 306 ei
1290 266 1564 307 commodum
1586 269 1654 318 sit,
1687 268 1753 309 in-

320 325 451 366 vitet:
484 324 626 365 locum
655 324 735 364 sibi
767 322 858 373 soli,
891 323 923 362 si
962 322 1168 373 videatur,
1200 322 1423 378 relinquat.
1458 324 1588 365 etiam
1618 324 1752 366 filium

273 395 305 426 b.
320 396 457 429 suum,
478 381 752 422 lectissimum
773 379 1100 429 adolescentem,
1121 378 1231 420 foras
1249 379 1300 420 ad
1322 380 1609 435 propinquum
1629 396 1752 422 suum

256 438 531 494 coquendam
562 438 696 478 mittit
725 436 776 476 ad
812 450 998 477 emnam.
1061 435 1249 477 Rubrius
1280 436 1401 477 istius
1431 438 1611 478 comites
1642 437 1752 479 invi-

321 505 404 538 tat:
437 510 509 535 eos
532 509 678 535 omnes
706 494 853 533 Verres
876 493 1078 533 certiores
1103 491 1219 544 facit,
1251 494 1354 548 quid
1377 509 1484 550 opus
1509 503 1632 535 esset.
1663 509 1752 535 ma-

320 562 412 594 ture
437 552 635 591 veniunt:
669 549 968 591 discumbitur.
1000 548 1048 589 fit
1071 564 1207 590 serino
1232 550 1342 591 inter
1362 564 1450 601 cOS,
1472 559 1515 591 ct
1538 551 1752 602 invitatio,

317 619 367 650 ut
380 611 417 651 G
428 623 536 650 rauco
556 622 673 647 inore
696 607 927 647 biberetur.
951 605 1146 646 hortatur
1168 606 1347 662 hospes:
1372 617 1555 662 poscunt
1578 607 1752 663 majori-

314 665 395 707 bus
419 665 603 722 poculis:
636 663 874 704 celebratur
896 663 1088 703 onuiiuni
1114 677 1307 704 sermone
1338 663 1572 720 laetitiaque
1601 664 1751 705 convi-

315 725 447 765 viuni.
490 722 773 775 Posteaquam
798 720 899 760 satis
922 719 1057 760 calere
1081 734 1143 760 res
1165 720 1331 760 Rubrio
1350 721 1440 761 visa
1461 730 1546 773 cst3
1572 721 1750 772 Quaeso,

314 780 469 835 inquit,
507 778 771 826 Philodame,
793 792 868 818 cur
890 777 942 817 ad
968 792 1042 817 nos
1068 776 1198 817 filiani
1223 787 1338 817 tuam
1361 792 1446 818 non
1469 778 1581 819 intro
1605 777 1748 819 vocari

306 837 464 892 jubes?
498 835 661 885 Homo,
692 835 764 890 qui
787 843 829 875 et
852 848 1016 874 summa
1039 834 1265 889 gravitate,
1288 833 1435 888 etjam
1458 834 1499 875 id
1523 835 1679 886 aetatiS,
1704 842 1749 876 et

328 909 464 935 Jarens
487 902 612 941 esset,
651 891 876 947 obstupuit
908 890 1094 931 hominis
1118 891 1356 946 58i1npmbi
1390 891 1522 932 dicto.
1584 890 1750 932 Instare

310 909 519 993 hubrius.
581 948 690 990 Tum
718 949 800 999 ille,
832 957 879 988 ut
907 947 1067 1002 aliquid
1091 947 1379 1003 responderet,
1410 948 1586 1004 negavit
1617 949 1748 990 moris

312 1022 404 1050 esse
428 1008 695 1055 Graecorum,
729 1005 840 1045 utin
874 1005 1075 1045 convivio
1099 1005 1285 1045 virorum
1317 1006 1622 1046 accumberent
1654 1020 1748 1046 mu-

313 1065 449 1107 lieres.
513 1063 601 1105 Hic
638 1073 727 1103 tum
758 1061 863 1103 alius
896 1076 950 1101 ex
985 1061 1068 1102 alia
1098 1070 1242 1116 parte:
1275 1061 1492 1103 enimvero
1526 1060 1747 1104 ferendum

314 1122 398 1163 hoc
420 1136 506 1163 nou
528 1130 616 1161 est:
650 1128 826 1161 vocetur
847 1117 1010 1168 mulier,
1042 1126 1085 1158 et
1107 1118 1231 1159 simul
1262 1118 1391 1159 servis
1422 1119 1506 1159 suis
1541 1118 1747 1170 Rubrius,

315 1178 558 1233 utjannam
580 1176 839 1227 clauderent,
870 1184 913 1215 et
935 1174 1015 1230 ipsi
1041 1174 1092 1215 ad
1124 1174 1236 1216 fores
1258 1175 1517 1226 assisterent,
1548 1176 1746 1232 imperat.

244 1232 356 1272 “3759
372 1235 502 1282 Quod
536 1233 610 1275 ubi
640 1234 709 1274 ille
743 1231 956 1274 intellexit
986 1231 1027 1272 id
1052 1231 1138 1288 agi,
1169 1242 1297 1287 atque
1321 1232 1363 1273 id
1394 1233 1547 1288 parari,
1577 1242 1626 1274 ut
1647 1233 1748 1275 filiae

312 1308 401 1334 suae
424 1293 487 1333 vis
507 1291 753 1342 afferretur3
785 1304 927 1331 servos
951 1303 1047 1329 suos
1071 1289 1124 1330 ad
1147 1303 1190 1329 se
1214 1298 1359 1330 vocat:
1392 1289 1458 1330 his
1482 1289 1677 1346 imperat,
1703 1298 1747 1331 ut

310 1364 356 1392 se
391 1350 531 1406 ipsum
572 1348 810 1404 negligant,
864 1346 992 1387 filiam
1031 1345 1292 1388 defendant:
1341 1355 1541 1387 excurrat
1578 1346 1747 1403 aliquis,

310 1408 383 1463 qui
408 1407 489 1448 hoc
514 1416 679 1446 tantuin
702 1403 927 1446 domestici
961 1403 1060 1444 mali
1093 1402 1180 1443 filio
1214 1418 1289 1444 suo
1319 1403 1509 1444 nunciet.
1571 1403 1746 1446 Clamor

309 1464 473 1506 interea
507 1463 556 1504 fit
585 1472 677 1504 tota
709 1462 852 1512 domn,
883 1461 1080 1516 60pugna
1112 1460 1221 1501 inter
1252 1473 1393 1501 servos
1429 1459 1584 1502 Rubrii
1617 1469 1745 1516 atque

310 1520 509 1577 hospitis.
568 1520 767 1562 Jactatur
785 1517 901 1559 domi
925 1532 1012 1558 suae
1032 1517 1096 1557 vir
1115 1517 1290 1572 primus,
1314 1525 1357 1558 et
1379 1516 1511 1558 homo
1531 1517 1745 1560 honestis-

312 1579 458 1626 simuS.
492 1592 569 1634 pro
603 1592 646 1618 se
679 1577 858 1632 quisque
885 1589 1032 1615 manus
1062 1573 1209 1616 affert:
1241 1589 1350 1628 aqua
1371 1574 1555 1629 denique
1577 1574 1744 1616 ferven-

314 1636 345 1681 ti
368 1650 399 1691 a¹
426 1635 593 1676 Rubrio
628 1635 720 1690 ipso
757 1632 1034 1674 Philodamus
1066 1630 1349 1687 perfunditur.
1411 1630 1523 1672 Haec
1545 1632 1620 1673 ubi
1653 1631 1744 1674 filio

311 1693 509 1735 nuntiata
531 1701 654 1743 sunt3
687 1690 832 1731 statim
852 1690 1122 1730 exanimatus
1144 1688 1197 1729 ad
1224 1688 1336 1729 aedes
1365 1687 1604 1739 contendit,
1634 1697 1682 1730 ut
1699 1699 1744 1730 et

311 1751 412 1792 vitae
436 1749 582 1805 patris,
605 1758 648 1790 et
670 1747 890 1804 pudicitiae
911 1746 1064 1786 sororis
1088 1753 1365 1786 succurreret.
1411 1745 1574 1786 Omnes
1591 1746 1743 1788 eodem

309 1808 454 1848 animo
479 1805 774 1862 Lampsaceni,
807 1803 931 1845 simul
954 1813 1001 1844 ut
1022 1803 1104 1844 hoc
1126 1802 1396 1853 audiverunt,
1418 1802 1533 1858 quod
1555 1817 1629 1844 eos
1649 1813 1746 1845 tum

310 1863 552 1905 Philodami
589 1862 792 1918 dignitas,
824 1870 916 1902 tum
951 1859 1120 1914 injuriae
1153 1859 1407 1916 magnitudo
1440 1860 1657 1913 movebat,
1688 1861 1743 1902 ad

307 1922 420 1968 aedes
444 1929 573 1961 noctu
593 1928 900 1960 convenerunt.
962 1917 1051 1958 Hic
1083 1917 1208 1958 lictor
1241 1918 1362 1958 istius
1395 1916 1634 1969 Cornelius,
1666 1917 1741 1973 qui

305 1993 405 2022 cum
425 1977 519 2034 ejus
538 1978 669 2018 servis
691 1985 782 2018 erat
804 1991 829 2017 a
858 1974 1041 2025 Rubrio,
1073 1975 1193 2029 quasi
1224 1974 1268 2015 in
1302 1974 1520 2030 praesidio,
1547 1974 1600 2015 ad
1624 1974 1744 2016 aufe-

306 2036 480 2077 rendam
507 2034 727 2075 mulierem
755 2033 1003 2082 collocatus,
1034 2031 1260 2082 occiditur,
1292 2031 1400 2073 servi
1427 2031 1622 2072 nonnulli
1645 2032 1738 2073 vul-

197 2100 294 2138 1,-90.
307 2102 523 2134 nerantur.
554 2093 645 2148 ipse
680 2090 868 2131 Rubrius
902 2090 945 2130 in
978 2089 1105 2130 turba
1137 2089 1365 2129 sauciatur.
1426 2087 1530 2139 Iste,
1559 2089 1632 2144 qui
1666 2104 1744 2130 sua

264 2148 545 2207 &cupiditate
569 2158 710 2189 tantos
734 2147 941 2188 tumultus
964 2146 1204 2187 concitatos
1224 2146 1400 2196 videret,
1421 2159 1578 2202 cupere
1597 2145 1742 2201 aliqua

222 2197 291 2252 27
306 2207 488 2258 evolare,
520 2206 553 2246 si
577 2214 735 2262 posset.
798 2203 1012 2245 Postridie
1040 2217 1165 2243 mane
1195 2202 1390 2243 homines
1419 2202 1462 2244 in
1485 2202 1740 2244 concionem

241 2268 294 2303 ⁶8
308 2265 509 2308 veniunt:
540 2270 755 2320 quaerunt,
773 2261 877 2317 quid
898 2260 1112 2318 optimum
1134 2259 1252 2302 factu
1274 2260 1353 2302 sit:
1385 2274 1463 2316 pro
1483 2274 1526 2301 se
1543 2260 1740 2316 quisque,

348 2393 388 2422 58
409 2389 547 2430 improbi
558 2388 654 2428 dicto]
673 2387 725 2419 An
736 2387 878 2427 improbe
891 2385 998 2416 dicto?

303 2433 357 2464 Sic
378 2433 463 2463 infra
476 2441 505 2462 c.
521 2433 572 2465 29.
593 2431 740 2462 minister
758 2429 999 2469 improbissimae

301 2475 499 2515 cupiditatis.
525 2474 666 2512 improbe
684 2473 808 2502 dictum
831 2475 888 2508 est,
913 2469 999 2511 quod

301 2516 344 2547 ad
362 2517 529 2547 libidinem
548 2520 687 2556 spectat,
710 2514 806 2554 idque
826 2514 906 2544 bene
921 2522 999 2543 eon-

301 2560 393 2590 venit
406 2558 478 2588 loeo
493 2563 527 2588 et
542 2558 598 2588 rei.

344 2604 384 2635 59
407 2601 505 2641 Quod
523 2601 578 2630 uhi
595 2600 651 2630 ille
671 2597 789 2637 intell]
835 2597 933 2638 Quod
944 2606 997 2627 ac-

301 2642 487 2683 cipiendum
507 2647 569 2678 est,
595 2646 635 2671 ut
657 2650 743 2681 saepe
757 2646 792 2671 et
811 2640 845 2670 in
858 2640 943 2680 quod
954 2639 997 2668 si.-

301 2693 379 2716 nam
394 2684 474 2714 alias
489 2685 524 2713 id
538 2683 708 2714 redundat.

341 2727 384 2757 60
392 2735 512 2766 pag-na
522 2726 608 2755 inter
615 2735 720 2756 servos
733 2724 776 2755 R.
786 2728 883 2763 atque
891 2721 993 2762 hosp]

299 2767 341 2800 In
365 2768 437 2799 edd.
461 2777 508 2808 pr.
537 2771 572 2798 et
599 2767 661 2797 Ms.
689 2768 728 2797 G.
754 2767 845 2797 abest
863 2774 996 2805 pagna,

298 2811 386 2850 quod
414 2810 454 2840 ab
481 2809 601 2840 indicio
629 2809 848 2846 Hototnanni‚
874 2818 891 2838 e
915 2806 996 2837 Julii

300 2852 470 2886 Rufiinani
496 2851 607 2884 libello
627 2850 666 2883 de
687 2851 800 2892 figuris
829 2854 998 2891 receptum

1040 2388 1101 2415 est.
1146 2383 1184 2415 Id
1208 2384 1270 2415 nisi
1294 2388 1391 2420 esset,
1421 2387 1510 2415 certe
1536 2388 1648 2414 totum
1673 2382 1739 2417 hoe

1035 2437 1155 2467 pugna
1165 2427 1252 2457 inter
1263 2437 1289 2457 s.
1304 2426 1346 2457 R.
1360 2436 1391 2456 ιι.
1407 2428 1438 2457 h.
1450 2435 1518 2457 esse
1530 2431 1682 2467 putarem
1694 2427 1739 2456 ti-

1041 2469 1150 2500 tulum
1165 2469 1332 2508 marginis,
1355 2469 1408 2508 qui
1434 2469 1469 2498 in
1483 2473 1613 2499 textum
1637 2468 1739 2509 irrep-

1041 2512 1134 2542 serit:
1152 2521 1171 2541 a
1186 2521 1249 2551 quo
1264 2516 1376 2541 tamen
1388 2515 1422 2541 et
1435 2511 1481 2540 sie
1495 2520 1562 2541 non
1575 2509 1666 2541 valde
1681 2511 1738 2540 ab·

1038 2553 1166 2584 horreo.
1191 2562 1268 2583 nam
1288 2562 1399 2593 pugna
1416 2552 1474 2583 illa
1496 2553 1575 2583 satis
1594 2563 1612 2582 e
1629 2552 1736 2583 verbis

1039 2598 1163 2626 clamor
1183 2599 1250 2625 tota
1274 2595 1365 2625 domo
1379 2596 1437 2625 διο.
1460 2594 1670 2634 intelligitur.
1685 2599 1736 2625 est

1039 2638 1129 2668 enim
1156 2637 1211 2668 ille
1237 2637 1361 2668 clamor
1379 2637 1611 2677 pugnantium.
1655 2635 1737 2667 Mox

1038 2681 1092 2710 vir
1103 2681 1234 2720 primus
1247 2683 1297 2709 est
1311 2679 1408 2709 lectio
1430 2678 1502 2709 edd.
1517 2688 1565 2719 pr,
1579 2687 1679 2717 usque
1693 2677 1735 2708 ad

1039 2721 1174 2752 Aldum:
1198 2731 1270 2761 quae
1282 2726 1330 2751 est
1344 2721 1378 2750 in
1393 2721 1454 2751 Ms.
1469 2721 1510 2751 G.
1525 2721 1587 2751 Pro
1599 2730 1638 2750 ea
1649 2719 1736 2751 male

1040 2764 1075 2794 P.
1090 2763 1255 2796 Victorius
1270 2767 1303 2795 et
1317 2763 1353 2794 P.
1369 2763 1539 2796 Manutius
1553 2761 1668 2798 dedere
1682 2762 1735 2792 vir

1040 2806 1191 2848 optimae.
