1907 3231
332 139 407 179 17⁶
870 133 942 174 'IN
976 134 1247 175 VERREM

322 249 469 298 erepta
489 248 600 282 esset
627 239 806 282 facultas
828 254 990 293 eorum,
1011 246 1051 277 79
1064 256 1171 297 quos
1204 241 1282 281 iste
1312 247 1533 289 annuerat,
1556 239 1598 280 in
1632 251 1756 281 suum

323 297 550 340 consilium
573 298 662 339 sine
684 313 813 339 causa
834 312 920 340 suae
943 304 983 330 80
997 298 1350 340 subsortiebatur.
1409 298 1436 324 ²*
1496 297 1522 323 ²*
1582 297 1609 323 ³¹²

879 373 937 416 M
936 374 1022 417 ulta
1044 375 1198 417 desunt.

365 493 406 524 79
428 500 504 530 quos
517 490 576 519 iste
594 487 772 528 annuerat]
799 487 879 518 Edd.
894 498 943 528 pr.
960 498 1018 518 nn·
1062 488 1206 518 nim-ibus
1220 487 1310 518 libris
1324 488 1405 519 bene
1420 487 1537 527 corrigi
1553 490 1700 528 potsunt.

323 537 489 562 numerat.
504 531 557 562 alii
578 531 674 561 aliter
688 531 866 570 corrigunt.
911 531 973 560 Sed
986 535 1021 560 et
1105 533 1146 561 80
1166 531 1267 561 Abest
1279 540 1354 561 suae.

324 574 387 605 hoc
402 580 436 605 et
450 584 536 614 seqq.
557 579 635 603 sunt
648 572 778 609 vitiosa,
794 581 852 602 nec
868 572 938 602 sine
954 572 1021 613 ple-

193 799 311 838 p.109.
775 784 1302 829 ACCUSATIONIS

1011 889 1064 917 ΙΝ·

563 972 1500 1056 QVERREM

703 1100 934 1144 LIBER
966 1100 1364 1143 SECUNDUS

1009 1194 1072 1221 DE

412 1272 1108 1334 JURISDICTIONE
1154 1274 1654 1329 SICILIENSI.

753 1389 989 1434 ORATIO
1021 1389 1308 1432 SEPTIMA.

714 1580 1104 1619 ARGUMENTUM
1129 1581 1351 1619 ASCONII.

282 1681 284 1684 v
316 1656 404 1693 Haec
420 1658 497 1693 sine
515 1656 620 1693 dubio
639 1657 687 1692 ad
704 1656 968 1692 accusationem
982 1656 1163 1702 propositi
1181 1657 1341 1691 criminis
1357 1659 1496 1704 spectat
1513 1656 1642 1692 oratio.
1662 1667 1753 1693 namt

368 1710 406 1744 in
425 1711 609 1757 superiore
639 1712 814 1744 anteactae
840 1719 896 1743 res
913 1711 996 1742 sunt
1014 1708 1204 1754 expositae:
1237 1720 1315 1755 quae
1334 1709 1421 1755 quia
1437 1709 1554 1755 ‘magis
1572 1706 1746 1754 adjuvant

367 1763 642 1802 accusationem,
665 1772 773 1808 quam
801 1761 886 1808 ipsce
913 1760 986 1794 sint
1010 1759 1245 1807 principales,
1271 1761 1308 1795 in
1335 1771 1444 1795 unum
1463 1760 1593 1796 librum
1611 1765 1743 1797 coactce

366 1819 449 1850 sunt
454 1812 597 1860 judicio
611 1813 791 1848 Ciceronis
806 1813 934 1847 cursim
949 1813 1203 1859 enumerantis,
1225 1824 1303 1860 quae
1321 1811 1444 1848 Verres
1464 1816 1618 1860 quoestor
1628 1825 1642 1852 ,·
1672 1823 1752 1861 quae

361 1871 622 1915 proquaestore;
640 1876 718 1913 quce
730 1865 868 1912 legatus
875 1877 887 1903 ;
906 1875 983 1911 quae
993 1864 1285 1911 deniquepraetor
1296 1864 1451 1900 urbanus
1461 1865 1658 1901 admiserit.
1679 1864 1750 1901 Ubi

365 1924 510 1954 ventum
537 1922 588 1954 est
606 1918 655 1953 ad
673 1928 817 1953 causam
835 1917 963 1964 ipsam,
986 1919 1021 1951 et
1040 1915 1247 1951 Siciliensia
1274 1917 1439 1959 crimina,
1459 1921 1615 1965 quatuor
1637 1916 1746 1953 libros

366 1972 506 2007 edidit:
534 1981 641 2005 unum
659 1970 701 2005 (le
707 1968 965 2016 jurisdictione
974 1981 987 2008 ,·
1017 1968 1171 2003 alterum
1185 1969 1228 2004 de
1229 1967 1421 2016 frumento
1431 1982 1444 2009 ;
1475 1970 1623 2005 tertium
1640 1969 1748 2005 desi-

364 2025 447 2070 gnis
458 2037 471 2063 ;
492 2026 661 2070 quartum
676 2023 719 2058 de
730 2021 930 2069 suppliciis.
968 2020 1011 2055 In
1025 2032 1097 2068 qua
1107 2021 1359 2056 distributione
1374 2032 1446 2056 non
1459 2021 1546 2056 ordo
1560 2022 1744 2069 temporis,

364 2074 641 2124 sedsacinorum
650 2085 783 2121 genera
794 2077 829 2108 et
840 2076 1030 2114 momenta,
1042 2077 1185 2108 servata
1194 2077 1288 2109 sunt.
1326 2073 1462 2120 Incipit
1472 2077 1592 2108 autem
1602 2085 1626 2108 a
1638 2073 1746 2109 laude

366 2127 518 2169 Siciliae,
537 2131 571 2163 et
589 2127 773 2174 egreditur
791 2125 839 2161 ad
854 2126 987 2160 crimen
1014 2125 1164 2167 Dionis,
1185 2126 1312 2160 deinde
1329 2124 1476 2173 Sosippi
1493 2129 1526 2161 et
1545 2125 1745 2172 Epicratis.

367 2179 441 2215 Sed
458 2177 596 2225 dejure
613 2178 818 2214 Siculorum
845 2188 962 2212 everso
981 2175 1131 2226 frustra
1148 2178 1296 2224 quidam
1316 2177 1519 2213 Ciceronem
1553 2177 1744 2225 reprehen-

367 2232 470 2274 dunt,
497 2231 594 2278 quod
616 2242 687 2266 non
715 2230 799 2266 inde
830 2230 996 2277 coeperit:
1035 2241 1113 2264 cum
1139 2231 1326 2277 superiora
1351 2230 1504 2265 crimina
1527 2241 1599 2265 non
1616 2233 1748 2277 egeant

366 2282 540 2330 ejusmodi
558 2286 732 2325 tractatu,
761 2282 824 2330 qui
841 2282 889 2317 ad
904 2283 1091 2328 sequentia
1104 2283 1262 2329 pertinet
1274 2295 1287 2322 ;
1317 2286 1352 2317 et
1372 2282 1528 2317 oratoris
1552 2282 1701 2318 consilio
1718 2292 1745 2318 a

365 2336 510 2383 magnis
528 2335 725 2382 iisdemque
756 2334 968 2370 clarioribus
994 2334 1203 2370 sumendum
1234 2338 1322 2369 esset
1357 2334 1553 2370 exordium.
1609 2332 1741 2382 Itaque

361 2391 446 2436 post
464 2387 541 2430 hoc,
557 2388 626 2423 duo
645 2387 835 2422 criminum
850 2397 983 2433 genera
995 2387 1224 2433 persequitur
1240 2386 1290 2422 ad
1313 2390 1520 2422 extremum.
1574 2385 1742 2422 Primum

363 2441 408 2476 de
424 2439 598 2476 Heraclio
608 2453 622 2480 ;
644 2440 687 2475 de
704 2439 875 2486 expressis
893 2438 1084 2474 honoribus
1101 2438 1145 2474 ab
1158 2439 1282 2474 invitis
1287 2452 1300 2479 ;
1331 2438 1374 2473 de
1391 2438 1566 2485 Epicrate
1583 2437 1740 2479 Rufino,-

364 2491 478 2539 deque
501 2492 604 2528 rebus
635 2490 862 2539 capitalibus,
881 2490 942 2526 ubi
969 2490 1012 2526 cle
1042 2490 1212 2538 Sopatro,
1240 2490 1284 2526 de
1310 2489 1486 2527 Sthenio:
1514 2501 1593 2538 quae
1619 2491 1743 2527 omnia

362 2548 447 2579 sunt
478 2544 522 2579 de
542 2542 629 2590 jure
654 2543 820 2580 dicundo.
874 2543 1042 2578 Alterum
1068 2543 1112 2578 de
1136 2541 1382 2582 senatoribus;
1412 2542 1456 2578 de
1470 2542 1715 2578 sacerdotibus
1724 2555 1740 2583 ‚-

364 2596 410 2631 de
435 2596 635 2632 censoribus
650 2597 769 2644 pretio
793 2606 817 2630 a
850 2594 957 2630 Verre
979 2593 1122 2644 factis,·
1153 2595 1195 2630 cle
1225 2594 1419 2630 collatione
1435 2595 1474 2630 in
1499 2597 1666 2634 statuam
1695 2595 1742 2631 de

358 2647 635 2695 publicanorum
652 2660 732 2684 cum
754 2646 861 2683 Verre
886 2648 1132 2683 convenientia
1158 2648 1196 2682 in
1203 2645 1324 2696 furtis
1336 2660 1350 2686 ,·
1379 2646 1423 2682 de
1451 2645 1583 2682 tabulis
1612 2645 1741 2694 Carpi-

362 2700 458 2734 natii
482 2701 654 2747 pecunias
686 2699 805 2735 Verris
831 2700 1141 2735 extraordinarias
1157 2698 1430 2735 continentibus.
1489 2697 1606 2734 Genus
1623 2709 1740 2734 cause

360 2752 400 2786 in
414 2750 574 2787 omnibus
597 2751 829 2790 Verrinarum
846 2751 946 2789 libris
959 2751 1184 2789 admirabile.
1238 2750 1365 2788 Status
1383 2750 1641 2800 principaliter
1654 2760 1740 2786 con-

351 2801 510 2850 jectum.
