1907 3231
317 120 396 154 500
913 119 1162 164 ORATIO
1181 138 1187 140 -

277 220 308 251 b.
322 220 527 275 tionibus,
540 237 645 278 quas
658 237 892 281 numquam
905 225 1089 282 populus
1105 223 1327 266 Romanus
1341 237 1479 280 neque
1493 223 1764 266 lacessendas

321 278 447 331 bello,
469 295 608 336 neque
628 283 852 323 tentandas
875 282 1059 338 putavit.
1089 289 1182 322 erat
1210 281 1341 323 etiam
1362 282 1447 324 alia
1466 282 1610 339 gravis
1631 291 1761 337 atque

319 336 549 378 vehemens
565 340 729 395 opinio,
751 355 848 394 quae
871 354 947 394 per
964 338 1131 379 animos
1148 339 1344 394 gentium
1366 340 1643 381 barbararum
1665 353 1763 395 per?

319 404 501 446 vaserat,
525 395 613 438 fani
635 395 961 452 locupletissimi
983 404 1027 435 et
1047 395 1358 451 religiosissimi
1380 397 1609 454 diripiendi
1632 411 1763 438 causa.

318 450 363 493 in
376 466 446 493 eas
463 467 558 494 oras
576 464 770 495 nostrum
789 453 1030 494 exercitum
1051 466 1142 493 esse
1164 452 1412 496 adductum.
1472 454 1543 496 Ita
1562 453 1762 496 nationes

317 509 467 552 multae
489 521 618 566 atque
638 525 809 566 magnae
830 524 946 551 novo
968 509 1156 564 quodam
1176 518 1335 556 terrore
1356 527 1406 553 ac
1426 521 1545 554 metu
1567 511 1762 565 concitaq

319 567 492 608 bantur.
552 568 712 608 Noster
743 576 889 607 autem
921 567 1154 619 exercitus,
1175 567 1255 608 etsi
1289 569 1440 610 urbem
1471 584 1527 611 ex
1558 568 1760 626 Tigranis

319 639 454 681 regno
482 635 669 680 ceperat,
691 633 736 665 et
767 623 934 680 proeliis
956 639 1056 666 usus
1090 633 1182 666 erat
1213 627 1426 678 secundis,
1446 635 1592 669 tamen
1625 625 1762 668 nimia

317 682 636 738 longinquitate
656 682 850 723 locorum
880 698 930 724 ac
961 682 1172 724 desiderio
1195 698 1369 724 suorum
1390 684 1760 735 commovebatur.

255 746 305 779 24
321 739 409 781 Hic
423 740 518 795 jam
539 739 663 796 plura
692 755 779 780 non
809 740 966 781 dicam.
989 739 1074 781 fuit
1095 741 1210 782 enim
1232 740 1336 782 illud
1358 750 1616 794 extremum,
1633 751 1682 783 ut
1702 756 1759 786 ex

318 797 370 838 iis
405 796 510 837 locis
540 813 565 838 a
595 797 807 839 militibus
839 798 997 839 nostris
1029 798 1190 839 reditus
1217 799 1357 855 magis
1388 808 1598 850 maturus,
1629 813 1760 854 quam

316 853 532 909 processio
554 854 726 911 longior
746 865 1024 910 quaereretur.
1065 855 1348 898 Mithridates
1360 865 1505 898 autem
1521 866 1565 898 et
1584 858 1624 887 33
1638 870 1760 907 suam

314 926 490 952 manum
516 911 612 967 jam
644 913 935 964 confirmarat,
958 924 1002 954 et
1031 927 1194 964 eorum,
1224 913 1299 969 qui
1335 928 1380 954 se
1413 928 1470 956 ex
1502 913 1595 969 ejus
1624 927 1760 970 regno

315 969 593 1025 collegerant,
615 980 658 1010 et
673 970 842 1026 magnis
865 974 905 1002 34
919 970 1170 1012 adventitiis
1188 971 1424 1013 multorum
1447 986 1599 1028 regum
1619 980 1664 1013 et
1684 986 1761 1027 ηας

315 1027 484 1067 tionum
499 1027 636 1084 copiis
652 1028 904 1083 juvabatur.
965 1027 1067 1069 Hoc
1090 1028 1187 1084 jam
1207 1029 1295 1070 fere
1316 1029 1377 1071 sic
1409 1029 1502 1071 fieri
1533 1028 1667 1071 solere
1687 1043 1761 1078 aeq

315 1084 524 1140 cepinmS,
558 1093 607 1125 ut
635 1100 787 1142 regum
824 1085 998 1128 afflictae
1032 1085 1218 1128 fortunae
1251 1085 1379 1128 facile
1398 1087 1635 1129 multorum
1655 1101 1760 1144 opes

314 1141 507 1183 alliciant
537 1143 591 1184 ad
616 1143 954 1185 misericordiam
988 1143 1265 1199 maximeque
1292 1158 1462 1196 eorum,
1488 1144 1563 1201 qui
1591 1153 1667 1186 aut
1693 1158 1761 1186 re·

314 1214 388 1255 ges
423 1209 536 1252 sunt,
565 1213 641 1242 aut
674 1201 830 1242 vivunt
859 1201 905 1242 in
935 1215 1092 1258 regn03
1122 1204 1162 1231 35
1176 1201 1294 1257 quod
1321 1201 1464 1258 regale
1496 1202 1549 1243 iis
1582 1216 1760 1253 nomen,

250 1253 519 1314 ‘25magnum
548 1266 594 1299 et
621 1269 818 1301 sanctum
853 1272 945 1300 esse
972 1259 1183 1301 videatur.
1243 1258 1397 1315 Itaque
1425 1268 1595 1302 tantum
1617 1259 1760 1310 victus

311 1315 481 1356 efficere
521 1317 680 1372 potuit,
727 1326 937 1373 quantum
980 1316 1210 1358 incolumis
1251 1331 1489 1374 numquam
1525 1326 1592 1359 est
1630 1332 1758 1370 ausus

310 1383 475 1429 optare.
507 1388 608 1416 nam
636 1389 738 1416 cum
770 1389 814 1415 se
845 1374 890 1415 in
921 1389 1104 1430 regnum
1135 1375 1368 1431 recepisset
1401 1390 1542 1428 suum,
1563 1389 1651 1416 non
1673 1373 1761 1419 fuit

308 1445 359 1471 eo
381 1440 627 1484 contentus,
648 1432 765 1488 quod
785 1431 824 1472 ei
847 1442 1005 1488 praeter
1026 1446 1145 1488 spem
1165 1432 1394 1484 acciderat,
1413 1443 1462 1474 ut
1481 1432 1615 1484 illam,
1636 1440 1760 1489 posts-

307 1502 488 1544 eaquam
527 1489 674 1545 pulsus
705 1498 810 1542 erat,
848 1499 1005 1531 terram
1048 1504 1254 1545 umquam
1295 1490 1556 1547 attingeret3
1601 1490 1675 1532 sed
1711 1489 1758 1533 in

309 1547 552 1588 exercitum
582 1557 788 1598 vestrum,
811 1547 974 1589 clarum
1007 1555 1136 1602 atque
1158 1547 1383 1598 victorem,
1405 1548 1616 1605 impetum
1635 1547 1759 1593 fecit,

310 1603 451 1645 Sinite
471 1605 555 1646 hoc
577 1605 689 1658 loco,
721 1605 931 1657 Quirites,
957 1605 1090 1657 (sicut
1122 1604 1266 1661 po'etae
1293 1605 1446 1657 solent,
1469 1605 1544 1662 qui
1575 1619 1640 1646 res
1664 1603 1757 1651 Ro-

308 1675 457 1703 manas
471 1662 699 1715 scribunt,)
716 1663 936 1719 praeterire
956 1676 1026 1704 me
1045 1662 1086 1694 36
1095 1672 1285 1703 nostram
1309 1663 1624 1706 calamitatem:
1655 1677 1756 1719 quae

311 1726 433 1760 tanta
462 1718 559 1772 fuit,
592 1729 640 1761 ut
670 1735 766 1762 eam
797 1721 851 1761 ad
870 1735 992 1761 aures
1017 1719 1065 1760 L.
1092 1719 1259 1761 Luculli
1277 1735 1364 1761 non
1387 1735 1443 1762 ex
1465 1720 1623 1777 proelio
1643 1734 1759 1762 nun-

247 1771 298 1805 26
312 1775 410 1828 tius,
434 1778 506 1819 sed
529 1792 583 1819 ex
606 1791 804 1819 sermone
825 1792 972 1818 rumor
992 1776 1179 1818 afferret.
1240 1776 1329 1819 Hic
1351 1777 1395 1819 in
1417 1778 1513 1834 ipso
1530 1777 1604 1828 illo
1623 1776 1756 1829 malo,

306 1834 645 1891 gravissimaque
678 1835 775 1877 belli
807 1835 1060 1886 offensione,
1089 1834 1139 1876 L.
1158 1833 1376 1887 Lucullus,
1405 1835 1481 1892 qui
1510 1843 1657 1885 tamen
1677 1834 1756 1884 ali,-

219 1903 250 1934 Ρ·
267 1899 296 1930 9-
312 1906 398 1946 qua
413 1906 469 1933 ex
502 1903 623 1949 parte
649 1894 701 1934 iis
731 1893 1019 1935 incommodis
1040 1892 1198 1934 mederi
1230 1891 1412 1934 fortasse
1434 1893 1660 1949 potuisset,
1681 1907 1756 1938 ve-.

270 1948 399 1991 ²·stro
432 1949 558 2006 jussu
607 1960 799 2003 coactus,
843 1951 1010 2006 3⁷quod
1048 1950 1216 2006 imperii
1258 1950 1535 1992 diuturnitati
1573 1950 1754 1998 modum

306 2008 583 2049 statuendum
602 2009 736 2050 veteri
758 2008 957 2065 exemplo
982 2008 1224 2064 putavistiS,
1248 2017 1413 2064 partem
1444 2008 1647 2060 militum,
1676 2008 1756 2063 qui

296 2063 392 2119 jam
413 2067 690 2124 38stipendiis
722 2067 932 2109 confectis
955 2076 1090 2119 erant,
1121 2066 1301 2121 dimisit,
1333 2074 1500 2124 partem
1523 2065 1753 2110 Glabrioni

347 2211 386 2240 :33
409 2219 504 2239 enam
527 2219 664 2241 manum
681 2207 759 2250 jam
785 2207 884 2249 corgfi]
911 2209 1006 2239 Pror-

301 2259 357 2282 eus
391 2251 502 2291 placet
527 2253 649 2283 Graevii
675 2253 881 2292 conjectura,
909 2262 1007 2282 suum

307 2303 470 2326 «nemum.

347 2339 387 2366 34
409 2336 752 2377 adventitiis—copiis]
787 2337 840 2367 Sic
863 2336 1006 2377 primum

306 2380 409 2417 reperi
426 2379 459 2409 in
483 2379 534 2410 ed.
557 2379 641 2410 Ven.
668 2383 760 2410 1480.
804 2380 891 2410 Nam
913 2379 953 2408 ab
969 2390 1008 2409 ea

304 2422 401 2459 copiis
423 2430 491 2451 non
513 2422 617 2458 abest,
639 2428 679 2453 ut
701 2421 803 2453 tradit
826 2423 1004 2452 Gruterus:

303 2463 360 2492 sed
375 2463 467 2493 abest
481 2475 500 2494 a
515 2465 631 2494 ceteris
646 2465 774 2504 primis,
789 2465 891 2494 etiam
913 2466 1006 2494 1483.

307 2505 436 2545 (vitiose
462 2507 625 2547 scriptum
648 2512 697 2537 est
719 2507 824 2545 1473.)
850 2506 904 2537 cui
918 2505 1004 2537 idem

301 2547 431 2577 tribuit.
477 2548 521 2579 Et
537 2549 621 2580 hane
637 2549 827 2586 lectionem,
851 2559 950 2589 quam
971 2552 1006 2578 et

304 2587 468 2620 Victorius
481 2598 612 2622 secutus
627 2596 690 2628 est,
703 2602 812 2622 veram
835 2597 930 2631 puto,
946 2591 1006 2620 ad-

301 2633 447 2662 ventitiis
460 2635 606 2671 aurinis,
623 2633 710 2672 quod
720 2633 788 2670 alii,
799 2634 834 2664 in
850 2633 899 2664 his
915 2634 1006 2663 Grae-

303 2674 385 2710 vius,
396 2676 576 2714 praeferunt
590 2687 607 2706 e
622 2676 701 2706 Mss.
718 2676 925 2715 quibusdam.
937 2685 1005 2705 non

298 2715 429 2758 placet:
454 2722 488 2747 et
511 2719 624 2750 onmia
645 2719 767 2749 auxilia
789 2723 868 2748 sunt
889 2719 1006 2757 utique

300 2759 496 2789 adventitia.
517 2761 632 2800 ltaque
643 2761 824 2797 Graevimn,
840 2762 896 2799 qui
910 2754 942 2790 id
956 2770 1005 2790 re-

300 2801 403 2841 cepit,
419 2801 541 2832 imitari
557 2813 624 2833 non
637 2804 791 2834 sustinui.
815 2803 1005 2833 Ed..1u11tae

300 2843 400 2874 habet
417 2843 631 2884 adjumentis,
644 2845 699 2875 sed
714 2846 816 2876 etiam
831 2846 939 2884 copiis.

340 2888 382 2917 35
405 2887 490 2926 qaod
504 2897 574 2926 reg.
600 2888 620 2918 ι’.
646 2887 747 2930 nom]
774 2888 856 2920 Edd.
880 2897 930 2928 pr.
947 2888 1001 2919 W.

1050 2209 1089 2240 A.
1105 2208 1148 2239 N.
1162 2209 1201 2239 G.
1225 2212 1305 2240 snat:
1327 2208 1378 2240 ed.
1395 2209 1493 2241 Rom·
1509 2208 1567 2240 Br.
1587 2207 1676 2246 Med.
1699 2212 1750 2246 ut,

1051 2251 1138 2290 qnod
1162 2257 1196 2282 et
1217 2252 1299 2282 Mss.
1317 2251 1426 2292 plures
1440 2251 1576 2282 habent.
1623 2251 1754 2285 Primus

1049 2295 1135 2334 qnod
1145 2294 1247 2325 edidit
1259 2295 1380 2331 «lunta,
1390 2293 1508 2326 deinde
1521 2294 1556 2326 Ρ.
1565 2293 1749 2324 Victor-iun

1050 2346 1149 2375 quem
1185 2346 1298 2367 omnes
1334 2336 1485 2377 deinceps
1519 2336 1624 2366 secuti
1659 2340 1750 2367 sunt.

1048 2377 1164 2410 Recte.
1174 2389 1252 2410 nam
1261 2384 1299 2410 ut
1311 2388 1445 2410 sensum
1459 2377 1670 2409 commodum
1680 2387 1751 2409 nou

1050 2422 1142 2452 facit.

1094 2465 1134 2494 36
1149 2467 1298 2494 nostram
1309 2462 1552 2502 calamitatem]
1567 2462 1750 2503 Acceptam

1050 2517 1070 2537 a
1083 2507 1242 2538 Romanis
1257 2506 1339 2537 duce
1352 2506 1500 2537 Triario:
1523 2515 1622 2545 quam
1634 2509 1750 2536 narrat

1049 2549 1116 2579 Dio
1132 2548 1262 2579 Cassius
1276 2547 1316 2578 L.
1331 2547 1490 2579 XXXIV.
1579 2548 1585 2553 '
1754 2550 1757 2554 ’

1091 2594 1129 2624 37
1154 2591 1289 2630 quod—
1294 2590 1487 2630 putavistis]
1524 2589 1751 2621 Referendum

1048 2632 1111 2663 hoc
1124 2639 1174 2663 est
1187 2632 1227 2664 ad
1244 2633 1450 2669 Ciceronem,
1474 2633 1528 2672 qui
1552 2641 1648 2663 suum
1657 2631 1750 2671 judi-

1048 2676 1137 2705 cium
1164 2675 1361 2715 interponit,
1389 2684 1456 2714 quo
1478 2684 1548 2705 rem
1570 2674 1750 2706 emolliret.

1049 2727 1126 2748 nam
1140 2717 1219 2748 alias
1235 2717 1370 2748 deberet
1383 2726 1452 2747 esse
1465 2716 1640 2756 putaretis.
1699 2756 1701 2759 ι

1091 2762 1131 2790 38
1163 2761 1331 2800 stipendiis
1351 2758 1517 2799 conjectis]
1551 2758 1648 2795 Edidi
1670 2769 1749 2790 cum

1049 2802 1192 2839 Grau-io,
1208 2812 1268 2843 pro
1283 2806 1391 2833 vetere
1413 2801 1584 2842 stipendiis
1597 2799 1747 2845 consecti,

1047 2844 1134 2883 quod
1147 2849 1180 2873 et
1198 2854 1249 2874 res
1269 2843 1431 2884 postulat,
1443 2844 1505 2874 etsi
1519 2843 1590 2874 sine
1602 2843 1747 2874 auctori-

1046 2891 1118 2918 tate
1146 2886 1306 2919 librorum
1328 2890 1491 2920 veterum.
1543 2885 1672 2923 Primus
1700 2886 1751 2915 nie
