1907 3231
500 62 623 101 AcT.
653 61 704 101 11.
732 60 929 100 LIBER
955 61 1289 103 SECUNDUS.
1542 67 1620 102 285

189 163 431 218 Corinthia,
461 180 668 222 magnum
699 180 925 208 numerum
954 165 1173 217 frumenti,
1204 166 1292 207 vim
1324 165 1459 208 mellis
1480 167 1622 208 maxi-

187 225 316 275 mam,
349 224 569 279 Syracusis
589 233 861 279 exportasse:
894 224 959 264 his
982 239 1059 280 pro
1081 225 1222 274 rebus,
1244 224 1358 279 quod
1382 224 1620 279 portorium

187 292 274 320 non
297 290 408 322 esset
427 281 590 330 datum,
621 281 783 322 litteras
816 281 870 322 ad
902 282 1041 322 socios
1073 281 1238 322 misisse
1273 280 1322 321 L.
1347 280 1618 331 Canuleium,

186 337 259 391 qui
282 337 323 377 in
349 347 475 393 portu
495 352 646 394 operas
669 338 804 379 daret.

244 393 414 435 Satisne
450 409 654 451 magnum
694 395 777 436 hoc
815 395 977 435 crimen
1013 394 1206 436 videtur?
1238 394 1415 445 nullum,
1447 394 1614 450 opinor,
1630 405 1706 445 177

185 450 338 505 majus.
401 451 518 498 Quid
548 452 748 493 defendet
781 451 1068 494 Hortensius?
1102 452 1351 508 postulabit,
1383 462 1430 492 ut
1453 452 1616 493 litteras

186 506 383 549 Canuleii
416 509 656 564 proferam?
690 511 852 550 crimen
881 509 1143 564 hujusmodi,
1174 510 1255 550 nisi
1285 510 1438 550 litteris
1461 508 1618 550 confir-

184 574 338 617 metur,
370 566 496 607 inane
516 581 607 607 esse
629 568 767 608 dicct?
802 566 1024 617 Clamabo,
1054 567 1218 608 litteras
1247 577 1431 608 remotas
1453 580 1544 607 esse
1565 566 1620 607 de

183 621 351 664 medio:
382 623 555 664 decreto
578 625 793 665 sociorum
821 634 967 679 erepta
992 623 1097 664 mihi
1121 639 1212 665 esse
1236 625 1357 666 istius
1388 624 1548 665 indicia
1568 638 1619 664 ac

182 689 465 721 monumenta
493 681 721 722 furtorum.
781 680 872 721 Aut
894 685 975 721 hoe
1007 681 1239 721 contendat
1270 696 1506 736 numquam
1527 695 1619 721 esse

185 734 374 789 factum;
406 748 480 778 aut
513 739 658 779 omnia
681 738 763 779 tela
784 738 975 793 excipiat
1010 752 1180 778 necesse
1214 748 1292 779 est.
1346 739 1493 795 Negas
1528 752 1620 778 esse

184 791 377 836 factum?
408 796 549 851 placet
582 796 688 836 mihi
724 796 808 835 ista
837 795 1054 836 defensio:
1087 795 1314 836 descendo.
1348 811 1472 851 aequa
1503 796 1619 836 enim

183 851 391 902 conditio,
415 868 586 908 aequum
609 863 825 893 certamen
849 853 1118 908 proponitur.
1151 853 1386 908 producam
1409 862 1553 903 testes,
1576 862 1621 893 et

184 909 419 963 producam
439 911 578 965 plures
597 910 747 950 eodem
768 920 980 965 tempore:
1004 910 1208 965 quoniam
1228 920 1334 960 tum,
1357 925 1455 950 cum
1474 920 1620 951 actum

185 975 263 1016 est,
298 981 383 1006 una
404 968 592 1018 fuerunt,
621 970 789 1008 95nunc
812 981 983 1021 quoque
1008 982 1090 1016 una
1119 967 1225 1008 sint:
1257 982 1356 1008 cum
1380 968 1618 1023 interroga-

185 1022 358 1074 buntur,
391 1024 636 1080 obligentur
666 1039 752 1065 non
787 1025 921 1064 solum
938 1024 1222 1079 jurisjurandi
1244 1034 1372 1080 atque
1393 1025 1617 1065 existima-

185 1079 315 1121 tionis
333 1081 539 1136 periculo,
571 1081 642 1122 sed
666 1083 796 1122 etiam
819 1082 1037 1122 communi
1059 1084 1168 1123 inter
1190 1097 1233 1122 se
1251 1082 1530 1123 conscientia.
1568 1082 1614 1123 Si
1629 1089 1703 1129 1¹78

182 1136 358 1192 planum
401 1138 464 1190 fit,
510 1139 593 1180 hoc
635 1139 708 1191 ita,
740 1139 1102 1194 quemadmodum
1140 1139 1253 1190 dieo,
1294 1154 1385 1180 esse
1426 1139 1617 1193 factum;

183 1209 288 1235 num
319 1196 479 1251 poteris
513 1197 668 1247 dicere,
702 1196 925 1246 Hortensi,
958 1196 1067 1236 nihil
1099 1197 1141 1236 in
1170 1197 1262 1237 istis
1290 1197 1422 1238 fuisse
1449 1196 1618 1248 litteris,

183 1252 299 1307 quod
323 1253 494 1294 Verrem
514 1253 712 1295 laederet?
742 1268 829 1294 non
854 1253 981 1293 modo
1005 1253 1047 1293 id
1070 1268 1156 1294 non
1179 1254 1309 1305 dices,
1344 1255 1416 1295 sed
1439 1269 1493 1295 ne
1516 1253 1620 1295 iilud

183 1310 358 1364 quidem
392 1311 470 1351 tibi
507 1311 647 1352 dicere
678 1310 854 1362 licebit3
886 1320 1069 1361 tantum,
1103 1321 1312 1366 quantum
1344 1325 1427 1367 ego
1463 1312 1619 1362 dicam,

182 1381 270 1407 non
294 1366 437 1408 fuisse.
499 1366 615 1424 Ergo
638 1368 720 1408 hoc
744 1371 884 1408 vestro
916 1368 1096 1408 consilio
1129 1377 1172 1408 et
1204 1369 1344 1424 gratia
1365 1368 1620 1424 perfecistiS,

183 1434 232 1464 ut
252 1425 614 1479 quemadmodum
636 1424 778 1481 paullo
801 1434 900 1466 ante
921 1425 1028 1476 dixi,
1059 1434 1102 1466 et
1123 1425 1229 1466 mihi
1252 1441 1418 1467 summa
1439 1425 1621 1467 facultas

181 1482 235 1522 ad
257 1482 547 1523 accusandum
570 1483 755 1533 daretur,
777 1492 820 1523 et
835 1482 1060 1538 judicibus
1082 1482 1216 1524 libera
1239 1494 1428 1539 potestas
1452 1484 1503 1524 ad
1527 1498 1619 1524 cre-

181 1538 384 1580 dendum.
446 1540 576 1586 Quod
598 1555 697 1581 cum
725 1540 786 1580 ita
818 1542 887 1590 sit,
918 1540 1026 1581 nihil
1048 1540 1209 1596 fingam
1233 1552 1389 1582 tamen.
1410 1541 1618 1582 memine-
1631 1532 1701 1585 73

181 1610 244 1646 ro,
266 1610 334 1637 me
356 1611 443 1637 non
466 1598 679 1649 sumsisse,
709 1612 836 1652 quem
860 1612 1125 1651 accusarem3
1158 1598 1230 1639 sed
1252 1599 1476 1654 recepisse,
1508 1613 1615 1653 quos
1632 1604 1706 1642 179

180 1652 478 1696 defenderem:
512 1670 586 1696 vos
609 1670 663 1696 ex
686 1669 754 1695 me
775 1669 948 1695 causam
971 1670 1055 1695 non
1079 1670 1103 1695 a
1126 1670 1191 1696 me
1213 1655 1438 1711 prolatam,
1469 1656 1542 1696 sed
1563 1656 1614 1697 ad
1628 1662 1660 1692 P·
1679 1654 1748 1683 ¹45·

182 1724 252 1751 me
273 1711 473 1762 delatam,
490 1713 636 1753 audire
652 1722 871 1768 oportere:
904 1727 973 1752 me
990 1712 1144 1753 Siculis
1162 1714 1263 1753 satis
1280 1727 1370 1754 esse
1386 1713 1616 1764 facturum,
1629 1705 1659 1726 α’

182 1768 232 1819 si,
263 1783 361 1823 quae
383 1770 568 1825 cognovi
592 1771 636 1810 in
659 1769 820 1820 Sicilia,
851 1785 947 1825 quae
971 1770 1118 1826 accepi
1152 1771 1206 1810 ab
1239 1770 1358 1826 ipsis,
1387 1770 1618 1826 diligenter

182 1839 447 1881 exposuero:
480 1827 641 1883 populo
671 1827 885 1878 Romano,
918 1827 952 1867 si
974 1827 1129 1868 nullius
1152 1828 1254 1879 vim,
1286 1827 1441 1868 nullius
1464 1838 1618 1884 poten-

183 1883 287 1923 tiam
318 1884 599 1939 pertimuero:
632 1885 770 1936 vobis,
801 1885 835 1925 si
865 1883 1115 1926 facultatem
1144 1899 1241 1925 vere
1274 1895 1403 1941 atque
1437 1885 1618 1926 honeste

174 1939 402 1995 judicandi
427 1942 510 1983 fide
538 1951 582 1983 et
603 1942 828 1999 diligentia
849 1956 944 1982 mea
965 1941 1128 1984 fecero:
1160 1942 1372 1993 mihimet,
1405 1942 1439 1983 si
1462 1957 1515 1983 ne
1536 1943 1618 1984 mi-

180 1998 346 2038 nimum
382 1999 555 2054 quidem
591 2000 643 2040 de
678 2014 729 2040 eo
767 1998 978 2041 curriculo
1009 2000 1127 2051 vitae,
1158 2000 1274 2054 quod
1298 1999 1411 2040 -mihi
1449 2014 1616 2056 semper

180 2056 453 2111 propositum
494 2056 591 2108 fuit,
622 2057 857 2098 decessero.
919 2057 1196 2113 Quapropter
1232 2057 1340 2098 nihil
1374 2066 1453 2107 est,
1497 2058 1613 2112 quod
1630 2064 1704 2105 180

180 2123 362 2165 metuas,
393 2128 447 2154 ne
476 2115 579 2169 quid
602 2115 644 2155 in
668 2122 710 2155 te
742 2114 1012 2169 confingam:
1045 2115 1176 2155 etiam
1209 2115 1325 2169 quod
1348 2115 1508 2165 laetere,
1539 2114 1615 2155 ha-

181 2169 270 2211 bes.
305 2170 443 2212 multa
473 2173 603 2222 enim,
636 2187 733 2227 quae
756 2172 844 2213 scio
866 2172 941 2211 abs
965 2181 1006 2212 te
1027 2186 1118 2212 esse
1139 2172 1382 2223 commissa,
1406 2171 1521 2226 quod
1543 2180 1620 2213 aut

179 2227 363 2268 nimium
396 2230 553 2285 turpia,
584 2238 658 2270 aut
690 2244 842 2285 parum
874 2229 1097 2270 credibilia
1128 2237 1241 2280 sunt,
1273 2229 1618 2286 praetermittam.

180 2293 350 2326 tantum
373 2301 499 2342 agam
521 2287 573 2327 de
594 2287 678 2328 hoe
702 2296 794 2328 toto
816 2286 991 2327 nomine
1012 2287 1245 2328 societatis.
1307 2287 1368 2328 Ut
1393 2286 1488 2342 jam
1510 2287 1619 2330 scire

177 2342 340 2398 possis;
371 2358 576 2399 quaeram,
608 2345 885 2386 decretumne
907 2344 975 2384 sit.
1037 2343 1150 2385 Cum
1171 2344 1212 2384 id
1237 2344 1467 2396 invenero;
1498 2359 1618 2399 quae—

179 2414 286 2451 ram,
318 2412 552 2443 remotaene
588 2402 674 2443 sint
708 2401 888 2443 litterae?
950 2400 1063 2442 Cum
1099 2401 1142 2442 id
1177 2416 1349 2456 quoque
1383 2401 1616 2453 constabit,

180 2471 257 2498 vos
272 2457 382 2513 jam,
413 2473 482 2499 me
504 2459 652 2510 tacito,
684 2458 950 2515 intelligetiS,
982 2459 1015 2498 si
1038 2458 1114 2509 illi,
1145 2459 1218 2513 qui
1241 2458 1324 2500 hoc
1346 2459 1468 2499 istius
1490 2473 1620 2501 causa

179 2513 475 2568 decreverunt,
506 2517 672 2572 equites
706 2517 910 2568 Romani,
940 2530 1055 2556 nune
1085 2515 1216 2556 iidem
1248 2515 1293 2556 in
1323 2530 1421 2557 eum
1447 2516 1620 2572 judices

220 2636 261 2668 95
275 2644 363 2665 mmo
375 2646 496 2677 quoque
507 2646 577 2667 una
587 2637 667 2676 sint]
686 2636 781 2667 Edidi
795 2637 874 2672 sine,
918 2634 974 2666 sed
987 2641 1062 2676 post
1076 2634 1210 2666 affuturi
1225 2641 1333 2672 erant,
1356 2640 1396 2666 ut
1414 2645 1482 2667 una
1499 2636 1620 2677 produ,-

177 2687 237 2717 pro
252 2677 386 2717 vulgato
407 2685 495 2710 sunt.
511 2689 578 2709 non
601 2680 689 2710 enim
714 2679 776 2710 hoc
798 2689 875 2709 con·
919 2683 1084 2709 eerentur:
1101 2677 1157 2708 scd
1165 2678 1533 2718 cumeonsequentibus:
1549 2689 1620 2713 um

176 2720 332 2759 jungitur
355 2731 432 2751 eum
457 2721 685 2758 antecedente,
711 2732 781 2752 una
794 2721 876 2761 ιΐίιε-
919 2721 1224 2759 sint—obligentur.
1270 2721 1332 2751 Res
1358 2726 1408 2751 est
1437 2722 1617 2762 perspicua.

178 2766 271 2798 runt,
293 2766 330 2792 ut
345 2763 450 2794 visum
465 2769 514 2795 est
536 2763 678 2794 librariis
694 2769 729 2795 et
743 2764 877 2795 editori·
919 2764 932 2793 Ι
938 2768 1036 2802 taque
1051 2772 1119 2793 non
1131 2762 1290 2801 dubitavi,
1305 2768 1422 2795 contra
1432 2763 1532 2795 libros
1547 2774 1618 2795 om-

179 2804 259 2842 bus;
277 2814 379 2844 neque
389 2806 478 2837 enim
485 2812 558 2837 tum
570 2807 637 2846 jam
650 2816 717 2838 una
725 2807 876 2845 aderant,
921 2815 977 2838 nes
992 2805 1038 2836 sie
1051 2804 1155 2836 edere.
