1907 3231
357 139 427 172 los

881 136 950 174 IN
990 135 1271 175 VERREM

351 238 482 279 etiam
508 242 524 272 7
540 247 603 279 tot
626 251 776 294 graves
798 241 851 281 ab
874 240 1140 281 amicissimis
1158 239 1404 281 civitatibus
1426 238 1660 293 legationes
1679 252 1778 281 cum

314 294 536 349 Spublicis
585 296 914 338 auctoritatibus
956 312 1005 337 ac
1048 297 1302 337 testimoniis
1344 296 1627 338 convenisse..
1666 296 1778 344 Quae

350 366 449 392 cum
483 353 542 392 ita
572 353 671 403 sint,
705 367 835 408 usqne
865 367 916 393 eo
946 353 999 393 de
1012 353 1219 393 omnibns
1251 353 1372 393 bonis
1403 353 1511 393 male
1532 352 1776 404 existimat3

349 421 484 462 usque
504 424 554 449 eo
578 410 789 450 senatoria
811 409 979 465 judicia
1009 409 1175 464 perdita
1207 409 1516 465 1·›1·ofligataque
1543 423 1634 450 esse
1663 408 1776 450 arbi-

349 473 498 514 tratur,
527 476 570 506 ut
605 466 686 507 hoc
717 466 856 522 palam
887 465 1071 515 dictitet,
1103 480 1188 506 non
1222 466 1312 506 sine
1340 481 1468 508 causa
1497 480 1541 506 se
1571 465 1775 521 cupidum

347 522 542 576 pecuniae
567 521 711 573 fuisse,
733 523 935 578 quoniam
958 531 1124 563 tantum
1156 521 1199 563 in
1231 523 1412 577 pecunia
1435 522 1679 578 praesidium
1700 536 1776 564 ex-

345 579 532 633 periatur
554 594 666 620 esse:
700 593 789 619 sese
809 579 872 632 (id
894 578 1007 634 quod
1031 578 1329 620 difficillimum
1351 578 1497 629 fuerit)
1519 588 1687 635 tempus
1707 578 1774 636 ip-

344 649 436 675 sum
459 635 781 689 emissejudicii
804 636 882 686 sui,
905 650 990 691 quo
1011 644 1153 676 cetera
1172 634 1339 676 facilius
1357 649 1495 676 emere
1548 644 1684 677 osset:
1710 644 1772 687 ut,

260 695 264 700 '
295 676 543 745 {quoniam
574 692 800 733 criminum
832 693 918 734 vim
951 691 1247 748 subterfugere
1269 691 1416 733 ssnullo
1437 706 1507 733 mo
1540 707 1566 734 o
1587 701 1770 748 poterat,

306 763 330 796 9
342 748 570 802 procellam
593 749 797 806 temporis
819 749 1041 791 devitaret.

1102 747 1268 795 Quodsi
1300 763 1386 790 non
1413 749 1541 790 modo
1563 763 1607 790 in
1627 763 1770 801 causa,

342 818 487 845 verum
519 805 562 846 in
593 805 736 861 aliquo
759 805 938 847 honesto
960 805 1175 862 praesidio,
1198 814 1272 846 aut
1303 805 1483 860 alicujus
1509 804 1767 861 eloquentia,

338 871 414 902 aut
445 863 597 917 gratia,
633 877 752 919 spem
788 863 973 918 aliquam
1009 863 1284 904 collocasset:
1321 861 1515 919 profecto
1551 877 1636 904 non
1673 862 1769 905 haec

337 920 483 960 omnia
497 919 718 975 colligeret
736 931 864 975 atque
881 930 1190 975 aucuparetur3
1213 934 1297 960 non
1318 933 1450 974 usque
1467 933 1518 960 eo
1530 919 1768 975 despiceret

335 985 714 1031 contemneretque
734 977 927 1018 ordinem
948 977 1223 1026 senatorium,
1246 985 1294 1017 ut
1320 976 1527 1017 arbitratu
1550 975 1642 1030 ejus
1662 975 1766 1018 deli-

335 1042 506 1087 geretur
529 1048 583 1073 ex
615 1043 778 1083 senatu,
801 1034 873 1088 qui
905 1047 998 1074 reus
1022 1032 1167 1085 fieret;
1196 1033 1285 1088 qui,
1307 1033 1409 1074 dum
1432 1032 1517 1083 hic,
1539 1047 1635 1088 quae
1657 1047 1765 1089 opus

275 1094 488 1139 messem,
507 1099 788 1145 compararet,
807 1104 979 1131 causam
1001 1089 1162 1130 interea
1181 1100 1280 1130 ante
1301 1104 1398 1130 eum
1419 1089 1593 1130 diceret.

1655 1089 1764 1136 Qui-

335 1146 412 1186 bus
440 1160 523 1201 ego
554 1147 678 1187 rebus
709 1147 812 1202 quid
844 1147 923 1188 iste
954 1155 1109 1202 speret,
1139 1155 1183 1187 et
1214 1161 1300 1200 quo
1329 1146 1520 1187 animum
1553 1146 1762 1198 intendat,

331 1201 455 1244 facile
477 1204 703 1259 perspicio.

765 1203 1058 1250 Quamobrem
1082 1217 1181 1244 vero
1204 1217 1248 1243 se
1269 1203 1459 1244 confidat
1487 1202 1645 1258 aliquid
1668 1217 1763 1259 per-

330 1259 456 1300 ficere
476 1274 614 1316 posse,
638 1260 753 1302 9l10c
777 1260 1012 1302 Glabrione
1034 1271 1231 1316 praetore,
1254 1269 1297 1300 et
1318 1260 1400 1302 hoc
1421 1259 1616 1309 consilio,
1637 1260 1762 1302 intel-

327 1315 459 1372 ligere
479 1331 566 1357 non
594 1332 783 1380 possum.
844 1318 989 1359 Unum
1021 1316 1123 1358 illud
1156 1316 1364 1373 intelligo,
1386 1315 1501 1372 quod
1527 1318 1563 1346 ¹0
1578 1315 1760 1373 populus

328 1372 457 1414 Rom.
479 1373 522 1414 in
553 1374 784 1428 rejectione
807 1373 1004 1428 judicum
1031 1373 1262 1428 judicavit,
1284 1387 1334 1414 ea
1364 1387 1438 1429 spe
1469 1372 1598 1414 istum
1629 1373 1759 1414 fuisse

358 1431 571 1482 raeditum,
594 1441 641 1471 ut
661 1445 833 1472 omnem
864 1431 1075 1472 rationem
1106 1430 1252 1470 salutis
1283 1430 1324 1470 in
1349 1429 1532 1486 pecunia
1554 1440 1756 1485 poneret:

324 1445 409 1528 ξος
429 1496 577 1544 erepto
599 1488 814 1544 praesidio,
839 1497 886 1528 ut
905 1487 1067 1528 nullam
1089 1487 1170 1528 sibi
1193 1501 1281 1527 rem
1307 1486 1558 1543 adjumento
1579 1486 1671 1528 fore
1691 1501 1758 1528 ar-

324 1544 568 1585 bitraretur.

275 1600 312 1648 4
382 1600 555 1642 Etenim
585 1601 699 1657 quod
729 1611 793 1642 est
823 1601 1043 1657 ingenium
1073 1603 1266 1641 tantum?
1297 1615 1394 1655 quae
1426 1608 1545 1640 tanta
1575 1597 1755 1642 facultas

323 1657 493 1698 dicendi
527 1667 570 1699 et
606 1659 746 1714 copia,
776 1673 871 1713 quoe
905 1658 1027 1698 istius
1058 1657 1206 1707 vitam,
1242 1666 1309 1697 tot
1340 1656 1457 1697 vitiis
1491 1656 1754 1714 flagitiisque

323 1715 582 1767 convictam,
597 1716 691 1770 jam
717 1716 882 1771 pridem
904 1715 1096 1756 omnium
1119 1714 1338 1755 voluntate
1361 1713 1614 1768 judicioque
1633 1713 1755 1756 dam-

263 1783 306 1818 11
323 1780 482 1822 natam,
506 1772 648 1828 aliqua
677 1786 731 1812 ex
763 1782 882 1827 parte
912 1772 1048 1828 possit
1077 1769 1330 1812 defendere?
1363 1769 1499 1825 Cujus
1528 1778 1578 1810 ut
1607 1770 1751 1812 adole-

322 1829 496 1869 scentiae
518 1828 704 1870 maculas
733 1829 1076 1884 ignominiasque

317 1899 412 1926 mus
443 1886 599 1941 gradus
629 1885 818 1936 honoris,
840 1885 941 1940 quid
974 1884 1088 1926 aliud

1138 1838 1381 1878 raeterea1n3
1412 1835 1642 1883 quaestura,
1694 1828 1751 1870 ri·

1146 1885 1246 1925 abet
1276 1884 1320 1924 in
1351 1898 1409 1934 se,
1431 1883 1513 1925 nisi
1537 1883 1618 1925 Cn.
1643 1842 1750 1926 gar-

317 1941 473 1983 bonem
499 1945 530 1972 ¹¹
548 1941 777 1998 spoliatum
800 1957 825 1983 a
845 1951 1058 1997 quaestore
1080 1956 1155 1983 suo
1178 1940 1361 1998 pecunia
1382 1940 1583 1998 publica?
1613 1941 1748 1983 nuda-

315 2006 407 2038 tum
444 2009 488 2040 et
529 1999 746 2056 proditum
788 1999 1033 2040 consulem?
1081 1998 1295 2039 desertum
1336 1997 1603 2040 exercitum?
1649 1998 1747 2040 reli-

312 2064 427 2097 ctam
477 2056 774 2113 provinciam?
824 2056 949 2097 sortis
999 2055 1359 2096 necessitudinem
1409 2053 1747 2112 religionemque

347 2189 366 2219 7
402 2190 447 2217 toe
479 2195 600 2225 graves
627 2186 700 2226 &c.]
738 2186 884 2216 Graevius
916 2185 1005 2216 addit

306 2232 389 2264 tam,
405 2228 491 2267 quod
511 2229 611 2259 habet
625 2235 718 2259 vetus
740 2229 904 2268 Inter-pres
926 2237 1004 2258 ano-

307 2279 434 2309 nymus,
451 2275 484 2301 et
500 2270 564 2301 Ms.
579 2271 641 2301 Gu.
685 2270 767 2302 Edd.
781 2270 909 2310 quidem
924 2275 1003 2301 vett.
1046 2279 1067 2312 p

305 2321 371 2342 non
388 2312 519 2343 habent.

347 2357 365 2384 8
388 2357 476 2385 nullo
501 2355 590 2385 modo
614 2354 757 2394 poterat]
783 2352 1000 2384 Refer-endum

304 2401 354 2425 ost
388 2397 427 2427 ad
456 2396 619 2427 Ciceronis
656 2406 840 2437 personam,
868 2405 935 2425 non
960 2395 1001 2426 ad

304 2437 435 2468 verrem
448 2451 454 2468 τ
478 2439 558 2469 alias
570 2449 637 2469 esse
651 2438 744 2468 debet
753 2438 906 2478 poluerit.

1048 2184 1178 2224 quidem
1193 2185 1300 2222 docet,
1314 2183 1470 2225 populum
1485 2183 1524 2215 R.
1538 2194 1606 2216 esse
1621 2185 1746 2218 intelli-

1047 2227 1201 2266 gendum,
1230 2228 1285 2266 qui
1317 2228 1350 2258 in
1385 2226 1560 2265 rejectione
1591 2227 1744 2266 judicum

1070 2279 1186 2300 raesens
1201 2269 1277 2305 fuit,
1294 2273 1331 2300 ut
1346 2268 1416 2299 aliis
1429 2268 1508 2299 locis
1522 2267 1730 2310 intelligitur.

1092 2315 1123 2342 11
1148 2312 1322 2351 spoliatum
1346 2321 1367 2341 a
1394 2320 1422 2351 q.
1445 2319 1470 2340 s.
1492 2320 1563 2351 pec.
1584 2312 1744 2351 publica?

1044 2354 1207 2384 nudatum
1221 2358 1252 2383 et
1269 2363 1322 2393 pr.
1338 2352 1379 2392 c.]
1410 2352 1556 2383 Graevius
1578 2357 1679 2394 putat
1689 2364 1743 2386 ve·

1042 2400 1146 2426 terem
1173 2395 1430 2431 distinctionem,
1453 2404 1524 2434 quae
1544 2401 1596 2426 est
1619 2395 1655 2427 in
1675 2395 1740 2429 Ms.

1043 2437 1105 2468 Gu.
1131 2447 1239 2468 veram
1258 2446 1343 2467 esse:
1367 2447 1412 2476 sp.
1435 2446 1455 2466 α
1477 2447 1506 2476 q.
1530 2446 1605 2467 suo:
1621 2447 1740 2478 pecun-

343 2483 364 2513 9
386 2481 443 2510 hoc
466 2480 638 2511 Glabrione
658 2480 729 2528 Pri]
775 2480 890 2510 Abfuit
920 2479 998 2510 Gla·
1034 2480 1170 2518 publica
1189 2478 1364 2515 nudatum,
1383 2483 1414 2508 e!
1423 2488 1477 2517 pr.
1493 2487 1519 2509 e.
1541 2479 1597 2510 sed
1610 2479 1682 2512 edd.
1697 2480 1738 2513 R.

301 2521 409 2551 'trione
430 2532 449 2552 a
464 2522 573 2553 codice
587 2523 731 2558 Asconii,
747 2523 801 2561 qni
816 2521 997 2562 explicandi

300 2573 398 2594 eausa
423 2564 545 2594 add‘dit
570 2575 612 2595 sc.
641 2564 822 2594 Glabrione.
867 2562 998 2594 Delevit

298 2610 333 2635 et
370 2606 404 2636 P.
434 2605 613 2636 Manutius.
645 2606 769 2636 Contra
796 2617 816 2636 a
842 2605 905 2635 ΜΞ.
933 2606 996 2636 Cu.

298 2646 389 2677 abest
399 2653 547 2687 proelore.

343 2691 380 2719 10
390 2691 527 2730 populns
538 2689 647 2729 Rom]
665 2690 715 2719 Sic
725 2689 807 2720 edidi
822 2699 893 2719 cum
904 2689 993 2719 Grae-

296 2731 348 2761 vio
385 2742 443 2771 pro
471 2732 612 2768 Pauor,
642 2732 725 2770 quod
756 2739 869 2761 natum
899 2736 948 2760 est
975 2742 992 2761 e

295 2773 487 2813 compendio
505 2775 538 2803 Ρ.
554 2774 592 2804 R.
616 2773 700 2812 quod
722 2779 770 2804 est
785 2784 813 2802 v.
830 2784 857 2803 c.
871 2773 904 2802 in
928 2772 991 2802 Ms.

294 2816 357 2844 Gu.
381 2815 464 2845 unde
485 2815 608 2845 factum
629 2815 681 2845 Pr.
703 2816 735 2845 in
758 2815 827 2845 edd.
851 2825 899 2854 pr.
924 2814 992 2844 Pri-

294 2866 367 2887 mus
389 2857 560 2898 explanate
577 2862 699 2897 proetor
712 2857 799 2888 dedit
816 2855 924 2888 Aldus.
942 2865 990 2887 res

1040 2521 1095 2551 ΒΓ.
1111 2521 1157 2551 sic
1171 2521 1422 2560 interpungunt,
1436 2527 1472 2550 ut
1489 2520 1624 2559 vulgati.
1654 2522 1739 2555 Sane

1039 2564 1201 2593 nudatum
1227 2572 1291 2592 non
1320 2563 1400 2592 bene
1424 2562 1638 2602 coniungitur
1662 2574 1737 2597 cum

1039 2610 1069 2635 et
1085 2606 1253 2646 proditura
1274 2606 1444 2634 consulem.
1491 2603 1573 2634 Puto
1595 2605 1737 2647 scribent-

1038 2646 1115 2678 dum
1137 2656 1204 2677 csse
1225 2655 1272 2686 sp.
1288 2656 1308 2675 α
1331 2657 1359 2686 q.
1382 2656 1406 2676 s.
1423 2656 1459 2686 p.
1475 2647 1610 2684 publica
1623 2652 1654 2678 et
1675 2657 1738 2678 nu-

1036 2689 1149 2719 datum
1162 2701 1170 2717 .·
1186 2698 1243 2728 pr.
1264 2689 1423 2719 consulem
1438 2689 1496 2719 «Sic.
1535 2689 1692 2720 Similiter
1705 2700 1734 2723 c.

1037 2733 1064 2760 5.
1082 2731 1153 2769 ωτι]
1160 2730 1253 2760 unxit
1267 2730 1414 2769 spoliat-it
1428 2730 1634 2770 nudavitque.
1653 2731 1733 2762 Mox

1033 2772 1213 2803 Lambinus
1241 2772 1390 2811 conjicit:
1422 2772 1589 2810 plurimas
1613 2773 1732 2811 dunos,

1035 2816 1156 2846 multas
1169 2814 1272 2845 urbes.
1288 2823 1354 2845 non
1366 2813 1462 2845 male.
