1907 3231
334 120 378 155 14
917 119 1166 160 ORATIO

327 228 461 263 esset:
491 224 532 253 ⁴³
545 224 886 279 extorquendum
905 234 969 265 est
988 225 1123 266 invito
1142 234 1269 280 atque
1291 224 1506 281 ingratiis:
1529 224 1642 281 quod
1662 236 1747 266 non

329 277 471 328 debet,
488 280 754 336 eripiendum
773 290 900 336 atque
917 282 1244 338 exprimendum
1265 290 1350 324 est:
1382 282 1434 323 de
1453 282 1634 323 fortunis
1656 295 1746 322 om-

330 335 455 375 nibus
481 335 528 376 P.
551 338 754 383 Quintius
787 338 1075 378 deturbandus
1093 348 1177 380 est:
1211 347 1419 394 potentes,
1441 339 1601 388 diserti,
1624 339 1748 379 nobi-

330 390 388 431 les
412 407 558 434 omnes
581 396 815 435 advocandi
842 404 963 435 sunt:
995 395 1237 436 adhibenda
1261 394 1322 436 vis
1352 407 1415 435 est
1442 396 1632 437 veritati:
1665 395 1744 435 mi-

285 453 395 489 b-nae
419 450 658 504 jactentur:
700 451 883 506 pericula
914 451 1207 493 intendantur:
1249 452 1494 493 formidines
1524 467 1746 508 opponan-

330 515 410 556 tur,
435 517 480 546 ut
507 507 556 547 iis
584 508 707 548 rebus
738 508 964 562 aliquando
993 508 1129 549 victus
1155 519 1198 549 et
1223 510 1466 564 perterritus
1494 510 1584 565 ipse
1607 509 1744 550 cedat.

329 562 439 608 Qua·
465 564 701 605 mehercule
728 565 885 614 omnia,
907 579 1019 615 cum,
1042 566 1113 619 qui
1137 577 1288 607 contra
1313 576 1519 621 pugnent,
1543 565 1680 615 video,
1701 575 1746 605 et

325 633 424 659 cum
446 621 561 660 mum
583 635 825 662 consessum
845 622 1081 673 considero,
1100 623 1245 663 adesse
1267 632 1393 677 atque
1416 622 1659 678 impendere
1685 622 1744 662 vi-

325 675 491 726 dentur,
516 691 651 731 neque
673 679 794 719 vitari
821 678 903 719 ullo
927 678 1053 719 modo
1082 694 1217 734 posse.
1247 694 1344 719 cum
1369 689 1509 720 autem
1534 679 1586 719 ad
1613 688 1667 729 te,
1691 677 1743 719 C.

325 732 500 787 Aquini,
523 734 669 775 oculos
701 736 973 790 animumque
1000 736 1142 786 retuli;
1175 751 1260 791 quo
1286 735 1446 790 majore
1471 745 1626 777 conatu
1655 745 1743 776 stu-

323 789 480 844 dioque
510 802 708 845 aguntur,
729 806 780 832 eo
808 792 978 842 leviora,
1002 792 1317 848 infirmioraque
1347 793 1561 834 existimo,
1622 792 1746 835 Nihil

326 845 457 901 igitur
478 847 640 898 debuit,
665 859 711 889 ut
734 860 778 889 tu
803 850 892 905 ipse
914 849 1135 905 praedicas.

256 904 311 940 48
383 903 498 950 Quid
522 905 554 944 si
585 906 824 947 debuisset?
859 907 1119 947 continuone
1149 922 1276 948 causa
1297 906 1460 957 fuisset,
1490 920 1566 947 cur
1587 921 1611 946 a
1634 921 1742 962 prae-

325 968 414 1000 tore
439 961 685 1016 postulareS,
709 972 756 1003 ut
781 964 892 1003 bona
922 963 1184 1019 possideres?
1217 978 1301 1005 non
1325 964 1479 1019 opinor
1503 963 1545 1004 id
1568 963 1741 1018 quidem

323 1030 459 1072 neque
473 1018 546 1072 jus
567 1033 671 1069 esse,
696 1033 831 1074 neque
862 1021 1061 1075 cuiquam
1091 1021 1306 1076 expedire.
1369 1020 1485 1066 Quid
1511 1020 1643 1075 igitur
1667 1020 1740 1061 de-

246 1061 555 1116 l5monstrat?
587 1076 878 1117 vadimonium
905 1077 984 1117 sibi
1012 1077 1073 1117 ait
1094 1091 1184 1118 esse
1210 1077 1436 1118 desertum.
1495 1076 1738 1131 Antequam

322 1130 471 1181 doceo,
496 1132 535 1172 id
562 1132 724 1173 factum
747 1147 829 1174 uon
860 1147 964 1184 esse,
988 1133 1093 1174 libet
1111 1133 1232 1185 mihi,
1256 1134 1307 1175 C.
1331 1133 1506 1189 Aquilli,
1527 1147 1581 1174 ex
1607 1134 1738 1175 officii

320 1188 498 1238 ratione,
520 1198 648 1244 atque
676 1204 729 1230 ex
755 1190 945 1231 omnium
975 1190 1298 1240 consuetudine,
1321 1205 1408 1232 rem
1430 1190 1564 1246 ipsam
1587 1200 1629 1230 et
1651 1190 1738 1231 fac-

321 1252 410 1284 tum
442 1245 567 1286 simul
593 1248 693 1287 Sex.
726 1246 867 1289 Naevii
898 1248 1178 1289 considerare.
1237 1247 1305 1289 Ad
1337 1247 1628 1288 vadimonium
1651 1261 1739 1288 nou

319 1312 506 1353 venerat,
528 1312 575 1342 ut
596 1303 671 1354 ais,
691 1304 739 1353 is,
762 1304 935 1359 quicum
959 1305 1035 1345 tibi
1059 1306 1257 1355 affinitas,
1281 1305 1474 1354 societas,
1497 1318 1644 1345 omnes
1665 1303 1739 1345 de-

317 1358 447 1413 nique
464 1374 618 1411 causae,
632 1370 674 1401 et
690 1361 1020 1402 necessitudines
1039 1371 1200 1403 veteres
1215 1361 1547 1403 intercedebant.
1567 1360 1738 1402 illicone

316 1415 368 1455 ad
391 1425 614 1470 praetorem
634 1417 693 1458 ire
711 1419 936 1460 convenit?
959 1419 1219 1460 continuone
1238 1433 1383 1460 verum
1402 1417 1486 1458 fuit
1507 1417 1734 1473 postulare,

318 1482 365 1511 ut
386 1486 438 1513 ex
461 1474 602 1514 edicto
627 1475 738 1515 bona
762 1475 973 1530 possidere
991 1475 1160 1517 liceret?
1178 1475 1230 1517 ad
1253 1476 1347 1516 haec
1367 1484 1572 1524 extrema,
1591 1483 1635 1514 et
1656 1474 1736 1514 ini-

314 1529 549 1571 micissima
565 1530 666 1585 jura
688 1542 774 1572 tam
793 1532 946 1587 cupide
971 1533 1236 1583 decurrebas,
1256 1533 1317 1573 uti
1342 1532 1420 1572 tibi
1445 1530 1552 1572 nihil
1571 1531 1614 1571 in
1637 1545 1734 1586 pos-

315 1595 467 1637 terum,
489 1588 603 1642 quod
631 1589 801 1644 gravius
824 1599 950 1644 atque
975 1590 1184 1631 crudelius
1209 1589 1347 1631 facere
1371 1602 1530 1645 posseS,
1549 1602 1734 1629 reserva-

245 1647 302 1688 49
316 1646 403 1684 res?
439 1644 550 1685 Nam
577 1645 679 1700 quid
707 1645 869 1686 homini
902 1655 1044 1702 potest
1070 1647 1248 1703 turpius,
1272 1646 1376 1701 quid
1405 1645 1496 1687 viro
1522 1645 1731 1696 miserius,

313 1710 387 1740 aut
405 1702 597 1742 acerbius
619 1717 695 1743 usu
715 1704 882 1744 venire?
912 1703 1027 1758 quod
1047 1713 1212 1744 tantum
1231 1704 1399 1744 evenire
1416 1702 1614 1753 dedecus,
1636 1716 1735 1757 quae

314 1767 431 1798 tanta
450 1758 667 1799 calamitas
687 1760 866 1801 inveniri
888 1763 1051 1816 potest?
1083 1761 1316 1802 Pecuniam
1337 1760 1371 1800 si
1389 1759 1577 1815 cuipiam
1597 1758 1732 1800 fortu-

311 1827 368 1854 na
392 1815 565 1866 ademit,
593 1825 667 1858 aut
693 1817 727 1858 si
755 1817 934 1872 alicujus
961 1818 1117 1874 eripuit
1143 1817 1320 1873 injuria;
1352 1827 1508 1866 tamen,
1529 1815 1632 1856 dum
1657 1829 1733 1857 ex-

311 1871 517 1913 istimatio
543 1882 608 1913 est
634 1873 814 1930 integra,
840 1874 964 1916 facile
988 1875 1232 1916 consolatur
1258 1874 1456 1915 honestas
1480 1880 1730 1928 egestatem.

308 1927 424 1968 44At
455 1944 539 1970 non
570 1944 695 1971 nemo
727 1941 801 1972 aut
830 1931 1066 1987 ignominia
1097 1932 1290 1983 affectus,
1319 1940 1394 1972 aut
1418 1929 1585 1985 judicio
1617 1929 1731 1985 turpi

309 1986 547 2036 convictus,
572 1987 693 2027 bonis
715 1988 888 2044 quidem
911 1989 995 2029 suis
1023 1990 1180 2041 utitur3
1211 1988 1381 2029 alterius
1410 2001 1526 2043 opes,
1549 1986 1591 2027 id
1614 1986 1730 2041 quod

310 2042 593 2083 miserrimum
616 2054 693 2095 est,
717 2059 801 2085 non
830 2055 1073 2101 exspectat:
1109 2046 1192 2087 hoc
1222 2055 1364 2086 tamen
1387 2045 1430 2085 in
1455 2043 1634 2084 miseriis
1655 2043 1730 2084 ad-

302 2097 503 2153 jumento
524 2110 567 2140 et
586 2101 736 2142 solatio
759 2102 1015 2144 sublevatur.
1070 2102 1206 2157 Cujus
1228 2117 1327 2143 vero
1352 2103 1464 2143 bona
1483 2099 1728 2151 venierunt,

221 2171 249 2201 Ρ·
267 2156 429 2211 9·cujus
448 2171 532 2198 non
556 2158 684 2199 modo
710 2158 791 2200 illae
814 2159 1086 2215 amplissima:
1111 2160 1309 2211 fortunae,
1333 2158 1404 2199 sed
1431 2158 1561 2199 etiam
1589 2157 1727 2198 victus

265 2212 293 2232 ²·
310 2213 570 2269 vestitusque
593 2216 851 2256 necessarius
874 2218 952 2257 sub
977 2231 1174 2273 praecone
1196 2231 1293 2257 cum
1324 2215 1530 2256 dedecore
1559 2214 1730 2269 subjec-

307 2281 375 2310 tus
405 2282 490 2322 est;
522 2271 555 2311 is
587 2286 671 2313 non
703 2273 831 2314 modo
861 2287 915 2313 ex
943 2288 1119 2315 numero
1146 2274 1333 2314 virorum
1353 2272 1620 2322 exturbatur,
1640 2270 1726 2321 sed,

307 2328 342 2367 si
377 2327 464 2368 fieri
506 2339 660 2383 potest,
699 2329 809 2370 infra
845 2330 974 2371 etiam
1011 2341 1202 2372 mortuos
1232 2329 1496 2371 amandatur.
1556 2326 1727 2369 Etenim

303 2386 346 2414 ⁴5
359 2398 471 2425 mors
496 2384 675 2427 honesta
699 2401 813 2443 saepe
842 2387 974 2429 vitam
1003 2403 1173 2444 quoque
1201 2397 1370 2444 turpem
1398 2394 1601 2429 exornat:
1640 2384 1727 2425 vita

337 2542 378 2571 43
400 2545 520 2581 extorq.
545 2547 591 2573 ese
613 2543 726 2584 invito]
759 2544 858 2575 Hunc
883 2543 992 2576 locum
1034 2545 1082 2576 Ac
1096 2555 1159 2576 mm
1172 2555 1204 2576 n.
1249 2540 1394 2575 Nec'hoc
1408 2542 1486 2573 satis
1502 2540 1618 2581 placet.

296 2581 392 2614 aliter
403 2593 420 2613 e
435 2583 578 2621 vestigiis
591 2585 640 2615 ed.
653 2585 705 2615 W.
720 2591 754 2616 et
767 2587 930 2617 sententia
942 2587 991 2617 in·
1075 2590 1115 2618 45
1143 2597 1228 2618 mors
1270 2581 1605 2621 honesta—exornat]
1641 2582 1724 2618 Sane

296 2625 460 2664 terpunxi.
506 2626 612 2665 Vulgo
631 2632 695 2657 est.
714 2632 758 2658 est
774 2629 873 2659 invito
894 2633 992 2669 aeque
1033 2629 1144 2659 durior
1154 2636 1203 2660 est
1217 2628 1391 2663 sententia,
1404 2627 1431 2656 si
1443 2625 1575 2656 verbum
1589 2629 1725 2655 exornat

295 2668 554 2707 zngTatiis,quod
566 2679 628 2698 non
640 2669 742 2699 debet.-
760 2671 838 2710 erip.
854 2680 884 2701 α.
900 2680 988 2711 eayr.
1032 2672 1169 2711 pressius
1183 2672 1406 2710 interpretere.
1440 2667 1502 2698 Sed
1516 2676 1582 2697 non
1597 2665 1725 2697 videtur

293 2713 350 2738 ἔα·
1030 2713 1063 2744 id
1076 2713 1209 2744 verbum
1223 2712 1264 2743 ad
1278 2713 1386 2741 vivum
1401 2708 1618 2740 resecandum.
1641 2708 1721 2738 Sen-

335 2753 375 2781 44
397 2752 441 2781 A!
463 2762 526 2782 non
548 2753 652 2792 nemo]
679 2752 739 2784 Ed.
766 2753 817 2782 W.
846 2754 892 2784 At
914 2763 988 2784 vero
1030 2764 1083 2786 sus
1105 2760 1166 2791 est,
1189 2755 1215 2784 si
1237 2753 1290 2793 qui
1309 2753 1456 2789 honeste,
1472 2755 1512 2782 ut
1534 2759 1591 2790 pro
1614 2749 1722 2790 patria

292 2801 394 2824 nemo.
430 2795 526 2826 male.
585 2795 818 2827 Hotomanuus
853 2796 987 2836 corrigit
1030 2806 1178 2839 pugnans
1214 2796 1273 2827 διο.
1307 2794 1460 2831 moritur,
1495 2792 1648 2825 obliterat
1682 2801 1723 2827 ea
