1907 3231
615 100 734 139 PRO
760 101 807 144 A.
836 97 1157 138 CLUENTIO.
1534 105 1610 150 533

155 199 232 256 jus
253 217 396 257 causa,
417 204 508 247 dies
529 212 767 260 noctesque
789 204 1002 261 vigilaret,
1024 213 1067 245 et
1082 217 1188 244 cum
1208 217 1279 252 „ine
1301 202 1413 260 hanc
1434 219 1608 248 causam

165 259 363 315 doceret;
405 267 450 304 in
483 264 685 305 morbum
718 277 893 319 gravem
932 258 1319 318 periculosumque,
1341 262 1516 305 incidit:
1561 263 1607 305 in

161 330 249 371 quo
271 328 414 361 tamen
428 335 516 362 non
537 320 679 362 minus
702 320 755 367 de
776 320 919 376 capite
941 319 1085 374 hujuS,
1102 332 1231 373 quam
1262 317 1315 359 de
1338 333 1413 359 sua
1432 320 1522 361 vita
1543 319 1603 361 la-

162 372 301 417 bor-at.
362 377 445 419 Cn.
471 380 506 408 11
521 377 693 419 Tudicii
715 377 941 428 senatoris,
964 377 1043 419 viri
1065 375 1220 431 optimi
1238 383 1280 417 et
1293 375 1601 429 honestissimi,

160 444 239 486 par
258 434 450 476 studium
474 437 512 467 12
525 444 570 476 et
587 435 835 476 testimonio
857 444 902 476 et
922 433 1169 476 laudatione
1185 433 1472 489 cognoscetis.
1517 433 1600 485 Ea-

159 488 258 531 dem
288 506 377 547 spe,
407 492 480 534 sed
502 492 666 549 majore
690 492 961 544 verecundia,
994 491 1047 532 de
1077 500 1133 541 te,
1167 490 1218 531 P.
1237 489 1460 541 Volumni,
1492 491 1599 546 quo-

157 546 427 603 niamjudex
460 564 504 591 es
541 550 584 592 in
616 549 672 591 A.
696 550 962 602 Cluentium,
993 548 1189 590 dicimus.
1254 546 1323 599 Et,
1346 562 1400 588 ne
1418 547 1598 605 longum

155 602 226 654 sit,
247 607 443 648 omnium
474 607 716 650 vicinorum
751 622 962 649 summam
997 621 1087 647 esse
1116 605 1161 646 in
1194 605 1312 647 hunc
1347 605 1598 647 benivolen-

152 659 273 713 tiam,
293 665 614 711 confirmamus.
675 665 849 707 Horum
870 663 1064 706 omnium
1097 663 1302 714 studium,
1321 663 1686 715 curam,'dili-199

151 720 362 773 gentiam,
385 737 617 779 meumque
643 738 729 765 una
751 721 956 771 laborem,
992 720 1067 775 qui
1101 729 1239 761 totam
1270 720 1381 762 hanc
1409 735 1598 774 causam,

153 784 296 819 vetere
329 777 544 833 instituto,
576 780 691 823 solus
721 779 932 837 peroravi,
949 787 1220 832 vestramque
1254 777 1394 830 simul,
1411 779 1599 834 judiceS,

152 835 405 889 aequitatem
446 847 490 879 et
522 837 898 880 mansuetudinem
932 849 1017 876 una
1045 843 1183 875 mater
1225 845 1468 892 oppugnat.
1538 836 1600 878 At

150 904 249 945 quae
271 897 434 936 mater?
463 910 592 951 quam
624 909 786 936 caecam
816 892 1071 935 crudelitate
1092 901 1136 932 et
1166 891 1326 933 scelere
1355 893 1455 933 ferri
1480 894 1599 945 vide—

151 948 231 991 tis:
263 952 387 1007 cujus
410 953 694 1009 cupiditatem
724 951 841 994 nulla
861 964 1067 1006 umquam
1095 949 1320 1005 turpitudo
1340 950 1593 994 retardavit:

149 1019 247 1060 quae
261 1009 378 1050 vitiis
399 1010 532 1051 animi
551 1010 594 1051 in
609 1010 857 1052 deterrimas
875 1018 1015 1065 partes
1027 1009 1129 1063 jura
1139 1006 1365 1048 hominum
1380 1010 1598 1050 convertit

149 1066 317 1107 omnia:
337 1067 461 1122 cujus
483 1082 533 1109 ea
550 1067 735 1109 stultitia
756 1077 835 1119 est,
855 1077 903 1108 ut
921 1081 1014 1107 eam
1033 1079 1162 1106 nemo
1181 1064 1401 1106 hominem
1419 1082 1430 1117 3
1452 1079 1502 1105 ea
1515 1067 1595 1118 vis,

149 1130 196 1161 ut
217 1136 345 1165 nemo
365 1124 616 1179 foeminam3
639 1141 690 1167 ea
710 1125 953 1175 crudelium,
968 1134 1014 1164 ut
1028 1137 1155 1164 nemo
1177 1132 1359 1163 matrem
1378 1122 1594 1178 appellare

148 1180 299 1233 possit.
331 1191 461 1238 atque
476 1183 607 1224 etiarn
630 1183 808 1224 nomina
836 1180 1219 1230 necessitudinum,
1242 1194 1328 1221 non
1353 1180 1491 1221 solum
1515 1195 1592 1222 na-

147 1244 256 1278 turae
280 1253 437 1280 nomen
473 1250 516 1281 et
540 1241 644 1295 jura
664 1240 875 1281 mutavit:
912 1242 946 1270 13
959 1254 1070 1280 uxor
1100 1237 1263 1294 generi,
1288 1252 1474 1278 noverca
1496 1237 1589 1291 filii,

146 1292 247 1336 filiae
271 1296 431 1351 pellex:
464 1313 516 1339 eo
540 1300 634 1354 jam
667 1298 854 1353 denique
887 1296 1075 1338 adducta
1105 1305 1184 1346 est,
1219 1305 1265 1336 ut
1302 1296 1399 1347 sibi,
1431 1304 1590 1351 praetei·

145 1349 344 1406 formam,
366 1354 475 1397 nihil
496 1357 548 1397 ad
572 1356 898 1397 similitudinem
922 1354 1110 1395 hominis
1132 1353 1373 1394 reservarit.
1425 1353 1678 1405 Quare‚⁶200

136 1407 324 1464 judices,
346 1412 380 1452 si
401 1412 537 1454 scelus
559 1414 727 1464 odistis,
744 1413 971 1469 prohibete
984 1411 1149 1452 aditum
1173 1410 1320 1451 matris
1344 1426 1368 1451 a
1390 1409 1465 1450 filii
1490 1425 1586 1452 san-

142 1466 300 1521 guine:
332 1469 432 1510 date
461 1471 628 1526 parenti
660 1471 776 1511 hunc
801 1469 1098 1511 incredibilem
1129 1467 1320 1508 dolorem
1355 1482 1409 1508 ex
1435 1467 1584 1520 salute,

139 1537 194 1564 ex
216 1525 397 1567 victoria
417 1527 623 1570 liberum:
656 1527 872 1583 patimini,
902 1536 1100 1576 matrem,
1122 1539 1175 1565 ne
1206 1526 1359 1566 orbata
1389 1524 1478 1565 filio
1511 1525 1584 1567 lae-
1598 1535 1629 1566 P·
1643 1527 1696 1559 60.

138 1589 267 1633 tetur,
293 1584 451 1625 victam
474 1585 619 1642 potius
642 1594 782 1627 vestra
803 1585 1009 1640 aequitate
1030 1582 1262 1624 discedere.
1326 1582 1400 1623 Sin
1424 1579 1626 1634 autemst·

139 1637 182 1679 id
213 1641 329 1695 quod
353 1652 493 1683 vestra
525 1653 679 1684 natura
700 1642 905 1700 postulat,
927 1642 1151 1699 pudorem,
1174 1640 1431 1690 bonitatem,
1448 1640 1585 1682 virtu-

139 1704 313 1753 temque
331 1698 534 1756 diligitis:
567 1700 705 1742 levate
723 1700 839 1742 hunc
862 1699 1093 1756 aliquando
1114 1697 1353 1754 supplicem
1378 1705 1584 1750 vestrum,

131 1753 319 1808 judices,
343 1765 408 1798 tot
443 1772 578 1798 annos
612 1758 655 1799 in
692 1757 801 1799 falsa
831 1757 996 1799 invidia
1026 1756 1312 1812 periculisque
1350 1764 1582 1806 versatum,

135 1811 209 1866 qui
237 1827 352 1854 nunc
385 1815 573 1871 primum
601 1825 700 1872 post
730 1816 846 1857 illam
878 1816 1112 1865 flammam,
1141 1814 1178 1842 ¹4
1191 1813 1370 1854 aliorum
1398 1811 1514 1853 facto
1539 1824 1583 1854 et

134 1870 375 1925 cupiditate
395 1873 647 1925 excitatam,
669 1888 744 1930 spe
767 1883 921 1914 vestrae
944 1871 1161 1927 aequitatis
1183 1871 1348 1927 erigere
1368 1869 1579 1922 animum,

134 1936 178 1967 et
201 1928 391 1983 paullum
412 1931 620 1987 respirare
641 1939 800 1973 ametu
817 1930 981 1987 coepit:
1014 1929 1083 1970 cui
1108 1929 1249 1985 posita
1271 1938 1370 1968 sunt
1386 1927 1430 1968 in
1454 1928 1578 1969 vobis

136 1985 304 2028 omnia:
337 2002 465 2042 quem
499 1998 713 2030 servatum
737 2003 828 2030 esse
861 1987 1035 2045 plurimi
1067 1987 1264 2043 cupiunt,
1299 1999 1466 2025 servare
1498 1984 1577 2026 soli

133 2056 211 2083 vos
233 2045 429 2099 potestis.
491 2045 600 2087 Orat
621 2062 696 2088 vos
729 2046 902 2097 Avitus,
929 2045 1116 2100 judiees,
1147 2054 1191 2085 et
1221 2044 1328 2084 fiens
1362 2043 1662 2094 obsec1·at,201

131 2112 186 2140 ne
208 2115 252 2141 se
274 2101 465 2154 invidiae,
495 2118 591 2159 quae
615 2104 659 2145 in
681 2104 862 2160 judiciis
884 2103 1023 2145 valere
1055 2116 1142 2143 non
1162 2102 1315 2152 debet3
1347 2115 1401 2140 ne
1431 2101 1576 2152 matri,

131 2157 256 2213 cujus
280 2169 382 2201 vota
403 2170 446 2201 et
476 2176 621 2217 preces
652 2177 678 2202 a.
709 2162 860 2203 vestris
883 2161 1102 2202 mentibus
1124 2158 1350 2216 repudiare
1380 2157 1574 2210 debetis;

131 2228 186 2256 ne
217 2215 481 2274 Oppianico,
507 2218 670 2260 homini
691 2219 871 2270 nefario,
890 2219 1179 2260 condemnato
1195 2216 1290 2272 jam
1320 2225 1364 2256 et
1384 2224 1572 2267 mortuo,

130 2274 402 2316 condonetis.
464 2277 632 2324 Quodsi
673 2291 760 2332 qua
791 2277 1012 2318 calamitas
1051 2275 1167 2316 hunc
1207 2274 1250 2315 in
1292 2272 1376 2314 hoc
1400 2272 1653 2334 judicio71

130 2330 337 2374 afflixerit
369 2334 671 2376 innocentem:
712 2349 780 2376 nae
805 2335 885 2375 iste
913 2334 1057 2384 miser,
1080 2332 1268 2389 judices,
1300 2331 1349 2381 si,
1381 2331 1423 2372 id
1455 2331 1572 2386 quod

127 2387 306 2431 difficile
329 2390 447 2432 factu
471 2401 549 2443 est,
573 2392 615 2433 in
638 2392 728 2433 vita
750 2392 1004 2443 remanebit,
1018 2404 1134 2447 saepe
1154 2400 1197 2430 et
1215 2388 1400 2429 multum
1424 2402 1576 2443 quere-

128 2453 212 2497 tur,
227 2447 541 2504 deprehensum
558 2464 649 2491 esse
667 2449 770 2491 illud
784 2450 998 2505 quondam
1018 2447 1320 2489 Fabricianum
1345 2460 1572 2487 venenum.

127 2505 282 2559 quodsi
296 2515 388 2548 tum
405 2507 644 2550 indicatum
655 2522 743 2549 non
756 2517 882 2560 esset,
897 2522 983 2548 non
998 2506 1099 2548 huic
1114 2503 1479 2546 aerumnosissimo
1502 2518 1574 2546 ve-

170 2636 205 2664 ll
223 2634 365 2676 Tudiaeii]
379 2638 432 2668 Sic
447 2637 609 2669 Graevius:
627 2638 683 2669 alii
696 2638 826 2675 Tudici,
871 2638 956 2668 idem
972 2641 1034 2668 est.

94 2715 99 2718 ὓ
125 2681 308 2716 contracte,
330 2685 367 2710 ut
393 2681 520 2720 opinor.
567 2681 697 2712 Tudicii
719 2682 754 2711 in
777 2681 828 2711 in-
916 2683 952 2710 13
975 2688 1061 2710 uxor
1086 2678 1203 2716 generi
1228 2675 1302 2717 &c.]
1339 2675 1440 2706 Hune
1462 2676 1573 2707 locum

126 2718 359 2759 scriptionibus
374 2723 517 2762 antiquis
532 2730 723 2754 occurrunt.
870 2722 985 2753 laudat
999 2723 1067 2762 ipse
1082 2721 1118 2750 in
1134 2720 1227 2750 Orat.
1243 2730 1271 2750 c.
1287 2722 1338 2750 30.

171 2763 208 2793 12
231 2766 262 2792 et
276 2764 396 2795 testim.
417 2769 450 2795 et
472 2765 508 2805 L]
545 2766 694 2796 Graevius
719 2777 737 2796 e
760 2765 826 2798 Ms.
916 2768 951 2795 14
974 2765 1117 2794 aliorum
1120 2761 1219 2802 facto
1233 2767 1264 2792 et
1278 2760 1366 2801 cup]
1391 2760 1454 2792 Vix
1475 2759 1573 2790 credo

124 2802 178 2833 Fr.
201 2803 304 2835 edidit
317 2805 354 2836 in
368 2809 486 2837 testim.
504 2808 618 2839 malim
634 2819 686 2846 ex,
702 2813 742 2839 ut
757 2808 825 2849 ipsc
871 2807 1064 2838 Ciceronem
1079 2810 1149 2836 tam
1164 2806 1312 2836 tenuiter
1326 2801 1571 2843 dixissequam

125 2846 324 2885 conjecerat.
365 2849 615 2883 Testimonium
629 2856 664 2886 ot
677 2850 826 2884 laudatio
870 2850 921 2881 An
924 2848 1056 2890 fraude
1069 2849 1084 2880 ‚7
1107 2857 1181 2889 quae
1195 2847 1376 2890 opponitur
1390 2845 1547 2885 equitati.

780 2901 915 2946 PP4
