1907 3231
597 113 713 153 PRO
737 113 796 155 Aa
814 110 1066 150 cAEClNA.
1476 115 1554 152 489

109 218 296 276 profecti
322 219 423 265 sint.
452 216 587 259 Aut
602 234 680 260 sua
702 218 937 270 voluntate,
957 227 1035 259 aut
1064 215 1172 271 legis
1199 211 1340 258 multa
1368 214 1556 272 profecti

112 288 252 322 sunt·
248 292 398 333 quam
429 276 611 330 multam
643 277 676 318 si
707 276 890 325 sufferre*
913 275 1161 324 voluissent,
1183 278 1293 313 tum
1306 287 1479 315 manere
1509 275 1553 315 in

110 335 289 377 civitate
308 334 564 392 potuissent.
597 334 742 381 Quid?
762 347 890 390 quem
913 342 1036 390 pater
1052 339 1246 395 patratus
1267 330 1456 380 dedidit.
1480 341 1554 373 aut
1567 330 1640 380 34

112 407 214 436 suus
244 403 365 449 pater
395 391 635 448 populusve
665 392 886 442 vendidit,
901 406 988 446 quo
1018 391 1067 432 is
1079 402 1195 444 Jure
1209 388 1373 429 amittit
1399 388 1556 430 civita-

109 453 226 493 tem?
263 450 321 492 Ut
340 449 548 505 religione
570 450 722 490 civitas
745 449 950 500 solvatur,
968 448 1089 489 civis
1100 446 1324 494 Romanus
1347 445 1554 488 traditur:

110 509 186 563 qui
204 521 315 549 cum
326 515 392 548 est
412 517 632 563 acceptus,
653 517 719 548 est
739 521 904 558 eorum,
922 507 1094 562 quibus
1092 513 1167 545 est
1188 500 1379 546 deditus:
1412 503 1447 543 si
1461 517 1558 544 non

109 565 349 634 accipiunt,
371 573 420 604 ut
450 564 708 606 Mancinum
734 564 1009 615 Numantini,
1023 562 1209 604 ιεῑὶιια
1221 562 1434 617 integram
1457 575 1559 601 cau-

110 636 215 665 sam
223 632 268 666 et
282 628 357 677 J'us
379 622 584 663 civitatis.
646 623 692 664 Si
725 632 847 678 pater
868 621 1064 665 vendidit
1083 634 1198 671 eum,
1219 632 1348 674 quem
1371 619 1415 659 in
1437 632 1558 659 suam

109 689 372 735 potestatem
395 690 655 736 suscepeiat,
678 695 733 721 ex
756 689 970 744 potestate
991 678 1190 720 dimittit.
1249 676 1350 719 Jam
1373 675 1557 732 populus
1569 680 1619 715 99

109 752 211 779 cum
233 752 332 781 eum
355 737 564 789 vendidi-,t
586 739 662 793 qui
684 738 835 778 3miles
858 737 996 778 factus
1025 750 1113 776 non
1134 744 1214 786 est,
1236 749 1322 775 non
1344 734 1499 775 adimit
1519 734 1557 774 ei

108 794 372 846 libeltatem,
393 796 465 836 sed
482 795 668 850 judicat,
690 809 778 836 non
799 809 891 835 esse
912 808 1010 834 eum
1041 793 1240 843 libeium,
1262 792 1352 847 qui,
1374 801 1423 833 ut
1453 791 1562 833 liber

109 852 181 903 sit,
213 853 330 894 adhe
370 853 607 908 periculum
639 852 803 893 noluit:
837 865 936 892 cum
967 859 1112 892 autem
1143 850 1367 890 incensum
1398 850 1562 901 vendit,

110 909 196 952 hoc
221 910 419 965 j-udicat·
434 924 548 951 cum
581 924 630 959 ι5,
660 909 735 965 qui
768 909 810 950 in
848 908 1054 950 servitute
1081 908 1204 964 justa
1234 906 1586 958 fue1it,4eensu·

110 966 467 1018 libe1·etu1,eum,
490 967 578 1022 qui,
603 981 700 1007 cum
725 966 833 1008 liber
854 976 981 1016 esset,
1002 980 1167 1007 censeri
1196 964 1397 1015 nolueiit,
1419 965 1562 1021 ipsum

110 1025 194 1066 sibi
227 1026 471 1067 libertatem
507 1024 794 1088 abjudicasse.
857 999 1025 1072 Quodsi
1058 1023 1249 1064 maxime
1291 1023 1395 1064 iisce
1435 1023 1562 1063 iebus

110 1083 244 1124 adimi
267 1083 442 1123 libeitas
473 1092 548 1124 aut
570 1083 723 1129 civitas
755 1093 1042 1139 potest3110u
1074 1080 1338 1137 intelligunt,
1361 1080 1435 1135 qui
1465 1080 1563 1122 haec
1624 1114 1627 1117 ,

108 1150 467 1191 commemorant,
490 1140 523 1180 si
548 1154 623 1196 per
644 1141 720 1181 lias
744 1141 930 1181 rationes
962 1139 1093 1181 adimi
1120 1153 1306 1193 maJffles
1339 1152 1464 1195 posse
1487 1153 1561 1180 vo-

108 1197 300 1249 luet-unt,
313 1198 412 1239 alio
442 1198 574 1238 modo
606 1198 820 1240 noluisse?
856 1198 986 1248 Nam,
1019 1207 1067 1238 ut
1099 1196 1195 1237 haec
1225 1212 1279 1238 ex
1308 1196 1409 1252 jure
1441 1196 1559 1238 clvlll
1577 1202 1651 1235 100

107 1255 397 1320 protuler,unt
439 1255 499 1296 sic
543 1255 726 1297 afferant
755 1256 899 1307 velim,
929 1255 1087 1309 quibus
1125 1254 1219 1310 leoe
1255 1264 1329 1296 aut
1362 1254 1563 1295 Romana

108 1313 263 1354 civitas
286 1323 361 1355 aut
383 1313 558 1354 liberm
580 1324 729 1369 eiepta
751 1314 820 1354 sit.
883 1313 997 1353 Nam
1020 1312 1134 1376 quod
1160 1313 1213 1353 ad
1235 1312 1439 1353 exsilium
1462 1313 1563 1353 atti-
1584 1318 1587 1322 ’

110 1380 200 1422 net,
233 1372 459 1427 peispicue
496 1370 680 1426 intelligi
716 1379 875 1425 potest,
906 1370 1031 1425 quale
1061 1371 1130 1410 sit
1193 1369 1408 1411 Exsilium
1431 1370 1563 1421 enim,

107 1443 195 1470 non
218 1428 480 1484 supplicium
500 1437 580 1478 est,
599 1429 672 1468 sed
695 1428 943 1483 pe1·†u‹riu1n
965 1437 1201 1483 p01tusque
1223 1428 1440 1483 supplicii.
1462 1442 1563 1468 nam

107 1487 183 1541 qui
207 1487 357 1529 volunt
383 1500 562 1542 poenam
584 1485 772 1540 aliquam
800 1486 1120 1541 subteffiuwexe,
1150 1496 1224 1532 aut
1256 1486 1561 1537 calamitatem,

107 1558 160 1584 eo
183 1543 320 1583 solum
343 1557 416 1583 vei
423 1553 543 1594 tunt3
575 1542 659 1583 hoc
681 1553 760 1593 est,
784 1544 927 1584 sedem
951 1557 1000 1584 ac
1022 1543 1166 1583 locum
1189 1552 1374 1583 mutant.
1409 1541 1563 1607 Itaque

106 1600 225 1642 nulla
256 1601 318 1641 in
335 1600 430 1657 lege
460 1610 608 1641 nostia
639 1600 889 1656 repelletur,
921 1610 969 1641 ut
999 1600 1114 1657 apud
1150 1609 1313 1641 ceteras
1346 1601 1562 1651 civitates,

107 1632 401 1700 maleficium&
408 1658 542 1699 ullum
575 1658 729 1699 exsilio
769 1673 860 1700 esse
892 1658 1150 1699 multatum:
1184 1658 1257 1698 sed
1287 1672 1388 1699 cum
1421 1657 1606 1699 homi-b.

106 1731 198 1767 1165,
221 1716 408 1767 vincula,
432 1730 572 1766 neces,
596 1716 946 1771 ignominiasque
968 1717 1123 1767 vitant,
1146 1730 1245 1770 quae
1269 1725 1369 1756 sunt
1392 1715 1563 1772 legibus

106 1776 376 1839 constitutae,
398 1774 663 1830 confugiunt
695 1775 818 1828 quasi
850 1774 903 1814 ·1d
935 1788 1067 1825 aiam,
1094 1774 1137 1814 in
1160 1773 1385 1815 exsilium:
1420 1774 1494 1829 qui
1528 1774 1563 1814 si

106 1832 151 1872 in
184 1831 363 1872 civitate
396 1831 503 1887 legis
542 1846 629 1871 vnn
662 1832 809 1873 subile
840 1831 1015 1883 vellent,
1053 1846 1141 1873 non
1175 1832 1292 1888 prius
1323 1831 1565 1896 civitatem,

107 1903 235 1944 quam
262 1889 396 1929 ιίι3ιιι
420 1890 693 1931 auiitteient:
727 1890 831 1944 quia
851 1889 1031 1940 nolunt3
1062 1904 1151 1930 non
1182 1889 1389 1930 adimitur
1412 1889 1479 1929 his
1502 1890 1564 1930 ci-

107 1947 234 1997 vitas,
258 1946 331 1987 sed
354 1947 409 1987 ab
432 1946 497 1987 his
520 1946 777 2002 relinquitur
798 1957 928 2002 atque
950 1947 1198 2010 deponitur.
1230 1947 1361 1997 Nam,
1384 1961 1484 1987 cum
1506 1960 1564 1988 ex

105 2004 373 2059 nostrojure
396 2005 577 2045 duarum
601 2005 829 2046 civitatum
863 2019 989 2046 nemo
1012 2018 1105 2046 6556
1131 2005 1287 2070 possit,
1311 2014 1404 2044 tum
1435 2004 1563 2045 amit-

105 2061 212 2102 titul
234 2061 330 2103 haec
351 2062 506 2103 civitas
528 2062 727 2117 denique,
744 2078 843 2104 cum
866 2063 917 2113 is,
939 2063 1013 2118 qui
1036 2062 1250 2119 profugit,
1274 2070 1473 2118 receptus
1496 2072 1562 2102 est

106 2119 150 2160 in
173 2119 391 2170 exsilium,
415 2119 498 2160 hoc
518 2130 598 2169 est,
620 2135 664 2160 ln
687 2120 812 2161 aliam
836 2120 1074 2161 civitatem.
1136 2120 1239 2161 Βοιι
1262 2134 1330 2160 me
1352 2119 1561 2175 praeterit,
1573 2112 1645 2161 35

107 2187 445 2233 recuperatmes,
469 2177 639 2218 tametsi
671 2178 724 2218 de
755 2178 839 2219 hoc
863 2178 963 2233 jule
998 2178 1136 2218 multa
1166 2188 1393 2233 piUaeteieQ
1417 2187 1560 2218 tamen
1575 2185 1646 2219 101

107 2249 177 2283 me
199 2235 373 2290 longius
393 2235 641 2291 puolapsum
665 2249 771 2287 esse,
793 2250 863 2290 qu
854 2250 923 2276 am
945 2236 1055 2277 ratio
1076 2236 1208 2276 vestli
1230 2235 1389 2291 judieii
1413 2244 1563 2291 postu-

108 2292 222 2334 larit.
284 2292 444 2333 Verum
469 2293 511 2333 id
534 2292 634 2344 feci,
656 2308 743 2333 non
765 2293 883 2348 quod
905 2308 982 2334 ios
1015 2293 1059 2334 in
1089 2293 1172 2334 hac
1194 2307 1324 2334 causa
1344 2292 1458 2333 hanc
1489 2292 1563 2334 de-

107 2349 350 2391 sensionem
372 2350 612 2391 desiderare
635 2351 879 2402 arbitrarer,
903 2351 976 2392 sed
998 2360 1047 2391 ut
1074 2365 1223 2392 omnes
1254 2349 1562 2406 intelligerent,

105 2422 186 2452 nec
229 2408 447 2449 ademtam
484 2408 689 2463 cuiquam
729 2408 953 2450 civitatem
993 2423 1099 2460 esse,
1132 2423 1212 2449 nec
1250 2407 1382 2448 adimi
1419 2422 1561 2464 posse.

108 2465 211 2507 Hoc
233 2480 333 2506 cum
355 2479 429 2506 eos
452 2467 560 2506 scire
583 2466 714 2518 volui,
736 2466 893 2521 quibus
917 2466 1035 2507 Sulla
1056 2465 1195 2507 voluit
1216 2465 1420 2521 injuriam
1445 2464 1564 2507 facc-

105 2537 166 2572 re,
189 2531 280 2564 tum
305 2537 454 2564 omnes
476 2532 642 2564 ceteros
673 2537 809 2564 novos
842 2531 1093 2579 veteresque
1114 2524 1246 2564 cives.
1277 2537 1417 2578 neque
1443 2523 1562 2565 enim

106 2580 218 2622 ratio
240 2579 382 2621 afferri
404 2589 564 2637 potest,
586 2596 677 2634 cur,
701 2582 734 2622 si
757 2580 957 2636 cuiquam
990 2595 1106 2623 novo
1129 2581 1214 2622 civi
1247 2581 1440 2637 potuerit
1468 2581 1561 2622 adi-

147 2714 167 2743 3
191 2713 282 2742 miles
283 2710 405 2752 faetus
416 2721 481 2743 non
494 2712 594 2752 est]i.
605 2712 676 2743 fieri
686 2712 808 2749 noluit
895 2715 918 2744 4
933 2723 1030 2743 censu
1057 2711 1226 2751 lzberetur]
1254 2711 1276 2742 i.
1291 2721 1320 2742 6.
1341 2712 1562 2743 manumitta-

108 2754 237 2794 fugiens
250 2754 434 2785 deleetum:
458 2755 551 2794 cujus
566 2755 612 2785 rei
627 2765 724 2796 poena
737 2760 810 2786 erat
854 2757 924 2792 tur,
939 2755 1022 2786 liber
1038 2755 1098 2785 fiat
1117 2760 1216 2793 atque
1237 2755 1287 2784 civ
1289 2754 1329 2790 is,
1344 2764 1434 2791 cum,
1450 2754 1489 2785 de
1504 2764 1560 2783 vo-

105 2808 158 2834 ea,
174 2807 247 2836 quae
263 2795 317 2826 hic
331 2801 624 2834 commemoratur,
639 2803 678 2828 ut
691 2803 811 2828 notum
853 2797 985 2828 luntate
1010 2797 1161 2833 Domini,
1179 2803 1346 2833 censetur,
1370 2796 1438 2827 sive
1463 2807 1560 2837 pecu-

105 2844 166 2870 est.
213 2839 264 2869 De
288 2839 396 2869 forma
420 2838 548 2871 dicendi
575 2840 673 2872 modo
699 2840 813 2873 admo-
855 2840 937 2870 lium
946 2842 1049 2870 -suum
1064 2840 1100 2870 in
1117 2846 1253 2869 censure
1276 2838 1409 2869 detulit.
1453 2839 1562 2869 Miror

108 2892 185 2914 nere
196 2881 337 2913 lectores
352 2891 370 2912 v
373 2880 453 2912 olui.
855 2882 910 2914 hic
921 2882 1052 2914 haesisse
1063 2881 1234 2925 quosdam,
1245 2881 1348 2913 etiam
1361 2881 1564 2917 Ferratium„
