1907 3231
327 122 403 157 232
856 120 925 158 lN
950 119 1225 158 VERREM

329 235 568 272 manorum,
599 222 687 264 sive
711 223 979 265 Siculorum?
1009 233 1057 265 ut
1085 224 1251 265 etiamsi
1273 237 1459 274 causam,
1491 237 1567 264 cur
1587 230 1630 264 te
1651 222 1752 264 ode-

333 279 431 329 rint,
451 293 536 320 non
556 280 715 335 possim
734 281 888 331 dicere,
912 291 1052 321 tamen
1072 282 1173 322 illud
1192 281 1419 322 dicendum
1442 289 1587 337 putem
1604 296 1613 321 :
1637 294 1752 336 quem

334 349 463 376 omnes
489 335 674 377 mortales
696 336 867 387 oderint,
899 352 987 378 eum
1019 352 1171 393 quoque
1202 338 1313 379 vohis
1335 337 1425 378 odio
1457 351 1532 378 esse
1557 343 1751 391 oportere.

251 390 323 432 167
335 391 403 432 An
428 392 508 433 hoc
529 393 668 434 dicere
690 394 890 443 audebi53
922 397 960 424 83
971 403 1112 434 utrum
1140 394 1193 434 de
1216 404 1257 435 te
1285 403 1485 444 aratores,
1516 402 1659 434 utrum
1680 393 1753 434 de·

333 449 462 504 nique
483 450 613 490 Siculi
633 450 818 490 universi
838 451 943 489 bene
965 450 1225 501 existiment,
1254 461 1328 491 aut
1348 465 1433 505 quo
1454 451 1582 491 modo
1604 448 1753 491 existi‘-

333 515 465 556 ment,
497 507 547 547 ad
572 521 659 547 rem
682 506 724 547 id
746 521 830 546 non
854 507 1090 561 pertinere?
1121 507 1272 561 Neque
1294 516 1339 548 tu
1359 508 1442 548 hoc
1462 508 1602 548 dicere
1623 506 1753 547 aude-

334 562 422 603 bis:
456 577 606 618 neque,
637 563 669 603 si
697 564 860 618 cupiaS,
892 562 1053 603 licebit.
1116 562 1315 618 Eripiunt
1336 564 1450 604 enim
1472 564 1551 605 tibi
1574 564 1752 604 8⁴istam

333 620 570 660 orationem
591 618 1000 660 contemnendorum
1024 619 1264 661 :Siculorum
1286 630 1412 674 atque
1432 629 1645 661 aratorum
1668 629 1752 661 sta-

203 672 418 716 r-14s³·tuae
450 675 531 717 illae
565 686 795 730 equestres,
825 691 929 730 quas
962 686 1007 716 tu
1042 675 1182 732 paullo
1215 684 1328 727 ante,
1358 691 1485 731 quam
1517 677 1568 718 ad
1602 677 1751 718 urbem

289 726 318 746 α’
334 732 512 783 venires,
543 733 645 788 poni
668 733 927 787 inscribique
942 733 1124 788 jussisti,
1156 740 1203 774 ut
1220 733 1411 774 omnium
1433 733 1753 775 8⁵inimicorum

249 800 320 833 168
333 789 512 839 animos,
543 799 924 844 accusatorumque
957 790 1156 830 tardares.
1218 790 1326 836 Quis
1364 789 1477 830 enim
1512 790 1590 832 tibi
1619 790 1752 831 mole-

332 855 420 886 stus
437 855 560 897 esset,
583 857 656 887 aut
673 847 767 901 quis
786 847 997 902 appellare
1015 847 1202 898 auderet,
1223 861 1321 888 cum
1340 846 1502 887 videret
1520 855 1679 888 statuas
1697 847 1752 887 ab

330 904 686 958 negotiatoribus,
718 904 771 944 ab
794 904 1048 954 aratoribus,
1070 919 1095 944 a
1115 903 1332 944 communi
1358 903 1541 946 Siciliae?
1572 903 1752 950 86Quod

330 970 394 1000 est
416 959 529 1000 aliud
553 960 596 1000 in
619 960 689 1000 illa
710 960 931 1015 provincia
953 975 1086 1016 genus
1109 960 1369 1003 humanum?
1399 960 1576 1001 nullum.
1637 959 1754 1016 Ergo

330 1018 383 1057 ab
404 1017 600 1057 universa
617 1017 852 1072 provincia,
875 1017 1195 1072 generatimque
1213 1032 1238 1057 a
1257 1016 1434 1073 singulis
1451 1017 1544 1073 ejus
1559 1017 1752 1073 partibus

328 1087 414 1114 non
438 1073 572 1114 solum
595 1073 801 1128 diligitur,
834 1073 906 1113 sed
931 1074 1059 1114 etiam
1089 1083 1277 1115 ornatur.
1341 1074 1450 1120 Quis
1479 1074 1594 1116 hunc
1623 1073 1753 1115 attin-

329 1144 428 1185 gere
450 1131 630 1172 audeat?
666 1130 793 1171 Potes
816 1130 949 1185 igitur
970 1130 1124 1182 dicere,
1153 1130 1262 1171 nihil
1284 1130 1364 1171 tibi
1386 1131 1535 1171 obesse
1555 1139 1754 1186 oportere

328 1196 558 1238 aratorum,
590 1189 923 1242 negotiatorum,
963 1188 1288 1242 Siculorumque
1323 1187 1515 1228 omnium
1557 1187 1753 1228 testimo-

328 1244 414 1293 nia,
445 1258 542 1284 cuin
565 1258 712 1284 eorum
735 1244 980 1285 nominibus
1004 1245 1046 1285 in
1072 1254 1306 1285 statuarum
1339 1243 1616 1299 inscriptione
1638 1245 1753 1300 posi-

330 1300 382 1340 tis
404 1315 575 1341 omnem
599 1311 640 1342 te
661 1301 839 1357 speraris
863 1302 1067 1342 invidiam
1091 1312 1218 1356 atque
1240 1299 1461 1342 infamiam
1491 1310 1604 1342 tuam
1629 1314 1754 1356 posse

328 1358 627 1413 exstinguere?
657 1362 691 1392 87
705 1373 773 1408 an,
804 1373 985 1412 quorum
1014 1359 1269 1399 auctoritate
1300 1367 1345 1397 tu
1379 1367 1538 1398 statuas
1567 1357 1754 1402 cohone-

330 1424 440 1454 stare
473 1426 565 1456 tuas
596 1426 774 1456 conatus
810 1429 870 1466 es,
900 1429 1047 1456 eorum
1077 1429 1157 1471 ego
1193 1414 1404 1470 dignitate
1437 1415 1753 1456 accusationem

331 1484 471 1511 meam
491 1473 772 1526 comprobare
794 1486 878 1512 non
900 1476 1076 1528 potero?

389 1532 428 1559 83
442 1528 535 1568 Nisi
560 1528 684 1579 forte,
706 1528 819 1583 quod
843 1529 954 1584 apud
978 1529 1227 1585 publicanos
1251 1528 1462 1583 gratiosus
1484 1527 1618 1578 fuisti,
1640 1528 1684 1569 in
1705 1541 1756 1569 ea

331 1598 376 1624 re
395 1599 489 1640 spes
512 1594 553 1625 te
574 1585 715 1641 aliqua
735 1587 992 1627 consolatur.
1054 1586 1164 1632 Quae
1188 1585 1326 1641 gratia
1353 1599 1406 1625 ne
1428 1585 1529 1641 quid
1555 1585 1631 1625 tibi
1654 1599 1753 1641 pro-

331 1641 451 1681 desse
473 1652 630 1697 posset,
660 1656 742 1697 ego
775 1656 871 1682 mea
901 1642 1125 1698 diligentia
1156 1641 1338 1698 perfeci:
1373 1652 1420 1682 ut
1452 1642 1580 1682 etiam
1603 1642 1754 1682 obesse

332 1698 519 1748 deberet,
551 1709 595 1738 tu
619 1709 692 1739 tua
716 1699 924 1754 sapientia
947 1699 1117 1740 curasti.
1180 1698 1351 1739 Etenim
1384 1713 1472 1739 rem
1505 1707 1656 1748 totam,
1679 1698 1754 1753 ju-

250 1757 321 1811 70
332 1755 461 1806 dices,
492 1756 677 1796 breviter
698 1756 963 1811 cognoscite,
1023 1756 1074 1796 In
1097 1756 1306 1812 scriptura
1329 1755 1487 1796 Siciliae
1517 1770 1594 1811 pro
1615 1755 1753 1811 magi-

331 1824 419 1852 stro
439 1821 503 1852 est
523 1812 697 1867 quidam
722 1813 770 1853 L.
792 1812 1079 1869 Carpinatius,
1098 1814 1170 1868 qui
1193 1823 1236 1853 et
1258 1812 1321 1853 sui
1341 1822 1528 1866 quaestus
1547 1826 1688 1861 causa,
1709 1820 1754 1852 et

330 1868 509 1909 fortasse
531 1871 644 1924 quod
666 1870 879 1910 sociorum
900 1870 1102 1910 interesse
1124 1870 1426 1921 arbitrabatur,
1450 1870 1558 1910 bene
1579 1869 1751 1925 penitus

329 1926 373 1966 in
395 1926 517 1966 istius
540 1926 872 1967 familiaritatem
896 1941 985 1967 sese
1012 1927 1144 1968 dedit.
1206 1926 1248 1968 Is
1277 1940 1376 1969 cum
1409 1935 1638 1982 praetorem
1670 1926 1752 1966 cir—

326 1997 426 2023 cum
448 1984 593 2024 omnia
614 1983 706 2024 fora
729 1993 974 2034 sectaretur,
1006 1998 1143 2038 neque
1172 1985 1226 2025 ab
1258 1998 1309 2024 eo
1338 1997 1542 2038 umquam
1562 1981 1756 2024 diseede-

326 2048 415 2092 ret3
446 2040 488 2080 in
519 2055 613 2081 eam
634 2040 727 2095 jam
754 2050 928 2082 venerat
949 2040 1284 2082 familiaritatem
1314 2039 1754 2094 consuetudinemque

252 1533 320 1574 169'

1102 2183 1141 2211 85
1157 2181 1366 2211 inimicorum
1379 2178 1517 2218 animos]
1534 2179 1753 2212 Restituimus

366 2180 404 2210 83
420 2180 653 2219 utrum-auc]
673 2179 906 2211 Hotomannus
921 2185 1017 2221 putat

1060 2224 1228 2261 antiquam
1244 2229 1277 2253 et
1292 2233 1401 2253 veram
1415 2221 1608 2252 lectionem:
1632 2225 1756 2254 amicos

325 2231 368 2250 tm
383 2221 501 2258 deesse,
518 2222 727 2261 corrigitque,
741 2232 786 2252 an
801 2224 887 2253 male
909 2224 1018 2253 emisti—

324 2268 423 2293 ment.
457 2263 608 2294 Frustra:
625 2274 670 2294 cm
685 2265 771 2294 male
785 2266 875 2295 eoeist.
888 2265 971 2295 latet
983 2266 1017 2295 in

324 2309 384 2335 aut
397 2306 548 2345 quomodo
562 2307 754 2337 existiment.

366 2350 406 2378 84
419 2349 516 2378 istam
524 2358 570 2377 or.
582 2348 884 2378 contemnendorum
898 2349 1016 2389 Sicut]

323 2388 425 2421 Aldus
438 2390 521 2428 Nep.
533 2389 634 2420 edidit
647 2400 706 2430 pro
721 2394 803 2420 cont.
819 2390 884 2420 Sic.
897 2393 1019 2430 negoti-

325 2435 456 2461 atorum
482 2431 547 2461 Sic.
563 2432 648 2471 quod
664 2433 696 2462 in
720 2432 785 2462 Ms,
809 2442 841 2462 se
864 2434 1018 2473 reperisse

323 2471 406 2503 dixit
429 2473 584 2503 Ursinus:
609 2484 668 2504 nec
691 2484 729 2503 ea
751 2474 848 2504 lectio
871 2471 1020 2515 displicet

322 2515 476 2545 Grutero.
520 2516 679 2546 Gruterus
698 2526 773 2546 vero
792 2516 892 2546 etiam
912 2519 1015 2557 suspi-

323 2562 428 2593 catur,
452 2563 562 2587 totuni
586 2557 647 2587 hoc
669 2563 751 2588 cont.
770 2558 805 2588 S.
827 2569 857 2588 α,
880 2569 931 2589 ar.
947 2569 1015 2590 esse

323 2597 508 2629 insititium.
554 2599 660 2629 Immo
687 2609 791 2638 genus
817 2602 1013 2639 exquisitum

321 2638 488 2678 loquendi,
517 2642 619 2671 oratio
647 2643 949 2673 contemnendorum
975 2643 1012 2674 S.

321 2688 389 2711 non
400 2682 480 2712 sinit
493 2682 553 2713 hoc
567 2693 624 2722 pro
633 2683 738 2722 glossa
751 2688 785 2714 et
797 2693 907 2723 panno·
919 2685 1013 2716 adsu-

320 2727 357 2752 to
373 2733 391 2753 a
405 2723 536 2754 librario
551 2725 686 2755 habere:
710 2731 743 2755 et
759 2733 848 2762 ante,
864 2727 918 2756 ubi
936 2737 1011 2758 con-

319 2762 451 2795 {emtim
467 2765 506 2795 de
521 2766 707 2797 adversariis
720 2767 768 2797 his
785 2767 941 2806 loquitur,
958 2779 1012 2799 eo-

319 2805 393 2878 dein
419 2808 515 2839 modo
528 2808 718 2848 junguntur
740 2814 884 2842 aratores
906 2817 941 2843 et
962 2812 1012 2843 Si-

319 2856 361 2879 cu
375 2858 397 2879 h

1060 2265 1094 2295 in
1109 2265 1157 2296 ed.
1173 2265 1266 2295 Grut.
1282 2270 1390 2295 errore
1409 2272 1583 2304 operarum
1599 2263 1750 2305 irrepsit:

1061 2316 1120 2337 nec
1141 2310 1198 2337 aut
1217 2317 1235 2337 a
1248 2307 1318 2337 Jac.
1343 2307 1444 2336 Gron.
1459 2310 1517 2336 aut
1534 2306 1661 2336 Graevio
1681 2306 1752 2337 ani-

1060 2348 1266 2379 madversum
1280 2349 1397 2378 vitium
1413 2353 1482 2378 est:
1498 2357 1573 2377 cum
1588 2347 1669 2379 illud
1682 2359 1752 2380 ver-

1060 2390 1138 2421 bum
1151 2391 1194 2421 sit
1206 2390 1302 2430 plane
1314 2401 1333 2421 a
1344 2399 1439 2420 sensu
1451 2389 1514 2419 loci
1526 2389 1681 2420 alienum.

1103 2433 1143 2463 86
1165 2432 1262 2474 ‚Quod
1272 2436 1318 2462 est
1326 2433 1642 2462 aliud—humanum
1650 2434 1666 2462 ?
1678 2434 1752 2463 nul-

1062 2474 1159 2513 lum]
1203 2474 1326 2504 Durior
1339 2481 1390 2505 est
1403 2474 1474 2504 haec
1494 2473 1610 2504 forma.
1655 2473 1752 2505 Exci-

1057 2515 1148 2546 ditne
1163 2517 1261 2553 enim,
1277 2521 1335 2546 aut
1350 2526 1394 2546 an
1405 2517 1422 2546 ‚7

1100 2561 1138 2592 87
1162 2568 1219 2595 an,
1244 2568 1381 2598 quorum
1401 2556 1750 2588 auctoritate—eorum

1056 2600 1230 2639 dignitate]
1256 2599 1362 2630 Verba
1381 2599 1578 2630 auctoritate
1594 2603 1629 2630 et
1642 2600 1751 2638 digni-

1056 2646 1124 2672 tate
1138 2646 1324 2682 permutata
1344 2641 1508 2672 videntur.
1526 2650 1602 2671 nam
1618 2640 1665 2671 ini
1679 2651 1752 2672 ma«

1055 2685 1103 2723 gis
1132 2684 1285 2714 convenit
1312 2685 1528 2722 comprobare,
1556 2682 1632 2713 huic
1658 2684 1750 2713 coho-

1054 2730 1192 2756 nestare.
1235 2726 1316 2757 Edd.
1345 2736 1394 2766 pr.
1419 2726 1542 2756 habent
1559 2725 1658 2755 etiam
1669 2734 1749 2765 pro-

1055 2768 1141 2797 hare.

1096 2813 1135 2840 88
1159 2810 1237 2840 Nisi
1248 2809 1346 2846 sorte,
1373 2809 1533 2849 quod—in
1550 2817 1590 2838 ea
1606 2807 1658 2847 re]
1679 2807 1749 2838 Cur

1052 2851 1088 2882 in
1104 2861 1143 2883 ea
1157 2862 1193 2883 re
1202 2853 1218 2883 ?
1240 2853 1342 2884 immo
1356 2861 1395 2882 ea
1407 2862 1455 2889 re,
1469 2855 1653 2893 propterea.
