1907 3231
278 111 324 156 vi
796 110 1205 162 PRAEFATIO·>

280 219 617 277 comprehensae,
648 221 720 264 sed
749 222 901 265 eodem
930 237 1043 264 mino
1075 235 1290 279 expressae
1323 226 1436 272 sunt,
1459 218 1719 277 propriaque

280 303 378 329 cum
416 290 684 346 praefatione,
718 305 803 332 non
833 290 1019 348 Angelii,
1052 301 1100 332 nt
1132 291 1173 331 in
1209 289 1296 341 illo,
1329 289 1401 331 sed
1433 289 1568 344 ipsius
1602 284 1716 328 Phil.

279 354 443 398 Juntae.
505 358 634 404 Quod
668 368 810 399 autem
843 359 895 400 ad
921 368 1088 400 textum
1118 358 1362 399 orationum
1384 357 1554 407 attinet,
1577 353 1718 410 Ange-

280 422 359 465 lius
379 424 499 475 dicit,
523 440 566 466 se
588 426 921 483 castigatissimo
945 425 1001 467 A.
1024 424 1178 467 Colotii
1202 425 1364 467 Codice
1393 439 1517 465 usum
1539 437 1645 473 esse,
1673 428 1718 463 et

280 491 373 532 aliis
407 494 705 534 vetustissimis
732 494 1075 550 exemplaribus:
1107 508 1204 549 quae
1238 493 1328 534 sine
1357 492 1490 534 dubio
1513 500 1719 547 typogra-

282 558 410 614 phica
442 561 665 617 intelligit,
697 575 774 602 nec
807 561 890 602 alia
921 561 1215 617 intelligimus,
1245 575 1342 616 quae
1371 560 1508 602 Junta
1530 569 1721 600 comme-

280 638 435 676 morat,
473 629 527 669 ab
571 628 748 685 Angelio
784 629 826 669 in
863 628 1053 669 Verrinis
1089 628 1350 685 castigandis
1390 634 1607 683 usurpata,
1646 637 1723 680 per

279 707 393 748 qnae,
424 703 472 734 ut
505 695 546 735 in
576 696 880 751 superioribus,
904 696 1127 736 innumera
1149 696 1255 736 vitia
1276 694 1444 737 sublata
1474 693 1587 735 sint:
1619 706 1717 748 quae

278 771 344 802 est
378 762 534 803 usitata
563 763 622 804 illi
656 764 775 804 aetati
809 763 1074 819 praedicatio,
1110 778 1194 804 non
1228 763 1300 804 illa
1328 762 1457 804 nimis
1488 759 1721 805 liberaliter

280 828 573 885 intelligenda.
636 830 837 872 Ceterum
863 830 1060 882 fatemur,
1084 846 1160 872 nos
1192 831 1234 872 in
1266 830 1335 872 illa
1367 829 1557 873 editione
1589 827 1722 870 orati·-

278 910 409 937 onum
435 898 589 938 multas
617 913 748 940 novas
770 909 812 940 et
836 900 970 940 bonas
991 899 1197 941 lectiones
1220 898 1439 955 reperisse,
1462 911 1568 953 quas
1589 896 1722 938 etiam

279 964 464 1005 vidimus
488 980 602 1022 saepe
633 966 873 1008 Victorium
909 967 1038 1008 tacite
1071 976 1265 1008 secutum
1299 980 1404 1017 esse,
1426 965 1500 1022 qui
1524 963 1721 1021 profecto

277 1045 369 1072 eam
393 1033 627 1074 editionem
651 1049 737 1075 non
761 1034 904 1090 potuit
926 1034 1138 1090 ignorare.
1192 1033 1344 1089 Itaque
1368 1033 1569 1076 Graevius
1590 1032 1634 1073 in
1656 1040 1722 1074 ta-

276 1097 388 1140 libus
411 1099 669 1141 lectionibus
692 1101 904 1142 interdum
930 1101 1051 1151 dicit,
1074 1101 1261 1157 primum
1282 1101 1524 1143 Victorium
1548 1099 1609 1142 sic
1631 1098 1722 1140 edi-

278 1167 404 1218 disse,
437 1177 485 1208 ut
508 1183 548 1208 V.
568 1183 606 1208 c.
639 1168 743 1210 Sull.
772 1174 834 1216 19.
858 1169 902 1210 in
937 1169 1067 1210 verbo
1098 1168 1341 1225 regionibus,
1369 1183 1467 1209 cum
1492 1168 1721 1211 Juntinam

279 1234 347 1276 ille
370 1236 600 1292 ignoraret,
635 1246 682 1277 ut
711 1236 895 1278 editores
929 1236 1028 1277 inde
1061 1251 1085 1276 a
1107 1236 1302 1277 Victor-io
1336 1250 1506 1278 omnes:
1538 1250 1722 1291 quorum

279 1317 406 1344 nemo
430 1303 538 1344 hanc
560 1303 788 1345 Juntinam
821 1304 1054 1345 editionem
1079 1313 1391 1345 commemorat
1424 1312 1581 1359 praeter
1606 1301 1725 1345 Gru·

279 1377 435 1422 terum,
466 1371 521 1412 ad
559 1371 680 1412 Verr.
714 1371 767 1423 V,
801 1385 840 1412 c.
872 1373 942 1414 62.
968 1373 1039 1413 sed
1073 1371 1409 1427 reprehendendi
1444 1385 1588 1422 causa,
1624 1384 1726 1412 cum

279 1437 426 1478 multis
449 1438 553 1479 locis
573 1453 671 1478 cum
695 1438 819 1480 laude
840 1454 1176 1480 commemorare
1200 1439 1426 1495 potuisset,
1447 1439 1480 1480 si
1503 1453 1555 1480 eo
1576 1452 1725 1480 exem-

281 1505 352 1561 plo
376 1506 476 1546 satis
499 1506 727 1561 diligenter
760 1521 859 1547 usus
889 1517 1014 1558 esset,
1042 1516 1116 1548 aut
1138 1507 1317 1547 alterum
1352 1506 1552 1548 volumen
1585 1505 1726 1546 habu-

281 1573 395 1613 isset.
458 1573 659 1614 Ceterum
687 1574 1080 1625 animadvertimus,
1114 1575 1157 1615 in
1191 1574 1406 1615 nonnullis
1438 1573 1723 1625 orationibus,

280 1651 327 1681 ut
352 1641 390 1681 in
420 1640 636 1692 Pisonem,
660 1641 765 1682 nihil
796 1643 1017 1698 proprium
1039 1642 1220 1684 habere:
1254 1642 1367 1682 unde
1392 1641 1573 1698 intelligi
1596 1656 1724 1698 posse

274 1702 552 1760 'arbitramun
575 1723 668 1750 eam
692 1710 931 1750 orationem
955 1710 998 1750 in
1023 1709 1186 1752 Codice
1209 1709 1441 1751 Colotiano
1465 1724 1551 1751 non
1573 1709 1721 1751 fuisse.

278 1776 553 1817 Verrinarum
577 1777 824 1833 exemplum
847 1793 984 1833 nuper
1012 1778 1184 1818 demum
1207 1777 1453 1833 accepimus
1475 1777 1518 1818 in
1542 1777 1721 1820 Batavis

276 1854 464 1886 emtum:
499 1859 576 1885 nec
604 1859 654 1886 ea
678 1845 799 1886 licuit
821 1846 945 1887 nobis
978 1846 1226 1887 recensione
1247 1846 1310 1886 uti
1345 1845 1389 1886 in
1423 1854 1546 1886 textu
1569 1854 1720 1888 nostro

274 1913 589 1954 concinnando.
652 1913 912 1968 Philippicas
944 1928 997 1954 ex
1031 1914 1181 1955 cadem·
1206 1913 1382 1955 officina
1412 1913 1602 1970 proditas
1631 1928 1721 1956 non

275 1981 432 2037 reperi:
469 1981 579 2022 unde
602 1981 707 2022 mihi
732 1981 878 2022 videor
902 1981 1104 2038 colligere
1123 1996 1262 2037 posse,
1284 1980 1484 2037 exempla
1505 1980 1720 2034 Romana,

278 2048 483 2089 Brixiana
511 2058 555 2088 et
587 2048 932 2090 Mediolanensia
960 2064 1047 2091 non
1074 2049 1274 2091 habuisse
1298 2047 1544 2105 Angelium3
1574 2048 1722 2091 Verri-

273 2131 421 2156 naruni
459 2116 659 2172 exemplo
693 2131 817 2158 usum
851 2131 956 2168 esse,
989 2117 1100 2158 sicut
1133 2117 1378 2158 orationum
1410 2117 1743 2170 universarum,

275 2182 441 2224 Veneto
476 2183 671 2235 Porlesii,
702 2194 776 2225 aut
805 2185 904 2226 inde
937 2185 1084 2237 ducto,
1116 2185 1233 2241 quod
1267 2184 1376 2226 solas
1410 2183 1612 2227 verrinas
1643 2185 1720 2227 ad-

266 2252 443 2306 junctas
468 2251 657 2292 liaberet.

334 2318 388 2360 Et
411 2319 504 2360 haec
530 2319 703 2373 quidem
727 2320 878 2376 primae
901 2320 1022 2375 quasi
1045 2321 1185 2361 aetatis
1208 2320 1335 2362 series
1365 2328 1444 2362 est.
1506 2320 1635 2363 Nova
1652 2335 1719 2364 se-

272 2386 353 2427 ries
388 2386 576 2426 nascitur
609 2388 663 2427 ab
696 2386 857 2428 Aldina
888 2388 1077 2430 editione
1111 2404 1290 2445 operum
1325 2388 1548 2430 Ciceronis
1580 2390 1719 2445 prima

278 2460 382 2500 1519
416 2469 507 2508 sqq.
530 2468 583 2494 ex
609 2453 744 2494 Andr.
771 2454 976 2511 Naugerii
1008 2457 1269 2508 recensione,
1293 2457 1346 2498 de
1381 2472 1466 2512 qua
1497 2457 1541 2498 in
1571 2471 1724 2499 recen·

272 2522 390 2561 sione
413 2535 587 2576 operum
615 2522 909 2563 universorum
932 2523 1096 2565 dictum
1116 2535 1195 2565 est.
1255 2524 1307 2566 In
1330 2524 1599 2565 orationibus
1621 2526 1718 2580 qui-

269 2589 368 2629 dem
391 2589 576 2644 primum
609 2603 746 2630 novus
779 2590 884 2631 ordo
921 2591 1121 2632 inductus
1155 2600 1220 2632 est
1239 2592 1292 2634 ad
1316 2592 1523 2634 rationem
1548 2600 1718 2648 tempo-

274 2671 382 2707 rum,
405 2656 477 2710 qui
502 2655 599 2696 inde
622 2656 663 2696 in
688 2671 849 2708 omnes,
884 2673 980 2713 quae
1005 2669 1104 2715 post
1125 2659 1252 2701 factae
1275 2669 1389 2712 sunt,
1411 2660 1620 2701 editiones
1643 2675 1716 2702 ve-

271 2724 349 2764 nit.
413 2723 463 2763 In
496 2733 619 2763 textu
661 2734 819 2775 autem,
852 2726 954 2778 vidi,
986 2726 1122 2767 multa
1165 2726 1422 2784 Naugerium
1462 2728 1714 2780 correxisse,

271 2805 386 2848 saepe
419 2805 441 2832 e
473 2790 497 2833 J
506 2791 669 2842 untina,
702 2791 916 2835 interdum
947 2808 970 2835 e
1003 2794 1365 2848 WValdarferiana‚
1395 2796 1485 2838 sive
1514 2795 1607 2852 ejus
1637 2795 1716 2843 ali-⁴
