1907 3231
285 111 363 145 450
858 104 1145 144 ‘ORATIO

287 211 380 252 εἰοι-
413 207 624 249 Marcello
657 207 851 259 Crassus,
885 218 959 249 aut
989 206 1194 249 Fimbriae
1227 205 1412 248 Scaurus
1441 220 1497 247 ex
1529 204 1733 249 civilibus

290 266 458 316 studiis,
495 274 625 321 atque
653 265 970 307 obtrectatione
1003 262 1265 315 domestica3
1296 278 1426 318 quam
1455 263 1557 305 huic
1588 264 1734 306 Galli?

291 334 492 380 quorum,
515 323 588 378 qui
611 323 777 379 optima
800 323 842 362 in
864 336 992 361 causa
1019 329 1133 370 sunt,
1154 320 1335 374 equites,
1358 320 1637 372 frumentum,
1659 335 1735 377 pe·

294 381 469 422 cuniam
490 379 621 421 semel
640 390 768 433 atque
790 379 960 427 iterum,
983 392 1032 418 ac
1066 377 1222 432 saepius
1256 378 1518 428 invitissimi,
1539 378 1640 419 dare
1661 392 1736 420 co-

295 439 380 481 acti
415 446 538 479 sunt:
571 437 717 486 ceteri,
747 433 904 491 partim
933 448 988 474 ex
1012 433 1228 474 veteribus
1262 434 1382 475 bellis
1412 450 1516 492 agro
1550 434 1739 485 multati,

227 495 454 554 ,Πρω-εἰῶ
477 495 530 535 ab
553 494 636 534 hoc
660 493 752 547 ipso
784 489 894 531 bello
927 490 1115 547 superati
1144 499 1187 530 et
1218 491 1426 546 oppressi.
1487 492 1548 544 Si,
1577 492 1651 547 qui
1679 492 1737 533 ob

294 552 468 609 aliquod
490 550 829 591 emolumentum
852 562 975 591 suum
1005 547 1203 603 cupidius
1234 548 1395 603 aliquid
1427 549 1568 591 dicere
1589 549 1739 591 viden-

293 620 378 661 tur,
402 609 452 650 iis
475 607 589 649 credi
609 621 694 646 non
717 605 940 646 convenit:
973 604 1102 646 credo
1125 604 1264 659 majus
1286 605 1624 648 emolumentum
1641 605 1741 648 Cae-

294 667 498 726 pionibus
520 673 564 704 et
587 662 776 703 Metellis
802 662 1071 718 propositum
1092 661 1223 702 fuisse
1242 676 1296 702 ex
1321 662 1378 708 Q.
1399 662 1596 719 Pompeii
1619 664 1742 705 dam-

284 724 485 771 natione,
516 735 614 761 cum
638 719 877 761 studiorum
901 734 1074 760 suorum
1097 719 1434 761 obtrectatorem
1457 721 1741 771 sustulissent,

295 794 425 838 quam
447 787 616 819 cunctae
641 776 796 818 Galliae
820 791 874 817 ex
907 775 975 817 M.
1000 776 1172 817 Fonteii
1193 775 1464 819 calamitate:
1496 778 1540 818 in
1561 793 1647 833 qua
1669 777 1745 819 illa

294 835 521 895 provincia
553 848 687 892 prope
720 849 841 875 suam
870 834 1189 875 immunitatem
1219 848 1269 874 ac
1291 833 1534 875 libertatem
1556 835 1743 891 positam

295 909 388 936 esse
410 893 656 934 arbitratur.

307 956 310 959 ’
357 951 442 1001 An,
466 949 498 990 si
533 949 729 990 homines
764 949 878 1004 ipsos
903 957 1095 1004 spectare
1117 948 1324 990 convenit
1345 948 1406 1002 (id
1430 948 1546 1004 quod
1568 948 1612 990 in
1635 957 1745 990 teste

298 1008 498 1066 Profecto
522 1006 660 1047 valere
686 1006 915 1062 plurimum
938 1006 1084 1056 debet)
1107 1021 1193 1046 non
1216 1006 1345 1047 modo
1368 1021 1467 1047 cum
1489 1006 1666 1047 summis
1685 1005 1748 1047 ci-

300 1065 447 1107 vitatis
470 1074 628 1105 nostrae.
654 1063 768 1113 viris,
792 1063 863 1103 sed
886 1077 984 1103 cum
1008 1063 1157 1103 infimo
1180 1063 1273 1103 eive
1298 1063 1497 1104 Romano
1520 1063 1751 1119 quisquam-

301 1121 589 1178 amplissimus
613 1119 767 1161 Galliae
802 1120 1115 1175 comparandus
1149 1123 1240 1161 est?
1285 1121 1377 1162 Scit
1412 1120 1749 1171 Indutiomarus,

302 1179 406 1235 quid
442 1179 497 1219 sit
531 1177 825 1219 testimonium
861 1177 1029 1218 dicere?
1061 1188 1259 1218 movetur
1288 1192 1338 1218 eo
1371 1179 1539 1229 timore,
1561 1193 1647 1233 quo
1671 1192 1750 1218 no-

257 1236 441 1296 9strum
466 1236 772 1290 unusquisque,
795 1250 893 1276 cum
927 1235 971 1275 in
997 1249 1094 1275 eum
1117 1234 1260 1275 locum
1285 1236 1519 1291 productus
1541 1238 1632 1277 est?
1664 1234 1752 1275 Re-

245 1312 293 1346 18
307 1293 560 1343 cordamini,
576 1292 763 1348 judiceS,
793 1300 1058 1348 quantopere
1081 1291 1273 1333 laborare
1296 1292 1482 1344 soleatis,
1513 1307 1599 1334 non
1621 1291 1752 1332 modo

306 1351 410 1407 quid
444 1350 597 1391 dicatis
628 1365 706 1406 pro
731 1349 996 1400 testimonio,
1027 1349 1099 1390 sed
1127 1350 1272 1400 etiam,
1296 1351 1452 1405 quibus
1486 1349 1627 1391 verbis
1658 1358 1755 1390 uta-

307 1408 430 1459 mini,
452 1422 506 1448 ne
527 1408 642 1463 quod
663 1407 804 1448 minus
827 1407 1046 1447 moderate
1069 1407 1274 1462 positum,
1305 1422 1358 1448 ne
1381 1407 1498 1463 quod
1527 1408 1582 1448 ab
1612 1406 1756 1462 aliqua

308 1465 548 1522 cupiditate
571 1464 818 1521 prolapsum
836 1465 1012 1505 verbum
1033 1478 1124 1504 esse
1141 1464 1361 1506 videatur:
1395 1465 1532 1515 vultu,
1554 1463 1755 1519 denique,

177 1537 208 1569 P·
225 1519 531 1573 28¹0-laboratis‚
571 1537 624 1562 ne
663 1536 749 1576 qua
790 1521 1023 1577 significari
1071 1521 1206 1576 possit
1248 1520 1437 1577 suspicio
1479 1520 1754 1577 cupiditatis:

266 1580 295 1600 ἃ·
314 1591 360 1622 ut
381 1589 438 1631 et,
461 1594 561 1620 cum
585 1579 780 1635 proditiS,
804 1578 1069 1619 existimatio
1094 1578 1148 1618 sit
1170 1578 1369 1633 quaedam
1403 1578 1536 1620 tacita
1557 1578 1609 1619 de
1633 1577 1756 1619 vobis

312 1637 489 1695 pudoris
512 1651 562 1677 ac
584 1636 818 1692 religionis,
850 1646 907 1685 et,
930 1651 1028 1676 cuin
1059 1635 1294 1686 disceditis,
1325 1651 1376 1677 ea
1403 1636 1632 1691 diligenter
1653 1650 1759 1676 con-

253 1721 300 1755 19
315 1702 482 1736 servata
512 1709 562 1735 ac
593 1702 760 1734 retenta
793 1693 1003 1734 videatur.
1066 1691 1222 1743 Credo,
1253 1693 1346 1734 haec
1380 1693 1529 1734 eadem
1561 1691 1760 1733 Indutio-

313 1764 481 1794 marum
513 1753 555 1792 in
592 1751 839 1792 testimonio
876 1750 1068 1790 timuisse
1097 1760 1171 1790 aut
1193 1749 1431 1806 cogitasse:
1464 1750 1537 1805 qui
1572 1750 1759 1805 primum

315 1810 418 1851 illud
446 1810 626 1849 verbum
655 1808 1096 1849 consideratissimum
1122 1815 1280 1848 nostrae
1311 1807 1651 1859 consuetudinis,
1676 1819 1762 1847 AR-

318 1876 522 1917 BITROR,
553 1880 640 1921 quo
662 1881 740 1906 nos
762 1866 892 1906 etiam
920 1875 1023 1906 tunc
1054 1865 1229 1915 utimur,
1250 1880 1349 1906 cum
1371 1879 1422 1905 ea
1442 1864 1626 1913 dicimus
1641 1864 1764 1919 =jura-

316 1925 367 1975 ti,
391 1939 488 1979 quae
522 1933 746 1979 comperta
776 1923 999 1973 habemus,
1032 1938 1129 1977 quae
1164 1922 1245 1978 ipsi
1270 1922 1471 1973 vidimus,
1501 1936 1556 1962 ex
1583 1931 1677 1962 toto
1700 1931 1763 1962 te-

318 1980 524 2022 stimonio
548 1995 624 2021 suo
648 1980 834 2031 sustulit,
857 1990 985 2035 atque
1008 1980 1153 2021 omnia
1176 1994 1219 2020 se
1249 1979 1356 2021 scire
1387 1979 1515 2023 dixit.
1575 1979 1765 2020 Vereba-

319 2048 388 2079 tur
410 2038 526 2078 enim
548 2037 763 2088 videlicet,
796 2052 847 2078 ne
879 2037 980 2092 quid
1016 2038 1130 2094 apud
1164 2052 1239 2078 vos
1273 2037 1567 2093 populumque
1602 2035 1764 2076 Roma-

317 2111 422 2136 num
445 2096 498 2136 de
520 2095 843 2136 existimatione
875 2109 949 2136 sua
979 2095 1255 2151 deperderet:
1288 2109 1341 2135 ne
1373 2109 1458 2149 qua
1479 2093 1594 2134 fama
1614 2107 1766 2134 couse-

319 2162 522 2209 qucretur
537 2152 764 2207 ejusmodi,
782 2148 1141 2203 Indutiomarum,
1163 2152 1292 2192 talem
1308 2152 1461 2202 virum,
1485 2160 1570 2192 tam
1594 2150 1766 2206 cupide,

323 2222 411 2251 tam
434 2219 592 2251 temere
615 2210 791 2250 dixisse.
823 2225 909 2250 non
941 2208 1225 2266 intelligebat,
1249 2224 1292 2250 se
1322 2209 1365 2249 in
1389 2208 1636 2249 testimonio
1661 2207 1767 2249 nihil

324 2277 479 2323 praeter
502 2282 653 2325 vocem
676 2277 718 2308 et
740 2282 786 2308 os
809 2278 851 2308 et
873 2267 1096 2308 audaciam
1131 2281 1269 2322 neque
1298 2266 1466 2307 civibus
1497 2265 1598 2316 suis,
1629 2279 1772 2320 neque.

262 2325 646 2368 Qoaccusatoribus
676 2325 834 2365 nostris
867 2333 1070 2381 praestare
1103 2325 1272 2365 debere.
1331 2322 1399 2364 An
1425 2337 1540 2373 vero,
1561 2323 1664 2364 istas
1693 2337 1771 2362 na-

327 2383 464 2423 tiones
488 2381 992 2438 religionejurisjurandi
1025 2397 1074 2423 ac
1104 2391 1222 2422 metu
1255 2382 1431 2422 deorum
1460 2379 1772 2421 immortalium

326 2440 371 2480 in
390 2440 647 2480 testimoniis
667 2440 859 2481 dicendis
879 2439 1158 2490 commoveri,
1178 2437 1462 2489 arbitramini,
1485 2452 1580 2492 quae
1601 2445 1770 2477 tantum

327 2511 352 2537 a
373 2506 610 2537 ceterarum
635 2498 828 2552 gentium
860 2510 978 2536 more
1004 2512 1054 2537 ac
1078 2506 1230 2537 natura
1250 2495 1533 2536 dissentiunt?
1564 2494 1678 2549 quod
1702 2508 1774 2534 ce-

328 2562 431 2594 terae
464 2568 540 2609 pro
564 2553 845 2610 religionibus
870 2554 955 2594 suis
980 2554 1089 2594 bella
1111 2553 1366 2609 suscipiunt,
1389 2553 1482 2592 istae
1506 2562 1657 2592 contra
1679 2565 1772 2591 om-

328 2611 449 2650 nium
473 2611 722 2666 religiones3
755 2612 837 2652 illae
862 2612 904 2651 in
942 2610 1060 2651 bellis
1096 2611 1291 2666 gerendis
1322 2611 1376 2651 ab
1407 2610 1488 2649 diis
1519 2607 1776 2649 immortali-

332 2668 410 2707 bus
434 2682 582 2722 pacem
605 2684 654 2709 ac
674 2669 844 2709 veniam
866 2677 1033 2723 petunt,
1057 2668 1150 2708 istae
1171 2682 1270 2709 cum
1292 2667 1396 2723 ipsis
1419 2667 1500 2707 diis
1520 2665 1775 2705 immortali-

243 2725 412 2775 '10bus
436 2724 545 2764 bella
566 2735 804 2780 gesserunt.
858 2725 943 2766 Hae
967 2734 1068 2765 sunt
1090 2725 1300 2775 nationes,
1321 2739 1418 2779 quae
1442 2723 1659 2778 quondam
1685 2732 1772 2762 tam

332 2781 460 2836 longe
482 2781 536 2821 ab
568 2783 652 2822 suis
676 2784 862 2833 sedibus,
886 2782 1081 2837 Delphos
1104 2796 1251 2836 usque,
1275 2781 1327 2822 ad
1349 2780 1595 2836 Apollinem
1621 2778 1778 2834 Pythi-

330 2853 402 2880 um
431 2848 559 2895 atque
591 2840 644 2881 ad
676 2839 898 2882 oraculum
926 2840 1043 2881 orbis
1081 2848 1203 2880 terrae
1235 2839 1478 2880 vexandum
1507 2852 1557 2879 ac
1584 2835 1776 2892 *spolian-
