1907 3231
494 146 618 184 ACT.
646 144 698 184 11.
731 143 917 182 LIBER
943 143 1236 184 QUINTUS.
1517 153 1594 189 411

148 249 420 308 vigilantem.
480 248 581 291 Jam
603 264 719 301 vero,
751 264 795 291 re
816 250 871 291 ab
902 250 1103 291 omnibus
1135 250 1328 306 cognita,
1363 266 1594 295 concursa-

148 308 226 350 bat
246 310 352 350 urbe
374 315 466 348 tota
486 308 679 348 maxima
692 307 938 349 multitudo.
957 322 1044 348 non
1063 308 1194 357 enim,
1215 307 1327 348 sicut
1342 319 1468 350 antea
1489 326 1593 352 con-

150 367 332 407 suetudo
351 374 455 416 erat,
473 365 725 420 praedonum
741 366 970 406 adventum
993 365 1268 421 significabat
1291 369 1310 398 9
1325 365 1436 420 ignis
1459 381 1481 408 e
1499 383 1594 423 spe-

148 423 246 464 cula
267 422 459 464 sublatus
481 431 554 462 aut
587 423 774 475 tumulo;
807 423 879 464 sed
903 423 1077 464 flamma
1098 437 1152 463 ex
1175 423 1269 478 ipso
1292 423 1492 464 incendio
1516 440 1593 465 na-

149 481 268 521 vium
293 489 337 521 et
358 479 648 520 calamitatem
670 490 894 537 acceptam
915 490 957 521 et
979 479 1216 536 periculum
1241 479 1450 534 reliquum
1484 496 1593 522 nun-

148 538 302 578 tiabat.
364 536 474 578 Cum
500 546 659 593 praetor
689 547 966 593 quaereretur,
988 547 1031 578 et
1064 546 1295 588 constaret,
1317 537 1355 577 ei
1375 539 1591 579 neminem
1605 538 1677 593 36

147 595 393 647 nuntiasse3
426 594 475 636 fit
493 596 545 635 ad
577 594 752 636 domum
773 596 865 650 ejus
886 610 986 637 cum
1005 595 1190 636 clamore
1209 609 1442 636 concursus
1463 606 1593 652 atque
1606 618 1656 652 94

127 652 349 708 impetus.
409 651 520 694 Tum
540 653 619 693 iste
645 656 681 683 ¹0
695 653 910 694 excitatus
933 653 1039 703 exit,
1070 653 1191 694 audit
1212 667 1298 693 rem
1333 668 1504 695 omnem
1537 669 1593 696 ex

145 708 443 751 Timarchide:
477 725 627 767 sagum
652 711 796 751 sumit.
860 711 1162 766 Lucebatjam
1185 710 1298 752 fere:
1334 712 1528 767 procedit
1550 712 1595 754 in

145 767 354 818 medium,
389 768 491 818 vini,
524 769 677 817 somni,
702 769 834 823 stupri
871 768 1035 823 plenus.
1098 767 1330 824 Excipitur
1366 770 1420 810 ab
1455 770 1597 810 omni-

145 825 226 865 bus
249 825 461 881 ejusmodi
485 825 686 875 clamore,
707 835 752 865 ut
775 826 812 865 ei
840 825 1121 880 Lampsaceni
1148 826 1324 880 periculi
1357 827 1596 870 similitudo

145 893 387 924 versaretur
417 893 517 924 ante
555 883 717 923 oculos.
780 882 880 923 Hoc
911 884 1042 923 etiam
1064 883 1205 937 majus
1237 882 1321 924 hoc
1355 884 1597 937 videbatur,

146 941 264 995 quod
296 942 338 982 in
362 941 464 982 odio
488 939 616 981 simili
647 938 880 980 multitudo
913 940 1138 980 hominum
1160 940 1254 980 haec
1274 952 1366 981 erat
1388 943 1595 984 maxima.

147 997 259 1040 Tum
294 1001 327 1029 11
347 998 470 1039 istius
501 1007 598 1039 acta
628 998 1101 1039 commemorabantur:
1146 1006 1239 1038 tum
1276 999 1494 1055 flagitiosa
1525 1001 1597 1042 illa

145 1056 367 1097 convivia:
400 1065 493 1096 tum
512 1054 840 1111 appellabantur
869 1072 893 1097 a
923 1055 1202 1097 multitudine
1232 1056 1431 1097 mulieres
1455 1059 1595 1099 nomi-

148 1113 311 1154 natim:
344 1123 436 1154 tum
459 1113 733 1168 quaerebatur
755 1127 809 1153 ex
840 1113 935 1169 ipso
960 1113 1116 1169 palam,
1140 1122 1204 1154 tot
1228 1114 1317 1155 dies
1349 1114 1639 1169 continuos,p.
1655 1131 1729 1161 255.

146 1185 223 1227 per
257 1185 365 1226 quos
404 1185 640 1226 numquam
675 1170 788 1211 visus
819 1180 944 1221 esset,
976 1171 1050 1211 ubi
1083 1171 1249 1222 fuisset,
1281 1172 1382 1227 quid
1408 1173 1638 1229 egisset?a·

146 1238 240 1270 tum
273 1229 507 1284 imperator
529 1229 582 1270 ab
605 1229 688 1268 isto
711 1229 970 1284 praepositus
1004 1227 1258 1270 Cleomenes
1291 1230 1596 1286 flagitabatur:

144 1299 285 1341 neque
316 1286 553 1342 quidquam
592 1285 768 1342 propius
809 1297 874 1326 est
911 1286 1091 1337 factum,
1123 1301 1251 1342 quam
1285 1298 1333 1327 ut
1363 1287 1467 1329 illud
1501 1289 1599 1331 Uti-

146 1358 274 1385 cense
304 1344 552 1400 exemplum
584 1344 636 1384 de
668 1343 893 1384 Hadriano
937 1343 1237 1384 transferretur
1270 1345 1518 1400 Syracusas,
1551 1357 1599 1388 ut

144 1401 232 1442 duo
264 1401 458 1457 sepulcra
488 1403 671 1443 duorum
714 1413 948 1457 praetorum
990 1401 1301 1458 improborum,
1344 1403 1597 1459 duabusque

146 1458 191 1499 in
214 1459 448 1515 provinciis
470 1459 849 1501 constituerentur.
884 1473 1030 1499 verum
1055 1460 1204 1500 habita
1225 1471 1289 1500 est
1312 1475 1336 1500 a
1352 1461 1596 1503 multitudi—

145 1531 201 1557 ne
224 1517 332 1557 ratio
356 1517 577 1573 temporis,
611 1516 759 1557 habita
781 1526 846 1557 est
868 1516 1093 1567 tumultus,
1126 1517 1275 1557 habita
1296 1518 1425 1558 etiam
1450 1520 1593 1575 (ligni-

144 1574 246 1615 tatis
267 1574 688 1629 existimationisque
705 1575 962 1626 communis,
981 1575 1096 1630 quod
1119 1574 1154 1615 is
1172 1587 1238 1615 est
1257 1585 1494 1617 conventus
1511 1578 1592 1632 Sy-

147 1631 310 1673 racusis
343 1633 506 1674 civium
544 1633 857 1683 Romanorum,
893 1642 940 1673 ut
971 1647 1057 1673 non
1088 1633 1219 1673 modo
1252 1632 1321 1673 illa
1354 1635 1592 1688 provincia,

148 1704 297 1730 verum
320 1690 451 1731 etiam
474 1690 555 1732 hac
588 1689 811 1746 republica
831 1690 1110 1747 dignissimus
1134 1691 1422 1732 existimetur.
1475 1691 1592 1733 Con-
1606 1706 1655 1741 95

147 1747 321 1788 firmant
343 1747 423 1803 ipsi
445 1763 503 1799 se,
539 1750 575 1780 ¹⁶2
589 1763 688 1789 cum
708 1748 788 1789 iste
810 1748 942 1790 etiam
964 1758 1056 1789 tum
1081 1749 1351 1789 semisomnis
1376 1758 1592 1806 stuperet:

146 1820 266 1846 arma
287 1806 486 1861 capiunt:
521 1816 661 1847 totum
685 1804 826 1847 forum
859 1817 988 1862 atque
1022 1805 1228 1857 Insulam,
1260 1821 1356 1862 quae
1390 1816 1454 1847 est
1477 1809 1594 1850 urbis

147 1877 308 1919 magna
326 1877 436 1919 pars,
458 1864 693 1920 complent.
754 1864 898 1905 [snam
922 1864 1037 1905 illam
1061 1864 1194 1905 solam
1228 1874 1402 1905 noctem
1426 1867 1596 1921 praedo-

147 1935 223 1961 nes
258 1920 311 1961 ad
350 1920 552 1962 Pelorum
586 1923 859 1973 commorati,
891 1937 989 1963 cum
1014 1922 1231 1963 fumantes
1263 1922 1394 1963 ctiam
1426 1933 1594 1965 nostras

146 1992 277 2019 naves
308 1978 593 2034 reliquissent,
625 1981 827 2022 accedere
859 1980 1075 2036 incipiunt
1104 1981 1157 2021 ad
1193 1980 1440 2035 Syracusas.
1502 1982 1592 2029 Qui

147 2036 350 2077 videlicet
374 2051 488 2092 saepe
508 2038 742 2088 audissent,
756 2038 863 2079 nihil
886 2052 978 2079 esse
1000 2037 1237 2094 pulchriuS,
1256 2053 1384 2093 quam
1406 2040 1592 2095 Syracu-

148 2108 290 2134 sarum
313 2095 478 2136 moenia
499 2109 550 2135 ac
582 2105 745 2151 portus,
779 2104 1032 2147 statuerant,
1057 2110 1161 2146 sese,
1185 2096 1217 2136 si
1243 2110 1293 2136 ea
1326 2096 1457 2140 Verre
1479 2112 1591 2153 prae-

145 2159 240 2192 tore
269 2167 357 2192 non
390 2152 611 2204 vidissent,
642 2168 878 2208 numquam
910 2168 1001 2194 esse
1033 2154 1213 2195 visuros.
1274 2153 1340 2195 Ac
1363 2155 1502 2212 primo
1536 2156 1635 2219 ad3

145 2208 217 2250 illa
239 2210 391 2250 aestiva
409 2211 606 2266 praetoris
627 2211 853 2262 accedunt,
873 2212 1010 2267 ipsam
1033 2211 1146 2252 illam
1173 2211 1225 2252 ad
1249 2221 1415 2268 partem
1438 2212 1590 2265 litoris,
1603 2244 1655 2279 96

147 2267 223 2307 ubi
255 2267 336 2308 iste
366 2282 442 2323 per
472 2282 546 2308 eos
577 2269 682 2320 dies,
714 2269 1001 2310 tabernaculis
1034 2269 1202 2325 positis,
1235 2280 1376 2311 castra
1405 2270 1590 2314 luxuriae

145 2324 393 2366 collocarat.
425 2340 552 2381 quem
576 2337 857 2382 posteaquam
880 2327 1051 2367 inanem
1075 2327 1216 2367 locum
1240 2327 1528 2379 offenderunt,
1550 2337 1596 2371 et.

146 2391 377 2439 praetorem
399 2384 686 2425 commovisse
706 2399 761 2426 ex
793 2399 844 2426 eo
876 2385 972 2426 loco
994 2394 1135 2426 castra
1165 2395 1415 2438 senserunt3
1448 2387 1596 2429 statim

188 2551 208 2580 9
231 2548 319 2586 ignis
333 2558 349 2578 e
362 2549 493 2588 specula
505 2550 655 2580 sublatus
665 2553 726 2579 aut
740 2553 851 2579 tumu-
895 2547 935 2579 de
959 2548 1145 2588 corrigebat
1167 2549 1498 2587 commemorabatur,
1511 2551 1599 2591 quod

148 2589 191 2630 lo]
208 2590 259 2620 De
275 2592 402 2621 ratione
412 2592 626 2631 antiquorum
642 2592 850 2631 significandi
893 2597 927 2621 et
941 2591 1116 2631 probatum
1131 2595 1180 2622 est
1195 2592 1270 2621 viris
1285 2591 1471 2629 doetis‚nee
1483 2599 1599 2625 tamen

146 2632 305 2671 perignes
317 2634 463 2664 sublatos
474 2633 586 2673 legant
601 2635 738 2665 studiosi
754 2635 849 2675 Poly·
893 2639 1076 2674 receptum,
1092 2635 1154 2664 nisi
1181 2645 1199 2664 a
1222 2633 1395 2665 Lambino.
1439 2636 1524 2667 Sane
1547 2637 1598 2667 in-

146 2674 238 2704 bium
253 2675 332 2706 Exc.
346 2676 383 2706 L.
400 2677 442 2706 X.
460 2688 477 2707 c
507 2679 558 2708 38,
892 2678 1034 2716 geniose.
1080 2677 1135 2706 Me
1172 2682 1286 2707 tamen
1322 2677 1472 2717 impedit,
1509 2680 1597 2719 quod

195 2720 231 2747 10
253 2719 414 2749 excitatus
434 2719 515 2759 exit]
532 2720 610 2750 Non
632 2720 745 2756 domo,
762 2719 817 2751 sed
832 2731 849 2750 e
892 2719 1004 2760 paullo
1027 2724 1102 2759 post
1125 2720 1159 2749 in
1175 2719 1245 2750 istis
1266 2720 1472 2751 sermonibus
1489 2721 1594 2753 homi·

146 2760 309 2790 cubiculo.
354 2761 469 2800 ltaque
495 2772 562 2792 non
586 2768 722 2802 propter
745 2773 851 2793 unum
893 2771 974 2792 num
988 2766 1052 2797 est,
1070 2761 1264 2801 tabificis-set,
1279 2764 1360 2802 quid
1372 2764 1499 2801 egisset.

146 2801 210 2832 MS.
228 2803 306 2842 Reg.
322 2814 397 2834 cum
410 2804 540 2834 Graevio
555 2805 672 2835 tollam
688 2806 764 2835 erit.
941 2806 977 2835 12
1000 2814 1075 2835 cum
1099 2806 1126 2834 is
1149 2806 1250 2835 etiam
1265 2805 1350 2845 tum]
1378 2806 1480 2836 Recte
1498 2805 1596 2836 Lam—

193 2848 225 2875 il
258 2846 350 2876 istius
377 2851 454 2876 acta
489 2847 846 2887 commemorabantur]
893 2846 991 2877 binus
1014 2847 1150 2886 corrigit
1166 2857 1241 2878 cum
1256 2848 1316 2879 iste
1336 2849 1458 2880 etiam:
1481 2853 1521 2880 ut
1536 2858 1596 2879 nos

145 2887 622 2930 Memmiusactaintelligebat
633 2890 672 2922 de
685 2890 775 2930 10c0;
789 2901 851 2922 un·
893 2899 1002 2930 supra.
1046 2890 1111 2921 Ms.
1129 2890 1192 2921 Gu.
1207 2890 1270 2922 hic.
