<?xml version="1.0" encoding="UTF-8"?>
<!DOCTYPE html PUBLIC "-//W3C//DTD XHTML 1.0 Transitional//EN"
    "http://www.w3.org/TR/xhtml1/DTD/xhtml1-transitional.dtd">
<html xmlns="http://www.w3.org/1999/xhtml" xml:lang="en" lang="en">
 <head>
  <title>
</title>
<meta http-equiv="Content-Type" content="text/html;charset=utf-8" />
  <meta name='ocr-system' content='tesseract 3.04.00' />
  <meta name='ocr-capabilities' content='ocr_page ocr_carea ocr_par ocr_line ocrx_word'/>
</head>
<body>
  <div class='ocr_page' id='page_1' title='image "./p1operaomnia02ciceuoft_0729.png"; bbox 0 0 1907 3231; ppageno 0'>
   <div class='ocr_carea' id='block_1_1' title="bbox 77 223 1600 2108">
    <p class='ocr_par' dir='ltr' id='par_1_1' title="bbox 77 223 1600 2108">
     <span class='ocr_line' id='line_1_1' title="bbox 84 223 1521 283; baseline -0.002 -17"><span class='ocrx_word' id='word_1_1' title='bbox 84 228 175 276; x_wconf 74' lang='lat' dir='ltr'><strong>hes,</strong></span> <span class='ocrx_word' id='word_1_2' title='bbox 198 232 287 267; x_wconf 81' lang='lat' dir='ltr'><strong>tam</strong></span> <span class='ocrx_word' id='word_1_3' title='bbox 310 225 570 283; x_wconf 86' lang='lat' dir='ltr'><strong>ingeniosos,</strong></span> <span class='ocrx_word' id='word_1_4' title='bbox 592 240 668 282; x_wconf 89' lang='lat' dir='ltr'><strong>per</strong></span> <span class='ocrx_word' id='word_1_5' title='bbox 691 234 756 267; x_wconf 91' lang='lat' dir='ltr'><strong>tot</strong></span> <span class='ocrx_word' id='word_1_6' title='bbox 776 240 908 267; x_wconf 89' lang='lat' dir='ltr'><strong>annos</strong></span> <span class='ocrx_word' id='word_1_7' title='bbox 930 223 1058 265; x_wconf 84' lang='lat' dir='ltr'><strong>etiam</strong></span> <span class='ocrx_word' id='word_1_8' title='bbox 1082 237 1196 264; x_wconf 87' lang='lat' dir='ltr'><strong>nunc</strong></span> <span class='ocrx_word' id='word_1_9' title='bbox 1227 230 1411 265; x_wconf 85' lang='lat' dir='ltr'>statuere</span> <span class='ocrx_word' id='word_1_10' title='bbox 1431 237 1521 264; x_wconf 87' lang='lat' dir='ltr'><strong>non</strong></span> 
     </span>
     <span class='ocr_line' id='line_1_2' title="bbox 84 280 1518 338; baseline -0.003 -14"><span class='ocrx_word' id='word_1_11' title='bbox 84 283 291 336; x_wconf 83' lang='lat' dir='ltr'><strong>potuisse,</strong></span> <span class='ocrx_word' id='word_1_12' title='bbox 320 294 462 324; x_wconf 84' lang='lat' dir='ltr'><strong>utrum</strong></span> <span class='ocrx_word' id='word_1_13' title='bbox 482 283 648 324; x_wconf 82' lang='lat' dir='ltr'><strong>46diem</strong></span> <span class='ocrx_word' id='word_1_14' title='bbox 681 284 868 333; x_wconf 85' lang='lat' dir='ltr'><strong>tertium,</strong></span> <span class='ocrx_word' id='word_1_15' title='bbox 896 296 950 322; x_wconf 88' lang='lat' dir='ltr'><strong>an</strong></span> <span class='ocrx_word' id='word_1_16' title='bbox 979 280 1282 338; x_wconf 84' lang='lat' dir='ltr'><strong>perendinum:</strong></span> <span class='ocrx_word' id='word_1_17' title='bbox 1308 280 1518 335; x_wconf 84' lang='lat' dir='ltr'><strong>judicem,</strong></span> 
     </span>
     <span class='ocr_line' id='line_1_3' title="bbox 84 336 1600 395; baseline -0.001 -16"><span class='ocrx_word' id='word_1_18' title='bbox 84 353 141 380; x_wconf 77' lang='lat' dir='ltr'><strong>an</strong></span> <span class='ocrx_word' id='word_1_19' title='bbox 162 341 396 382; x_wconf 81' lang='lat' dir='ltr'><strong>arbitrum:</strong></span> <span class='ocrx_word' id='word_1_20' title='bbox 428 355 530 390; x_wconf 88' lang='lat' dir='ltr'><strong>rem,</strong></span> <span class='ocrx_word' id='word_1_21' title='bbox 553 355 604 380; x_wconf 86' lang='lat' dir='ltr'><strong>an</strong></span> <span class='ocrx_word' id='word_1_22' title='bbox 630 341 747 382; x_wconf 87' lang='lat' dir='ltr'><strong>litem</strong></span> <span class='ocrx_word' id='word_1_23' title='bbox 768 340 852 381; x_wconf 91' lang='lat' dir='ltr'><strong>dici</strong></span> <span class='ocrx_word' id='word_1_24' title='bbox 875 347 1105 395; x_wconf 82' lang='lat' dir='ltr'><strong>oporteret.</strong></span> <span class='ocrx_word' id='word_1_25' title='bbox 1146 336 1298 391; x_wconf 86' lang='lat' dir='ltr'><strong>Itaque</strong></span> <span class='ocrx_word' id='word_1_26' title='bbox 1319 342 1386 390; x_wconf 87' lang='lat' dir='ltr'><strong>(ut</strong></span> <span class='ocrx_word' id='word_1_27' title='bbox 1406 338 1517 387; x_wconf 87' lang='lat' dir='ltr'>dixi)</span> <span class='ocrx_word' id='word_1_28' title='bbox 1537 339 1600 386; x_wconf 86' lang='lat'><strong>13</strong></span> 
     </span>
     <span class='ocr_line' id='line_1_4' title="bbox 83 393 1581 451; baseline -0.001 -16"><span class='ocrx_word' id='word_1_29' title='bbox 83 395 273 451; x_wconf 84' lang='lat' dir='ltr'>dignitas</span> <span class='ocrx_word' id='word_1_30' title='bbox 296 398 336 438; x_wconf 92' lang='lat' dir='ltr'><strong>in</strong></span> <span class='ocrx_word' id='word_1_31' title='bbox 360 397 443 437; x_wconf 81' lang='lat' dir='ltr'><strong>ista</strong></span> <span class='ocrx_word' id='word_1_32' title='bbox 464 397 643 438; x_wconf 81' lang='lat' dir='ltr'><strong>scientia</strong></span> <span class='ocrx_word' id='word_1_33' title='bbox 663 397 895 438; x_wconf 84' lang='lat' dir='ltr'><strong>consularis</strong></span> <span class='ocrx_word' id='word_1_34' title='bbox 917 409 1150 450; x_wconf 86' lang='lat' dir='ltr'>numquam</span> <span class='ocrx_word' id='word_1_35' title='bbox 1172 393 1280 445; x_wconf 81' lang='lat' dir='ltr'><strong>fuit3</strong></span> <span class='ocrx_word' id='word_1_36' title='bbox 1308 409 1405 448; x_wconf 87' lang='lat' dir='ltr'><strong>quae</strong></span> <span class='ocrx_word' id='word_1_37' title='bbox 1427 403 1581 444; x_wconf 77' lang='lat' dir='ltr'><strong>tota28</strong></span> 
     </span>
     <span class='ocr_line' id='line_1_5' title="bbox 85 452 1563 509; baseline -0.003 -16"><span class='ocrx_word' id='word_1_38' title='bbox 85 465 141 494; x_wconf 86' lang='lat' dir='ltr'><strong>ex</strong></span> <span class='ocrx_word' id='word_1_39' title='bbox 183 454 308 495; x_wconf 88' lang='lat' dir='ltr'><strong>rebus</strong></span> <span class='ocrx_word' id='word_1_40' title='bbox 349 454 461 495; x_wconf 82' lang='lat' dir='ltr'><strong>fictis</strong></span> <span class='ocrx_word' id='word_1_41' title='bbox 502 455 901 509; x_wconf 82' lang='lat' dir='ltr'>commenticiisque</span> <span class='ocrx_word' id='word_1_42' title='bbox 941 462 1177 495; x_wconf 80' lang='lat' dir='ltr'><strong>constaret:</strong></span> <span class='ocrx_word' id='word_1_43' title='bbox 1228 452 1379 506; x_wconf 73' lang='lat' dir='ltr'><strong>gratiae</strong></span> <span class='ocrx_word' id='word_1_44' title='bbox 1419 459 1563 491; x_wconf 87' lang='lat' dir='ltr'><strong>verob.</strong></span> 
     </span>
     <span class='ocr_line' id='line_1_6' title="bbox 82 509 1522 564; baseline -0.001 -15"><span class='ocrx_word' id='word_1_45' title='bbox 82 509 221 551; x_wconf 87' lang='lat' dir='ltr'><strong>multo</strong></span> <span class='ocrx_word' id='word_1_46' title='bbox 242 511 372 551; x_wconf 85' lang='lat' dir='ltr'><strong>etiam</strong></span> <span class='ocrx_word' id='word_1_47' title='bbox 397 512 598 552; x_wconf 89' lang='lat' dir='ltr'><strong>minores.</strong></span> <span class='ocrx_word' id='word_1_48' title='bbox 660 512 790 558; x_wconf 83' lang='lat' dir='ltr'><strong>Quod</strong></span> <span class='ocrx_word' id='word_1_49' title='bbox 812 511 927 552; x_wconf 86' lang='lat' dir='ltr'><strong>enim</strong></span> <span class='ocrx_word' id='word_1_50' title='bbox 946 509 1145 551; x_wconf 89' lang='lat' dir='ltr'><strong>omnibus</strong></span> <span class='ocrx_word' id='word_1_51' title='bbox 1177 515 1310 564; x_wconf 86' lang='lat' dir='ltr'><strong>patet,</strong></span> <span class='ocrx_word' id='word_1_52' title='bbox 1331 516 1375 547; x_wconf 88' lang='lat' dir='ltr'><strong>et</strong></span> <span class='ocrx_word' id='word_1_53' title='bbox 1397 522 1522 561; x_wconf 87' lang='lat' dir='ltr'><strong>aeque</strong></span> 
     </span>
     <span class='ocr_line' id='line_1_7' title="bbox 83 564 1522 621; baseline -0.002 -14"><span class='ocrx_word' id='word_1_54' title='bbox 83 576 302 621; x_wconf 86' lang='lat' dir='ltr'><strong>promtum</strong></span> <span class='ocrx_word' id='word_1_55' title='bbox 327 578 392 610; x_wconf 81' lang='lat' dir='ltr'><strong>est</strong></span> <span class='ocrx_word' id='word_1_56' title='bbox 417 568 539 619; x_wconf 85' lang='lat' dir='ltr'><strong>mihi,</strong></span> <span class='ocrx_word' id='word_1_57' title='bbox 562 578 606 609; x_wconf 87' lang='lat' dir='ltr'><strong>et</strong></span> <span class='ocrx_word' id='word_1_58' title='bbox 635 569 875 610; x_wconf 84' lang='lat' dir='ltr'><strong>adversario</strong></span> <span class='ocrx_word' id='word_1_59' title='bbox 898 582 1008 619; x_wconf 85' lang='lat' dir='ltr'><strong>meo,</strong></span> <span class='ocrx_word' id='word_1_60' title='bbox 1028 567 1068 607; x_wconf 91' lang='lat' dir='ltr'><strong>id</strong></span> <span class='ocrx_word' id='word_1_61' title='bbox 1091 580 1182 607; x_wconf 88' lang='lat' dir='ltr'><strong>esse</strong></span> <span class='ocrx_word' id='word_1_62' title='bbox 1213 574 1382 621; x_wconf 83' lang='lat' dir='ltr'><strong>gratum</strong></span> <span class='ocrx_word' id='word_1_63' title='bbox 1406 564 1522 605; x_wconf 91' lang='lat' dir='ltr'><strong>nullo</strong></span> 
     </span>
     <span class='ocr_line' id='line_1_8' title="bbox 83 621 1523 681; baseline -0.002 -17"><span class='ocrx_word' id='word_1_64' title='bbox 83 632 212 678; x_wconf 82' lang='lat' dir='ltr'><strong>pacto</strong></span> <span class='ocrx_word' id='word_1_65' title='bbox 235 634 391 680; x_wconf 86' lang='lat' dir='ltr'><strong>potest.</strong></span> <span class='ocrx_word' id='word_1_66' title='bbox 453 625 618 681; x_wconf 72' lang='lat' dir='ltr'><strong>Itaque,</strong></span> <span class='ocrx_word' id='word_1_67' title='bbox 636 641 722 666; x_wconf 89' lang='lat' dir='ltr'><strong>non</strong></span> <span class='ocrx_word' id='word_1_68' title='bbox 745 625 879 666; x_wconf 85' lang='lat' dir='ltr'><strong>modo</strong></span> <span class='ocrx_word' id='word_1_69' title='bbox 897 623 1094 665; x_wconf 85' lang='lat' dir='ltr'><strong>beneficii</strong></span> <span class='ocrx_word' id='word_1_70' title='bbox 1118 621 1356 664; x_wconf 83' lang='lat' dir='ltr'><strong>collocandi</strong></span> <span class='ocrx_word' id='word_1_71' title='bbox 1387 635 1523 676; x_wconf 88' lang='lat' dir='ltr'><strong>spem,</strong></span> 
     </span>
     <span class='ocr_line' id='line_1_9' title="bbox 85 680 1523 738; baseline -0.001 -19"><span class='ocrx_word' id='word_1_72' title='bbox 85 680 158 721; x_wconf 88' lang='lat' dir='ltr'><strong>sed</strong></span> <span class='ocrx_word' id='word_1_73' title='bbox 188 682 318 723; x_wconf 86' lang='lat' dir='ltr'><strong>etiam</strong></span> <span class='ocrx_word' id='word_1_74' title='bbox 346 682 465 732; x_wconf 88' lang='lat' dir='ltr'><strong>illud,</strong></span> <span class='ocrx_word' id='word_1_75' title='bbox 496 683 611 738; x_wconf 91' lang='lat' dir='ltr'><strong>quod</strong></span> <span class='ocrx_word' id='word_1_76' title='bbox 643 682 890 738; x_wconf 82' lang='lat' dir='ltr'>aliquandiu</span> <span class='ocrx_word' id='word_1_77' title='bbox 912 682 1009 732; x_wconf 89' lang='lat' dir='ltr'><strong>fuit,</strong></span> <span class='ocrx_word' id='word_1_78' title='bbox 1042 694 1187 722; x_wconf 74' lang='lat' dir='ltr'><strong>Licn‘r</strong></span> <span class='ocrx_word' id='word_1_79' title='bbox 1212 691 1523 730; x_wconf 79' lang='lat' dir='ltr'><strong>CONSULERE,</strong></span> 
     </span>
     <span class='ocr_line' id='line_1_10' title="bbox 83 736 1525 795; baseline -0.002 -17"><span class='ocrx_word' id='word_1_80' title='bbox 83 737 222 792; x_wconf 81' lang='lat' dir='ltr'><strong>47jam</strong></span> <span class='ocrx_word' id='word_1_81' title='bbox 256 740 515 795; x_wconf 83' lang='lat' dir='ltr'><strong>perdidistis.</strong></span> <span class='ocrx_word' id='word_1_82' title='bbox 576 739 754 794; x_wconf 79' lang='lat' dir='ltr'><strong>Sapiens</strong></span> <span class='ocrx_word' id='word_1_83' title='bbox 784 739 1021 779; x_wconf 78' lang='lat' dir='ltr'><strong>existimari</strong></span> <span class='ocrx_word' id='word_1_84' title='bbox 1055 753 1180 779; x_wconf 89' lang='lat' dir='ltr'><strong>nemo</strong></span> <span class='ocrx_word' id='word_1_85' title='bbox 1219 744 1361 792; x_wconf 86' lang='lat' dir='ltr'><strong>potest</strong></span> <span class='ocrx_word' id='word_1_86' title='bbox 1399 736 1442 776; x_wconf 94' lang='lat' dir='ltr'><strong>in</strong></span> <span class='ocrx_word' id='word_1_87' title='bbox 1474 749 1525 776; x_wconf 85' lang='lat' dir='ltr'><strong>ea</strong></span> 
     </span>
     <span class='ocr_line' id='line_1_11' title="bbox 80 793 1524 851; baseline -0.002 -16"><span class='ocrx_word' id='word_1_88' title='bbox 80 795 324 849; x_wconf 85' lang='lat' dir='ltr'><strong>prudentia,</strong></span> <span class='ocrx_word' id='word_1_89' title='bbox 346 811 443 851; x_wconf 83' lang='lat' dir='ltr'><strong>quae</strong></span> <span class='ocrx_word' id='word_1_90' title='bbox 463 811 604 851; x_wconf 91' lang='lat' dir='ltr'><strong>neque</strong></span> <span class='ocrx_word' id='word_1_91' title='bbox 625 806 748 836; x_wconf 81' lang='lat' dir='ltr'><strong>extra</strong></span> <span class='ocrx_word' id='word_1_92' title='bbox 772 796 956 837; x_wconf 81' lang='lat' dir='ltr'>Romam</span> <span class='ocrx_word' id='word_1_93' title='bbox 979 809 1174 850; x_wconf 82' lang='lat' dir='ltr'>usquam,</span> <span class='ocrx_word' id='word_1_94' title='bbox 1193 808 1331 848; x_wconf 90' lang='lat' dir='ltr'><strong>neque</strong></span> <span class='ocrx_word' id='word_1_95' title='bbox 1353 793 1524 843; x_wconf 65' lang='lat' dir='ltr'><strong>Romae,</strong></span> 
     </span>
     <span class='ocr_line' id='line_1_12' title="bbox 82 850 1524 909; baseline -0.002 -17"><span class='ocrx_word' id='word_1_96' title='bbox 82 852 209 893; x_wconf 87' lang='lat' dir='ltr'><strong>rebus</strong></span> <span class='ocrx_word' id='word_1_97' title='bbox 240 853 432 909; x_wconf 84' lang='lat' dir='ltr'><strong>prolatiS,</strong></span> <span class='ocrx_word' id='word_1_98' title='bbox 463 854 697 908; x_wconf 83' lang='lat' dir='ltr'><strong>quidquam</strong></span> <span class='ocrx_word' id='word_1_99' title='bbox 729 853 855 894; x_wconf 84' lang='lat' dir='ltr'><strong>valet.</strong></span> <span class='ocrx_word' id='word_1_100' title='bbox 900 853 1059 909; x_wconf 85' lang='lat' dir='ltr'><strong>peritus</strong></span> <span class='ocrx_word' id='word_1_101' title='bbox 1089 852 1185 892; x_wconf 90' lang='lat' dir='ltr'><strong>ideo</strong></span> <span class='ocrx_word' id='word_1_102' title='bbox 1218 850 1366 891; x_wconf 81' lang='lat' dir='ltr'><strong>haberi</strong></span> <span class='ocrx_word' id='word_1_103' title='bbox 1397 864 1524 890; x_wconf 87' lang='lat' dir='ltr'><strong>nemo</strong></span> 
     </span>
     <span class='ocr_line' id='line_1_13' title="bbox 81 908 1525 965; baseline 0.001 -16"><span class='ocrx_word' id='word_1_104' title='bbox 81 918 240 964; x_wconf 88' lang='lat' dir='ltr'><strong>potest,</strong></span> <span class='ocrx_word' id='word_1_105' title='bbox 262 911 378 965; x_wconf 88' lang='lat' dir='ltr'><strong>quod</strong></span> <span class='ocrx_word' id='word_1_106' title='bbox 400 911 444 951; x_wconf 90' lang='lat' dir='ltr'><strong>in</strong></span> <span class='ocrx_word' id='word_1_107' title='bbox 466 925 532 960; x_wconf 93' lang='lat' dir='ltr'><strong>eo,</strong></span> <span class='ocrx_word' id='word_1_108' title='bbox 555 911 670 965; x_wconf 89' lang='lat' dir='ltr'><strong>quod</strong></span> <span class='ocrx_word' id='word_1_109' title='bbox 705 910 846 950; x_wconf 87' lang='lat' dir='ltr'><strong>sciunt</strong></span> <span class='ocrx_word' id='word_1_110' title='bbox 869 925 1031 960; x_wconf 84' lang='lat' dir='ltr'><strong>omneS‚</strong></span> <span class='ocrx_word' id='word_1_111' title='bbox 1052 909 1169 950; x_wconf 89' lang='lat' dir='ltr'><strong>nullo</strong></span> <span class='ocrx_word' id='word_1_112' title='bbox 1191 908 1319 948; x_wconf 88' lang='lat' dir='ltr'><strong>modo</strong></span> <span class='ocrx_word' id='word_1_113' title='bbox 1344 915 1525 963; x_wconf 85' lang='lat' dir='ltr'>possunt</span> 
     </span>
     <span class='ocr_line' id='line_1_14' title="bbox 82 965 1524 1022; baseline -0.001 -17"><span class='ocrx_word' id='word_1_114' title='bbox 82 965 193 1006; x_wconf 89' lang='lat' dir='ltr'><strong>inter</strong></span> <span class='ocrx_word' id='word_1_115' title='bbox 228 981 272 1007; x_wconf 91' lang='lat' dir='ltr'><strong>se</strong></span> <span class='ocrx_word' id='word_1_116' title='bbox 303 967 560 1022; x_wconf 84' lang='lat' dir='ltr'><strong>discrepare.</strong></span> <span class='ocrx_word' id='word_1_117' title='bbox 590 967 779 1008; x_wconf 82' lang='lat' dir='ltr'><strong>difficilis</strong></span> <span class='ocrx_word' id='word_1_118' title='bbox 812 975 958 1007; x_wconf 84' lang='lat' dir='ltr'><strong>autem</strong></span> <span class='ocrx_word' id='word_1_119' title='bbox 986 981 1051 1007; x_wconf 90' lang='lat' dir='ltr'><strong>res</strong></span> <span class='ocrx_word' id='word_1_120' title='bbox 1083 966 1180 1006; x_wconf 89' lang='lat' dir='ltr'><strong>ideo</strong></span> <span class='ocrx_word' id='word_1_121' title='bbox 1213 979 1300 1006; x_wconf 89' lang='lat' dir='ltr'><strong>non</strong></span> <span class='ocrx_word' id='word_1_122' title='bbox 1333 973 1524 1020; x_wconf 86' lang='lat' dir='ltr'><strong>putatur,</strong></span> 
     </span>
     <span class='ocr_line' id='line_1_15' title="bbox 80 1022 1524 1080; baseline -0.001 -16"><span class='ocrx_word' id='word_1_123' title='bbox 80 1023 198 1077; x_wconf 88' lang='lat' dir='ltr'><strong>quod</strong></span> <span class='ocrx_word' id='word_1_124' title='bbox 229 1032 273 1064; x_wconf 91' lang='lat' dir='ltr'><strong>et</strong></span> <span class='ocrx_word' id='word_1_125' title='bbox 309 1025 535 1080; x_wconf 80' lang='lat' dir='ltr'><strong>perpaucis</strong></span> <span class='ocrx_word' id='word_1_126' title='bbox 566 1036 609 1064; x_wconf 84' lang='lat' dir='ltr'><strong>et</strong></span> <span class='ocrx_word' id='word_1_127' title='bbox 641 1025 819 1065; x_wconf 86' lang='lat' dir='ltr'><strong>minime</strong></span> <span class='ocrx_word' id='word_1_128' title='bbox 854 1024 1047 1065; x_wconf 84' lang='lat' dir='ltr'><strong>obscuris</strong></span> <span class='ocrx_word' id='word_1_129' title='bbox 1080 1023 1232 1064; x_wconf 82' lang='lat' dir='ltr'><strong>litteris</strong></span> <span class='ocrx_word' id='word_1_130' title='bbox 1261 1022 1524 1063; x_wconf 88' lang='lat' dir='ltr'><strong>continetur.</strong></span> 
     </span>
     <span class='ocr_line' id='line_1_16' title="bbox 81 1077 1526 1136; baseline -0.001 -16"><span class='ocrx_word' id='word_1_131' title='bbox 81 1077 251 1136; x_wconf 86' lang='lat' dir='ltr'><strong>ltaque,</strong></span> <span class='ocrx_word' id='word_1_132' title='bbox 281 1082 315 1122; x_wconf 91' lang='lat' dir='ltr'><strong>si</strong></span> <span class='ocrx_word' id='word_1_133' title='bbox 345 1081 469 1132; x_wconf 84' lang='lat' dir='ltr'><strong>mihi,</strong></span> <span class='ocrx_word' id='word_1_134' title='bbox 499 1081 666 1122; x_wconf 89' lang='lat' dir='ltr'><strong>homini</strong></span> <span class='ocrx_word' id='word_1_135' title='bbox 698 1082 971 1122; x_wconf 86' lang='lat' dir='ltr'><strong>vehementer</strong></span> <span class='ocrx_word' id='word_1_136' title='bbox 992 1090 1219 1136; x_wconf 80' lang='lat' dir='ltr'><strong>occupatO,</strong></span> <span class='ocrx_word' id='word_1_137' title='bbox 1252 1079 1526 1119; x_wconf 82' lang='lat' dir='ltr'><strong>stomachum</strong></span> 
     </span>
     <span class='ocr_line' id='line_1_17' title="bbox 80 1135 1525 1193; baseline -0.001 -15"><span class='ocrx_word' id='word_1_138' title='bbox 80 1138 316 1189; x_wconf 89' lang='lat' dir='ltr'><strong>moveritis,</strong></span> <span class='ocrx_word' id='word_1_139' title='bbox 341 1139 482 1179; x_wconf 86' lang='lat' dir='ltr'><strong>triduo</strong></span> <span class='ocrx_word' id='word_1_140' title='bbox 503 1153 574 1179; x_wconf 85' lang='lat' dir='ltr'><strong>me</strong></span> <span class='ocrx_word' id='word_1_141' title='bbox 589 1138 948 1193; x_wconf 83' lang='lat' dir='ltr'><strong>jurisconsultum</strong></span> <span class='ocrx_word' id='word_1_142' title='bbox 969 1141 1009 1169; x_wconf 75' lang='lat'><strong>48</strong></span> <span class='ocrx_word' id='word_1_143' title='bbox 1023 1152 1113 1179; x_wconf 88' lang='lat' dir='ltr'><strong>esse</strong></span> <span class='ocrx_word' id='word_1_144' title='bbox 1135 1137 1393 1193; x_wconf 55' lang='lat' dir='ltr'><strong>profitebor.</strong></span> <span class='ocrx_word' id='word_1_145' title='bbox 1447 1135 1525 1176; x_wconf 85' lang='lat' dir='ltr'><strong>Et-</strong></span> 
     </span>
     <span class='ocr_line' id='line_1_18' title="bbox 79 1194 1525 1252; baseline -0.002 -17"><span class='ocrx_word' id='word_1_146' title='bbox 79 1194 196 1235; x_wconf 89' lang='lat' dir='ltr'><strong>enim</strong></span> <span class='ocrx_word' id='word_1_147' title='bbox 224 1210 322 1250; x_wconf 82' lang='lat' dir='ltr'><strong>quae</strong></span> <span class='ocrx_word' id='word_1_148' title='bbox 354 1196 407 1237; x_wconf 90' lang='lat' dir='ltr'><strong>de</strong></span> <span class='ocrx_word' id='word_1_149' title='bbox 442 1196 602 1251; x_wconf 87' lang='lat' dir='ltr'><strong>scripto</strong></span> <span class='ocrx_word' id='word_1_150' title='bbox 632 1205 833 1252; x_wconf 82' lang='lat' dir='ltr'><strong>aguntur,</strong></span> <span class='ocrx_word' id='word_1_151' title='bbox 863 1196 1022 1251; x_wconf 85' lang='lat' dir='ltr'><strong>scripta</strong></span> <span class='ocrx_word' id='word_1_152' title='bbox 1051 1204 1151 1236; x_wconf 83' lang='lat' dir='ltr'><strong>sunt</strong></span> <span class='ocrx_word' id='word_1_153' title='bbox 1184 1194 1352 1235; x_wconf 83' lang='lat' dir='ltr'><strong>omnia:</strong></span> <span class='ocrx_word' id='word_1_154' title='bbox 1384 1207 1525 1248; x_wconf 89' lang='lat' dir='ltr'><strong>neque</strong></span> 
     </span>
     <span class='ocr_line' id='line_1_19' title="bbox 80 1253 1525 1308; baseline -0.001 -16"><span class='ocrx_word' id='word_1_155' title='bbox 80 1260 224 1294; x_wconf 84' lang='lat' dir='ltr'><strong>tamen</strong></span> <span class='ocrx_word' id='word_1_156' title='bbox 252 1253 490 1308; x_wconf 86' lang='lat' dir='ltr'><strong>quidquam</strong></span> <span class='ocrx_word' id='word_1_157' title='bbox 511 1256 552 1288; x_wconf 81' lang='grc'><strong>49</strong></span> <span class='ocrx_word' id='word_1_158' title='bbox 564 1263 649 1293; x_wconf 88' lang='lat' dir='ltr'><strong>tam</strong></span> <span class='ocrx_word' id='word_1_159' title='bbox 680 1263 862 1308; x_wconf 80' lang='lat' dir='ltr'><strong>anguste</strong></span> <span class='ocrx_word' id='word_1_160' title='bbox 892 1254 1100 1308; x_wconf 86' lang='lat' dir='ltr'><strong>scriptum</strong></span> <span class='ocrx_word' id='word_1_161' title='bbox 1122 1261 1200 1303; x_wconf 84' lang='lat' dir='ltr'><strong>est,</strong></span> <span class='ocrx_word' id='word_1_162' title='bbox 1223 1266 1308 1306; x_wconf 91' lang='lat' dir='ltr'><strong>quo</strong></span> <span class='ocrx_word' id='word_1_163' title='bbox 1331 1264 1412 1305; x_wconf 82' lang='lat' dir='ltr'><strong>ego</strong></span> <span class='ocrx_word' id='word_1_164' title='bbox 1436 1265 1525 1291; x_wconf 85' lang='lat' dir='ltr'><strong>non.</strong></span> 
     </span>
     <span class='ocr_line' id='line_1_20' title="bbox 79 1307 1524 1364; baseline -0.001 -15"><span class='ocrx_word' id='word_1_165' title='bbox 79 1309 256 1364; x_wconf 89' lang='lat' dir='ltr'><strong>possim,</strong></span> <span class='ocrx_word' id='word_1_166' title='bbox 279 1313 432 1361; x_wconf 74' lang='lat' dir='ltr'>509UA</span> <span class='ocrx_word' id='word_1_167' title='bbox 460 1324 524 1351; x_wconf 81' lang='lat' dir='ltr'><strong>DE</strong></span> <span class='ocrx_word' id='word_1_168' title='bbox 549 1324 610 1351; x_wconf 86' lang='lat' dir='ltr'><strong>RE</strong></span> <span class='ocrx_word' id='word_1_169' title='bbox 636 1323 841 1362; x_wconf 79' lang='lat' dir='ltr'><strong>AGITUR,</strong></span> <span class='ocrx_word' id='word_1_170' title='bbox 871 1310 1039 1351; x_wconf 83' lang='lat' dir='ltr'><strong>addere.</strong></span> <span class='ocrx_word' id='word_1_171' title='bbox 1099 1310 1211 1355; x_wconf 81' lang='lat' dir='ltr'><strong>Quae</strong></span> <span class='ocrx_word' id='word_1_172' title='bbox 1242 1307 1524 1349; x_wconf 84' lang='lat' dir='ltr'><strong>consuluntur</strong></span> 
     </span>
     <span class='ocr_line' id='line_1_21' title="bbox 77 1365 1523 1423; baseline -0.001 -17"><span class='ocrx_word' id='word_1_173' title='bbox 77 1375 237 1417; x_wconf 86' lang='lat' dir='ltr'><strong>autem,</strong></span> <span class='ocrx_word' id='word_1_174' title='bbox 268 1367 448 1408; x_wconf 82' lang='lat' dir='ltr'><strong>minimo</strong></span> <span class='ocrx_word' id='word_1_175' title='bbox 478 1368 668 1423; x_wconf 88' lang='lat' dir='ltr'><strong>periculo</strong></span> <span class='ocrx_word' id='word_1_176' title='bbox 699 1368 1024 1423; x_wconf 83' lang='lat' dir='ltr'><strong>respondentur.</strong></span> <span class='ocrx_word' id='word_1_177' title='bbox 1086 1367 1132 1407; x_wconf 79' lang='lat' dir='ltr'><strong>Si</strong></span> <span class='ocrx_word' id='word_1_178' title='bbox 1163 1367 1220 1416; x_wconf 88' lang='lat' dir='ltr'><strong>id,</strong></span> <span class='ocrx_word' id='word_1_179' title='bbox 1252 1365 1368 1420; x_wconf 90' lang='lat' dir='ltr'><strong>quod</strong></span> <span class='ocrx_word' id='word_1_180' title='bbox 1394 1379 1523 1419; x_wconf 90' lang='lat' dir='ltr'><strong>opor-</strong></span> 
     </span>
     <span class='ocr_line' id='line_1_22' title="bbox 80 1422 1520 1480; baseline -0.001 -17"><span class='ocrx_word' id='word_1_181' title='bbox 80 1431 157 1474; x_wconf 86' lang='lat' dir='ltr'><strong>tet,</strong></span> <span class='ocrx_word' id='word_1_182' title='bbox 192 1424 487 1479; x_wconf 78' lang='lat' dir='ltr'><strong>responderi53</strong></span> <span class='ocrx_word' id='word_1_183' title='bbox 519 1424 632 1465; x_wconf 89' lang='lat' dir='ltr'><strong>idem</strong></span> <span class='ocrx_word' id='word_1_184' title='bbox 664 1424 833 1465; x_wconf 83' lang='lat' dir='ltr'><strong>videare</strong></span> <span class='ocrx_word' id='word_1_185' title='bbox 867 1424 1149 1480; x_wconf 85' lang='lat' dir='ltr'><strong>respondisse,</strong></span> <span class='ocrx_word' id='word_1_186' title='bbox 1184 1423 1299 1478; x_wconf 90' lang='lat' dir='ltr'><strong>quod</strong></span> <span class='ocrx_word' id='word_1_187' title='bbox 1332 1422 1520 1463; x_wconf 84' lang='lat' dir='ltr'><strong>Servius.</strong></span> 
     </span>
     <span class='ocr_line' id='line_1_23' title="bbox 79 1479 1521 1536; baseline -0.001 -16"><span class='ocrx_word' id='word_1_188' title='bbox 79 1480 146 1521; x_wconf 70' lang='lat' dir='ltr'><strong>sin</strong></span> <span class='ocrx_word' id='word_1_189' title='bbox 181 1480 329 1531; x_wconf 80' lang='lat' dir='ltr'><strong>aliter3</strong></span> <span class='ocrx_word' id='word_1_190' title='bbox 370 1482 501 1522; x_wconf 85' lang='lat' dir='ltr'><strong>etiam</strong></span> <span class='ocrx_word' id='word_1_191' title='bbox 540 1491 866 1522; x_wconf 84' lang='lat' dir='ltr'><strong>controversum</strong></span> <span class='ocrx_word' id='word_1_192' title='bbox 900 1482 974 1536; x_wconf 85' lang='lat' dir='ltr'><strong>jus</strong></span> <span class='ocrx_word' id='word_1_193' title='bbox 1012 1496 1135 1521; x_wconf 87' lang='lat' dir='ltr'><strong>nosse</strong></span> <span class='ocrx_word' id='word_1_194' title='bbox 1164 1492 1206 1521; x_wconf 83' lang='lat' dir='ltr'><strong>et</strong></span> <span class='ocrx_word' id='word_1_195' title='bbox 1239 1488 1421 1520; x_wconf 81' lang='lat' dir='ltr'><strong>tractare</strong></span> <span class='ocrx_word' id='word_1_196' title='bbox 1457 1479 1521 1519; x_wconf 52' lang='lat' dir='ltr'><strong>via</strong></span> 
     </span>
     <span class='ocr_line' id='line_1_24' title="bbox 77 1536 1581 1594; baseline -0.002 -16"><span class='ocrx_word' id='word_1_197' title='bbox 77 1536 218 1578; x_wconf 84' lang='lat' dir='ltr'><strong>deare.</strong></span> <span class='ocrx_word' id='word_1_198' title='bbox 279 1537 556 1594; x_wconf 83' lang='lat' dir='ltr'><strong>Quapropter</strong></span> <span class='ocrx_word' id='word_1_199' title='bbox 586 1553 672 1579; x_wconf 93' lang='lat' dir='ltr'><strong>non</strong></span> <span class='ocrx_word' id='word_1_200' title='bbox 704 1538 841 1579; x_wconf 84' lang='lat' dir='ltr'><strong>solum</strong></span> <span class='ocrx_word' id='word_1_201' title='bbox 873 1538 943 1579; x_wconf 80' lang='lat' dir='ltr'><strong>illa</strong></span> <span class='ocrx_word' id='word_1_202' title='bbox 975 1537 1111 1594; x_wconf 83' lang='lat' dir='ltr'><strong>gloria</strong></span> <span class='ocrx_word' id='word_1_203' title='bbox 1139 1537 1334 1578; x_wconf 83' lang='lat' dir='ltr'><strong>militaris</strong></span> <span class='ocrx_word' id='word_1_204' title='bbox 1368 1537 1581 1591; x_wconf 63' lang='lat' dir='ltr'><strong>vestrisqg,</strong></span> 
     </span>
     <span class='ocr_line' id='line_1_25' title="bbox 79 1593 1521 1651; baseline -0.001 -17"><span class='ocrx_word' id='word_1_205' title='bbox 79 1593 274 1635; x_wconf 85' lang='lat' dir='ltr'><strong>formulis</strong></span> <span class='ocrx_word' id='word_1_206' title='bbox 315 1605 443 1649; x_wconf 86' lang='lat' dir='ltr'><strong>atque</strong></span> <span class='ocrx_word' id='word_1_207' title='bbox 482 1594 726 1636; x_wconf 83' lang='lat' dir='ltr'><strong>actionibus</strong></span> <span class='ocrx_word' id='word_1_208' title='bbox 769 1595 1070 1651; x_wconf 84' lang='lat' dir='ltr'><strong>anteponenda</strong></span> <span class='ocrx_word' id='word_1_209' title='bbox 1099 1603 1176 1645; x_wconf 86' lang='lat' dir='ltr'><strong>est,</strong></span> <span class='ocrx_word' id='word_1_210' title='bbox 1211 1608 1358 1634; x_wconf 81' lang='lat' dir='ltr'><strong>verum</strong></span> <span class='ocrx_word' id='word_1_211' title='bbox 1390 1594 1521 1634; x_wconf 86' lang='lat' dir='ltr'><strong>etiam</strong></span> 
     </span>
     <span class='ocr_line' id='line_1_26' title="bbox 77 1650 1522 1709; baseline 0 -18"><span class='ocrx_word' id='word_1_212' title='bbox 77 1650 249 1692; x_wconf 89' lang='lat' dir='ltr'><strong>dicendi</strong></span> <span class='ocrx_word' id='word_1_213' title='bbox 278 1652 544 1692; x_wconf 88' lang='lat' dir='ltr'><strong>consuetudo</strong></span> <span class='ocrx_word' id='word_1_214' title='bbox 575 1652 704 1709; x_wconf 82' lang='lat' dir='ltr'><strong>longe</strong></span> <span class='ocrx_word' id='word_1_215' title='bbox 733 1661 777 1693; x_wconf 86' lang='lat' dir='ltr'><strong>et</strong></span> <span class='ocrx_word' id='word_1_216' title='bbox 807 1652 989 1693; x_wconf 78' lang='lat' dir='ltr'><strong>multum</strong></span> <span class='ocrx_word' id='word_1_217' title='bbox 1021 1652 1092 1692; x_wconf 90' lang='lat' dir='ltr'><strong>isti</strong></span> <span class='ocrx_word' id='word_1_218' title='bbox 1122 1659 1274 1693; x_wconf 81' lang='lat' dir='ltr'><strong>vestrae</strong></span> <span class='ocrx_word' id='word_1_219' title='bbox 1311 1651 1522 1692; x_wconf 82' lang='lat' dir='ltr'><strong>exercita-</strong></span> 
     </span>
     <span class='ocr_line' id='line_1_27' title="bbox 80 1707 1524 1764; baseline 0 -16"><span class='ocrx_word' id='word_1_220' title='bbox 80 1708 189 1748; x_wconf 88' lang='lat' dir='ltr'><strong>tioni</strong></span> <span class='ocrx_word' id='word_1_221' title='bbox 211 1708 264 1748; x_wconf 85' lang='lat' dir='ltr'><strong>ad</strong></span> <span class='ocrx_word' id='word_1_222' title='bbox 286 1708 494 1750; x_wconf 88' lang='lat' dir='ltr'><strong>honorem</strong></span> <span class='ocrx_word' id='word_1_223' title='bbox 517 1711 553 1739; x_wconf 83' lang='lat'><strong>5¹</strong></span> <span class='ocrx_word' id='word_1_224' title='bbox 570 1709 810 1751; x_wconf 82' lang='lat' dir='ltr'><strong>antecellet.</strong></span> <span class='ocrx_word' id='word_1_225' title='bbox 872 1709 1024 1764; x_wconf 82' lang='lat' dir='ltr'><strong>Itaque</strong></span> <span class='ocrx_word' id='word_1_226' title='bbox 1046 1708 1152 1749; x_wconf 84' lang='lat' dir='ltr'><strong>mihi</strong></span> <span class='ocrx_word' id='word_1_227' title='bbox 1177 1708 1374 1748; x_wconf 83' lang='lat' dir='ltr'><strong>videntur</strong></span> <span class='ocrx_word' id='word_1_228' title='bbox 1397 1707 1524 1763; x_wconf 89' lang='lat' dir='ltr'><strong>pleri-</strong></span> 
     </span>
     <span class='ocr_line' id='line_1_28' title="bbox 79 1765 1523 1822; baseline -0.001 -17"><span class='ocrx_word' id='word_1_229' title='bbox 79 1779 163 1820; x_wconf 88' lang='lat' dir='ltr'><strong>que</strong></span> <span class='ocrx_word' id='word_1_230' title='bbox 194 1765 318 1806; x_wconf 90' lang='lat' dir='ltr'><strong>initio</strong></span> <span class='ocrx_word' id='word_1_231' title='bbox 349 1766 484 1806; x_wconf 76' lang='lat' dir='ltr'><strong>multo</strong></span> <span class='ocrx_word' id='word_1_232' title='bbox 517 1766 599 1807; x_wconf 87' lang='lat' dir='ltr'><strong>hoc</strong></span> <span class='ocrx_word' id='word_1_233' title='bbox 631 1766 855 1807; x_wconf 82' lang='lat' dir='ltr'><strong>maluisse:</strong></span> <span class='ocrx_word' id='word_1_234' title='bbox 891 1775 1003 1822; x_wconf 82' lang='lat' dir='ltr'><strong>post,</strong></span> <span class='ocrx_word' id='word_1_235' title='bbox 1027 1781 1125 1806; x_wconf 86' lang='lat' dir='ltr'><strong>cum</strong></span> <span class='ocrx_word' id='word_1_236' title='bbox 1156 1765 1199 1806; x_wconf 88' lang='lat' dir='ltr'><strong>id</strong></span> <span class='ocrx_word' id='word_1_237' title='bbox 1235 1765 1402 1819; x_wconf 78' lang='lat' dir='ltr'><strong>assequi</strong></span> <span class='ocrx_word' id='word_1_238' title='bbox 1435 1779 1523 1805; x_wconf 88' lang='lat' dir='ltr'><strong>non</strong></span> 
     </span>
     <span class='ocr_line' id='line_1_29' title="bbox 78 1821 1526 1879; baseline -0.001 -17"><span class='ocrx_word' id='word_1_239' title='bbox 78 1822 335 1877; x_wconf 84' lang='lat' dir='ltr'><strong>potuissent,</strong></span> <span class='ocrx_word' id='word_1_240' title='bbox 373 1823 485 1864; x_wconf 86' lang='lat' dir='ltr'><strong>istuc</strong></span> <span class='ocrx_word' id='word_1_241' title='bbox 529 1824 800 1878; x_wconf 77' lang='lat' dir='ltr'><strong>potissimum</strong></span> <span class='ocrx_word' id='word_1_242' title='bbox 843 1833 942 1864; x_wconf 85' lang='lat' dir='ltr'><strong>sunt</strong></span> <span class='ocrx_word' id='word_1_243' title='bbox 977 1822 1152 1879; x_wconf 82' lang='lat' dir='ltr'><strong>delapsi.</strong></span> <span class='ocrx_word' id='word_1_244' title='bbox 1218 1821 1274 1862; x_wconf 86' lang='lat' dir='ltr'><strong>Ut</strong></span> <span class='ocrx_word' id='word_1_245' title='bbox 1316 1822 1438 1862; x_wconf 81' lang='lat' dir='ltr'><strong>aiunt</strong></span> <span class='ocrx_word' id='word_1_246' title='bbox 1479 1822 1526 1862; x_wconf 87' lang='lat' dir='ltr'><strong>in</strong></span> 
     </span>
     <span class='ocr_line' id='line_1_30' title="bbox 81 1877 1523 1935; baseline -0.001 -15"><span class='ocrx_word' id='word_1_247' title='bbox 81 1877 250 1920; x_wconf 84' lang='lat' dir='ltr'><strong>Graecis</strong></span> <span class='ocrx_word' id='word_1_248' title='bbox 280 1879 533 1931; x_wconf 82' lang='lat' dir='ltr'><strong>artificibus,</strong></span> <span class='ocrx_word' id='word_1_249' title='bbox 555 1895 627 1921; x_wconf 82' lang='lat' dir='ltr'><strong>eos</strong></span> <span class='ocrx_word' id='word_1_250' title='bbox 659 1880 907 1922; x_wconf 73' lang='lat' dir='ltr'><strong>52auloedcs&#39;</strong></span> <span class='ocrx_word' id='word_1_251' title='bbox 937 1895 1042 1931; x_wconf 85' lang='lat' dir='ltr'><strong>esse,</strong></span> <span class='ocrx_word' id='word_1_252' title='bbox 1074 1880 1145 1935; x_wconf 87' lang='lat' dir='ltr'><strong>qui</strong></span> <span class='ocrx_word' id='word_1_253' title='bbox 1176 1879 1406 1920; x_wconf 79' lang='lat' dir='ltr'><strong>citharoedi</strong></span> <span class='ocrx_word' id='word_1_254' title='bbox 1432 1878 1523 1919; x_wconf 83' lang='lat' dir='ltr'><strong>fieri</strong></span> 
     </span>
     <span class='ocr_line' id='line_1_31' title="bbox 79 1935 1525 1993; baseline -0.001 -17"><span class='ocrx_word' id='word_1_255' title='bbox 79 1950 166 1976; x_wconf 89' lang='lat' dir='ltr'><strong>non</strong></span> <span class='ocrx_word' id='word_1_256' title='bbox 189 1937 432 1993; x_wconf 87' lang='lat' dir='ltr'><strong>potuerint:</strong></span> <span class='ocrx_word' id='word_1_257' title='bbox 465 1937 526 1978; x_wconf 88' lang='lat' dir='ltr'><strong>sic</strong></span> <span class='ocrx_word' id='word_1_258' title='bbox 555 1937 781 1979; x_wconf 88' lang='lat' dir='ltr'><strong>nonnullos</strong></span> <span class='ocrx_word' id='word_1_259' title='bbox 805 1938 1013 1988; x_wconf 60' lang='lat' dir='ltr'><strong>videnum,</strong></span> <span class='ocrx_word' id='word_1_260' title='bbox 1038 1937 1110 1992; x_wconf 92' lang='lat' dir='ltr'><strong>qui</strong></span> <span class='ocrx_word' id='word_1_261' title='bbox 1133 1945 1322 1977; x_wconf 83' lang='lat' dir='ltr'><strong>oratores</strong></span> <span class='ocrx_word' id='word_1_262' title='bbox 1345 1935 1525 1976; x_wconf 82' lang='lat' dir='ltr'><strong>evadere</strong></span> 
     </span>
     <span class='ocr_line' id='line_1_32' title="bbox 79 1992 1526 2050; baseline -0.001 -16"><span class='ocrx_word' id='word_1_263' title='bbox 79 2007 168 2034; x_wconf 90' lang='lat' dir='ltr'><strong>non</strong></span> <span class='ocrx_word' id='word_1_264' title='bbox 190 2000 437 2050; x_wconf 86' lang='lat' dir='ltr'><strong>potuerunt,</strong></span> <span class='ocrx_word' id='word_1_265' title='bbox 459 2009 531 2035; x_wconf 88' lang='lat' dir='ltr'><strong>eos</strong></span> <span class='ocrx_word' id='word_1_266' title='bbox 554 1994 606 2036; x_wconf 81' lang='lat' dir='ltr'><strong>ad</strong></span> <span class='ocrx_word' id='word_1_267' title='bbox 622 1995 734 2050; x_wconf 82' lang='lat' dir='ltr'><strong>juris</strong></span> <span class='ocrx_word' id='word_1_268' title='bbox 758 1995 947 2036; x_wconf 78' lang='lat' dir='ltr'><strong>studium</strong></span> <span class='ocrx_word' id='word_1_269' title='bbox 971 1994 1183 2035; x_wconf 79' lang='lat' dir='ltr'><strong>devenire.</strong></span> <span class='ocrx_word' id='word_1_270' title='bbox 1246 1992 1436 2048; x_wconf 78' lang='lat' dir='ltr'><strong>Magnus</strong></span> <span class='ocrx_word' id='word_1_271' title='bbox 1459 1993 1526 2034; x_wconf 87' lang='lat' dir='ltr'><strong>di-</strong></span> 
     </span>
     <span class='ocr_line' id='line_1_33' title="bbox 80 2051 1523 2108; baseline -0.001 -17"><span class='ocrx_word' id='word_1_272' title='bbox 80 2051 205 2092; x_wconf 88' lang='lat' dir='ltr'><strong>cendi</strong></span> <span class='ocrx_word' id='word_1_273' title='bbox 242 2051 378 2103; x_wconf 85' lang='lat' dir='ltr'><strong>labor,</strong></span> <span class='ocrx_word' id='word_1_274' title='bbox 418 2067 578 2108; x_wconf 82' lang='lat' dir='ltr'><strong>magna</strong></span> <span class='ocrx_word' id='word_1_275' title='bbox 617 2067 696 2104; x_wconf 80' lang='lat' dir='ltr'><strong>reS,</strong></span> <span class='ocrx_word' id='word_1_276' title='bbox 738 2067 897 2108; x_wconf 80' lang='lat' dir='ltr'><strong>magna</strong></span> <span class='ocrx_word' id='word_1_277' title='bbox 936 2052 1141 2108; x_wconf 75' lang='lat' dir='ltr'><strong>dignitas,</strong></span> <span class='ocrx_word' id='word_1_278' title='bbox 1174 2065 1341 2091; x_wconf 84' lang='lat' dir='ltr'><strong>summa</strong></span> <span class='ocrx_word' id='word_1_279' title='bbox 1378 2060 1523 2091; x_wconf 84' lang='lat' dir='ltr'><strong>autem</strong></span> 
     </span>
    </p>
   </div>
   <div class='ocr_carea' id='block_1_2' title="bbox 78 2193 779 2318">
    <p class='ocr_par' dir='ltr' id='par_1_2' title="bbox 78 2193 779 2318">
     <span class='ocr_line' id='line_1_34' title="bbox 99 2193 777 2235; baseline 0 -11"><span class='ocrx_word' id='word_1_280' title='bbox 99 2193 162 2224; x_wconf 33' lang='lat'><strong>⁷46</strong></span> <span class='ocrx_word' id='word_1_281' title='bbox 196 2194 282 2223; x_wconf 75' lang='lat' dir='ltr'><strong>diem</strong></span> <span class='ocrx_word' id='word_1_282' title='bbox 309 2194 456 2230; x_wconf 79' lang='lat' dir='ltr'><strong>tertium,</strong></span> <span class='ocrx_word' id='word_1_283' title='bbox 484 2203 529 2224; x_wconf 74' lang='grc' dir='ltr'><strong>(ιη</strong></span> <span class='ocrx_word' id='word_1_284' title='bbox 560 2194 777 2235; x_wconf 77' lang='lat' dir='ltr'><strong>perendinum</strong></span> 
     </span>
     <span class='ocr_line' id='line_1_35' title="bbox 80 2235 775 2275; baseline 0.001 -10"><span class='ocrx_word' id='word_1_285' title='bbox 80 2235 154 2275; x_wconf 63' lang='grc' dir='ltr'><strong>δια]</strong></span> <span class='ocrx_word' id='word_1_286' title='bbox 180 2236 326 2275; x_wconf 80' lang='lat' dir='ltr'><strong>Respicit</strong></span> <span class='ocrx_word' id='word_1_287' title='bbox 350 2236 390 2266; x_wconf 83' lang='lat' dir='ltr'><strong>ad</strong></span> <span class='ocrx_word' id='word_1_288' title='bbox 414 2237 574 2267; x_wconf 66' lang='lat' dir='ltr'><strong>aetorum</strong></span> <span class='ocrx_word' id='word_1_289' title='bbox 599 2237 775 2267; x_wconf 82' lang='lat' dir='ltr'><strong>formulas:</strong></span> 
     </span>
     <span class='ocr_line' id='line_1_36' title="bbox 78 2277 779 2318; baseline 0.003 -11"><span class='ocrx_word' id='word_1_290' title='bbox 78 2278 115 2307; x_wconf 80' lang='lat' dir='ltr'><strong>in</strong></span> <span class='ocrx_word' id='word_1_291' title='bbox 136 2279 221 2308; x_wconf 79' lang='lat' dir='ltr'><strong>diem</strong></span> <span class='ocrx_word' id='word_1_292' title='bbox 240 2278 375 2308; x_wconf 78' lang='lat' dir='ltr'><strong>tertium</strong></span> <span class='ocrx_word' id='word_1_293' title='bbox 393 2288 448 2308; x_wconf 80' lang='lat' dir='ltr'><strong>seu</strong></span> <span class='ocrx_word' id='word_1_294' title='bbox 467 2280 704 2318; x_wconf 73' lang='lat' dir='ltr'><strong>perendinum:</strong></span> <span class='ocrx_word' id='word_1_295' title='bbox 717 2277 779 2318; x_wconf 80' lang='lat' dir='ltr'><strong>ju-</strong></span> 
     </span>
    </p>
   </div>
   <div class='ocr_carea' id='block_1_3' title="bbox 821 2192 1524 2315">
    <p class='ocr_par' dir='ltr' id='par_1_3' title="bbox 821 2192 1524 2315">
     <span class='ocr_line' id='line_1_37' title="bbox 821 2192 1522 2234; baseline -0.004 -11"><span class='ocrx_word' id='word_1_296' title='bbox 821 2204 878 2234; x_wconf 78' lang='lat' dir='ltr'><strong>pra</strong></span> <span class='ocrx_word' id='word_1_297' title='bbox 901 2194 996 2231; x_wconf 82' lang='lat' dir='ltr'><strong>dixit,</strong></span> <span class='ocrx_word' id='word_1_298' title='bbox 1013 2194 1148 2224; x_wconf 75' lang='lat' dir='ltr'><strong>minime</strong></span> <span class='ocrx_word' id='word_1_299' title='bbox 1169 2192 1311 2222; x_wconf 74' lang='lat' dir='ltr'><strong>obscuris</strong></span> <span class='ocrx_word' id='word_1_300' title='bbox 1333 2192 1435 2222; x_wconf 76' lang='lat' dir='ltr'><strong>literis</strong></span> <span class='ocrx_word' id='word_1_301' title='bbox 1450 2201 1522 2221; x_wconf 83' lang='lat' dir='ltr'><strong>eon-</strong></span> 
     </span>
     <span class='ocr_line' id='line_1_38' title="bbox 822 2234 1522 2274; baseline -0.003 -8"><span class='ocrx_word' id='word_1_302' title='bbox 822 2238 955 2266; x_wconf 63' lang='lat' dir='ltr'><strong>(inetur.</strong></span> <span class='ocrx_word' id='word_1_303' title='bbox 1000 2237 1063 2266; x_wconf 84' lang='lat' dir='ltr'><strong>Pro</strong></span> <span class='ocrx_word' id='word_1_304' title='bbox 1080 2236 1201 2266; x_wconf 73' lang='lat' dir='ltr'><strong>addere</strong></span> <span class='ocrx_word' id='word_1_305' title='bbox 1223 2234 1355 2274; x_wconf 81' lang='lat' dir='ltr'><strong>quidam</strong></span> <span class='ocrx_word' id='word_1_306' title='bbox 1379 2234 1452 2264; x_wconf 79' lang='lat' dir='ltr'><strong>libri</strong></span> <span class='ocrx_word' id='word_1_307' title='bbox 1475 2235 1522 2264; x_wconf 77' lang='lat' dir='ltr'><strong>vi-</strong></span> 
     </span>
     <span class='ocr_line' id='line_1_39' title="bbox 821 2275 1524 2315; baseline -0.004 -7"><span class='ocrx_word' id='word_1_308' title='bbox 821 2279 908 2315; x_wconf 77' lang='lat' dir='ltr'><strong>dere,</strong></span> <span class='ocrx_word' id='word_1_309' title='bbox 931 2283 971 2308; x_wconf 84' lang='lat' dir='ltr'><strong>ut</strong></span> <span class='ocrx_word' id='word_1_310' title='bbox 996 2285 1046 2308; x_wconf 81' lang='lat' dir='ltr'><strong>est</strong></span> <span class='ocrx_word' id='word_1_311' title='bbox 1070 2278 1172 2308; x_wconf 82' lang='lat' dir='ltr'><strong>etiam</strong></span> <span class='ocrx_word' id='word_1_312' title='bbox 1198 2277 1232 2306; x_wconf 87' lang='lat' dir='ltr'><strong>in</strong></span> <span class='ocrx_word' id='word_1_313' title='bbox 1255 2277 1318 2306; x_wconf 64' lang='grc' dir='ltr'><strong>ΜΞ.</strong></span> <span class='ocrx_word' id='word_1_314' title='bbox 1340 2276 1404 2305; x_wconf 87' lang='lat' dir='ltr'><strong>Gu.</strong></span> <span class='ocrx_word' id='word_1_315' title='bbox 1428 2275 1483 2306; x_wconf 91' lang='lat' dir='ltr'><strong>sed</strong></span> <span class='ocrx_word' id='word_1_316' title='bbox 1504 2286 1524 2308; x_wconf 72' lang='lat' dir='ltr'><strong>a</strong></span> 
     </span>
    </p>
   </div>
   <div class='ocr_carea' id='block_1_4' title="bbox 77 2321 780 2910">
    <p class='ocr_par' dir='ltr' id='par_1_4' title="bbox 77 2321 778 2520">
     <span class='ocr_line' id='line_1_40' title="bbox 80 2321 778 2361; baseline 0 -11"><span class='ocrx_word' id='word_1_317' title='bbox 80 2321 183 2351; x_wconf 81' lang='lat' dir='ltr'><strong>dicem</strong></span> <span class='ocrx_word' id='word_1_318' title='bbox 205 2321 410 2351; x_wconf 79' lang='lat' dir='ltr'><strong>arbitrumve</strong></span> <span class='ocrx_word' id='word_1_319' title='bbox 429 2326 502 2360; x_wconf 74' lang='lat' dir='ltr'><strong>peto</strong></span> <span class='ocrx_word' id='word_1_320' title='bbox 521 2326 560 2351; x_wconf 79' lang='lat' dir='ltr'><strong>ut</strong></span> <span class='ocrx_word' id='word_1_321' title='bbox 582 2323 655 2352; x_wconf 72' lang='lat' dir='ltr'><strong>cles:</strong></span> <span class='ocrx_word' id='word_1_322' title='bbox 678 2331 778 2361; x_wconf 73' lang='lat' dir='ltr'><strong>quam</strong></span> 
     </span>
     <span class='ocr_line' id='line_1_41' title="bbox 78 2363 776 2404; baseline 0 -11"><span class='ocrx_word' id='word_1_323' title='bbox 78 2373 149 2393; x_wconf 83' lang='lat' dir='ltr'><strong>rem</strong></span> <span class='ocrx_word' id='word_1_324' title='bbox 181 2364 248 2393; x_wconf 74' lang='lat' dir='ltr'><strong>sive</strong></span> <span class='ocrx_word' id='word_1_325' title='bbox 277 2363 365 2392; x_wconf 79' lang='lat' dir='ltr'><strong>litem</strong></span> <span class='ocrx_word' id='word_1_326' title='bbox 394 2363 499 2393; x_wconf 77' lang='lat' dir='ltr'><strong>dicere</strong></span> <span class='ocrx_word' id='word_1_327' title='bbox 527 2368 667 2404; x_wconf 67' lang='lat' dir='ltr'><strong>oportet:</strong></span> <span class='ocrx_word' id='word_1_328' title='bbox 703 2373 776 2402; x_wconf 86' lang='lat' dir='ltr'><strong>quae</strong></span> 
     </span>
     <span class='ocr_line' id='line_1_42' title="bbox 78 2405 775 2446; baseline 0 -11"><span class='ocrx_word' id='word_1_329' title='bbox 78 2405 166 2445; x_wconf 78' lang='lat' dir='ltr'><strong>apud</strong></span> <span class='ocrx_word' id='word_1_330' title='bbox 188 2405 391 2436; x_wconf 86' lang='lat' dir='ltr'><strong>Brissonium</strong></span> <span class='ocrx_word' id='word_1_331' title='bbox 417 2410 508 2442; x_wconf 80' lang='lat' dir='ltr'><strong>sunt,</strong></span> <span class='ocrx_word' id='word_1_332' title='bbox 531 2413 565 2436; x_wconf 86' lang='lat' dir='ltr'><strong>et</strong></span> <span class='ocrx_word' id='word_1_333' title='bbox 589 2406 674 2446; x_wconf 84' lang='lat' dir='ltr'><strong>apud</strong></span> <span class='ocrx_word' id='word_1_334' title='bbox 698 2406 775 2436; x_wconf 87' lang='lat' dir='ltr'><strong>Pro-</strong></span> 
     </span>
     <span class='ocr_line' id='line_1_43' title="bbox 77 2447 777 2486; baseline 0 -9"><span class='ocrx_word' id='word_1_335' title='bbox 77 2447 158 2478; x_wconf 90' lang='lat' dir='ltr'><strong>bum</strong></span> <span class='ocrx_word' id='word_1_336' title='bbox 185 2448 388 2486; x_wconf 80' lang='lat' dir='ltr'><strong>singularum</strong></span> <span class='ocrx_word' id='word_1_337' title='bbox 416 2447 588 2480; x_wconf 86' lang='lat' dir='ltr'><strong>literarum</strong></span> <span class='ocrx_word' id='word_1_338' title='bbox 615 2448 701 2479; x_wconf 81' lang='lat' dir='ltr'><strong>notis</strong></span> <span class='ocrx_word' id='word_1_339' title='bbox 727 2448 777 2478; x_wconf 87' lang='lat' dir='ltr'><strong>in-</strong></span> 
     </span>
     <span class='ocr_line' id='line_1_44' title="bbox 77 2488 206 2520; baseline -0.008 0"><span class='ocrx_word' id='word_1_340' title='bbox 77 2488 206 2520; x_wconf 81' lang='lat' dir='ltr'><strong>dieatae.</strong></span> 
     </span>
    </p>

    <p class='ocr_par' dir='ltr' id='par_1_5' title="bbox 77 2530 778 2688">
     <span class='ocr_line' id='line_1_45' title="bbox 118 2530 777 2572; baseline 0 -10"><span class='ocrx_word' id='word_1_341' title='bbox 118 2535 160 2565; x_wconf 83' lang='lat'><strong>47</strong></span> <span class='ocrx_word' id='word_1_342' title='bbox 174 2530 254 2572; x_wconf 83' lang='lat' dir='ltr'><strong>jam</strong></span> <span class='ocrx_word' id='word_1_343' title='bbox 262 2533 464 2572; x_wconf 70' lang='lat' dir='ltr'><strong>perdidistis]</strong></span> <span class='ocrx_word' id='word_1_344' title='bbox 484 2532 612 2563; x_wconf 79' lang='lat' dir='ltr'><strong>Iudicat</strong></span> <span class='ocrx_word' id='word_1_345' title='bbox 627 2542 693 2562; x_wconf 91' lang='lat' dir='ltr'><strong>non</strong></span> <span class='ocrx_word' id='word_1_346' title='bbox 709 2542 777 2562; x_wconf 83' lang='lat' dir='ltr'><strong>arn-</strong></span> 
     </span>
     <span class='ocr_line' id='line_1_46' title="bbox 77 2572 777 2614; baseline 0 -11"><span class='ocrx_word' id='word_1_347' title='bbox 77 2572 164 2614; x_wconf 74' lang='lat' dir='ltr'><strong>plius</strong></span> <span class='ocrx_word' id='word_1_348' title='bbox 193 2579 267 2604; x_wconf 86' lang='lat' dir='ltr'><strong>tum</strong></span> <span class='ocrx_word' id='word_1_349' title='bbox 294 2576 392 2605; x_wconf 86' lang='lat' dir='ltr'><strong>moris</strong></span> <span class='ocrx_word' id='word_1_350' title='bbox 419 2576 529 2611; x_wconf 82' lang='lat' dir='ltr'><strong>fuisse,</strong></span> <span class='ocrx_word' id='word_1_351' title='bbox 558 2576 593 2604; x_wconf 86' lang='lat' dir='ltr'><strong>iu</strong></span> <span class='ocrx_word' id='word_1_352' title='bbox 622 2574 777 2605; x_wconf 82' lang='lat' dir='ltr'><strong>adeundis</strong></span> 
     </span>
     <span class='ocr_line' id='line_1_47' title="bbox 77 2616 778 2648; baseline 0 -2"><span class='ocrx_word' id='word_1_353' title='bbox 77 2616 173 2647; x_wconf 69' lang='lat' dir='ltr'><strong>dctis</strong></span> <span class='ocrx_word' id='word_1_354' title='bbox 192 2621 227 2646; x_wconf 88' lang='lat' dir='ltr'><strong>et</strong></span> <span class='ocrx_word' id='word_1_355' title='bbox 247 2617 453 2647; x_wconf 79' lang='lat' dir='ltr'><strong>consulendis</strong></span> <span class='ocrx_word' id='word_1_356' title='bbox 478 2617 540 2648; x_wconf 82' lang='lat' dir='ltr'><strong>hoe</strong></span> <span class='ocrx_word' id='word_1_357' title='bbox 561 2617 778 2648; x_wconf 76' lang='lat' dir='ltr'><strong>humanitatis</strong></span> 
     </span>
     <span class='ocr_line' id='line_1_48' title="bbox 79 2658 322 2688; baseline 0 0"><span class='ocrx_word' id='word_1_358' title='bbox 79 2667 195 2688; x_wconf 79' lang='lat' dir='ltr'><strong>caussa</strong></span> <span class='ocrx_word' id='word_1_359' title='bbox 206 2658 322 2688; x_wconf 84' lang='lat' dir='ltr'><strong>dicere.</strong></span> 
     </span>
    </p>

    <p class='ocr_par' dir='ltr' id='par_1_6' title="bbox 79 2701 780 2866">
     <span class='ocr_line' id='line_1_49' title="bbox 118 2701 779 2742; baseline -0.002 -11"><span class='ocrx_word' id='word_1_360' title='bbox 118 2703 159 2731; x_wconf 81' lang='lat'><strong>48</strong></span> <span class='ocrx_word' id='word_1_361' title='bbox 182 2711 247 2730; x_wconf 78' lang='lat' dir='ltr'><strong>esse</strong></span> <span class='ocrx_word' id='word_1_362' title='bbox 271 2701 457 2742; x_wconf 74' lang='lat' dir='ltr'><strong>prrfitebor]</strong></span> <span class='ocrx_word' id='word_1_363' title='bbox 495 2701 682 2732; x_wconf 73' lang='lat' dir='ltr'><strong>Delendum</strong></span> <span class='ocrx_word' id='word_1_364' title='bbox 715 2709 779 2730; x_wconf 77' lang='lat' dir='ltr'><strong>esse</strong></span> 
     </span>
     <span class='ocr_line' id='line_1_50' title="bbox 79 2742 780 2784; baseline 0 -12"><span class='ocrx_word' id='word_1_365' title='bbox 79 2748 175 2782; x_wconf 88' lang='lat' dir='ltr'><strong>puto,</strong></span> <span class='ocrx_word' id='word_1_366' title='bbox 197 2747 234 2772; x_wconf 89' lang='lat' dir='ltr'><strong>ut</strong></span> <span class='ocrx_word' id='word_1_367' title='bbox 250 2742 307 2774; x_wconf 88' lang='lat' dir='ltr'><strong>Or.</strong></span> <span class='ocrx_word' id='word_1_368' title='bbox 331 2747 362 2778; x_wconf 93' lang='lat'><strong>9.</strong></span> <span class='ocrx_word' id='word_1_369' title='bbox 406 2744 493 2775; x_wconf 85' lang='lat' dir='ltr'><strong>Nam</strong></span> <span class='ocrx_word' id='word_1_370' title='bbox 517 2744 710 2784; x_wconf 63' lang='lat' dir='ltr'><strong>simpiicitcr</strong></span> <span class='ocrx_word' id='word_1_371' title='bbox 731 2742 780 2773; x_wconf 87' lang='lat' dir='ltr'><strong>di-</strong></span> 
     </span>
     <span class='ocr_line' id='line_1_51' title="bbox 80 2784 779 2827; baseline 0.001 -13"><span class='ocrx_word' id='word_1_372' title='bbox 80 2784 178 2821; x_wconf 86' lang='lat' dir='ltr'><strong>citur,</strong></span> <span class='ocrx_word' id='word_1_373' title='bbox 193 2794 227 2814; x_wconf 86' lang='lat' dir='ltr'><strong>se</strong></span> <span class='ocrx_word' id='word_1_374' title='bbox 242 2786 388 2824; x_wconf 83' lang='lat' dir='ltr'><strong>profiteri</strong></span> <span class='ocrx_word' id='word_1_375' title='bbox 405 2786 648 2827; x_wconf 74' lang='lat' dir='ltr'><strong>philosophum,</strong></span> <span class='ocrx_word' id='word_1_376' title='bbox 663 2785 779 2815; x_wconf 86' lang='lat' dir='ltr'><strong>Gram-</strong></span> 
     </span>
     <span class='ocr_line' id='line_1_52' title="bbox 79 2827 612 2866; baseline 0.004 -10"><span class='ocrx_word' id='word_1_377' title='bbox 79 2827 237 2858; x_wconf 81' lang='lat' dir='ltr'><strong>maticum</strong></span> <span class='ocrx_word' id='word_1_378' title='bbox 257 2827 314 2858; x_wconf 74' lang='grc' dir='ltr'><strong>διο.</strong></span> <span class='ocrx_word' id='word_1_379' title='bbox 330 2833 367 2857; x_wconf 90' lang='lat' dir='ltr'><strong>ut</strong></span> <span class='ocrx_word' id='word_1_380' title='bbox 381 2828 478 2859; x_wconf 82' lang='lat' dir='ltr'><strong>Tusc.</strong></span> <span class='ocrx_word' id='word_1_381' title='bbox 497 2827 543 2866; x_wconf 87' lang='lat'><strong>11,</strong></span> <span class='ocrx_word' id='word_1_382' title='bbox 564 2830 612 2862; x_wconf 71' lang='lat'><strong>12.</strong></span> 
     </span>
    </p>

    <p class='ocr_par' dir='ltr' id='par_1_7' title="bbox 119 2870 780 2910">
     <span class='ocr_line' id='line_1_53' title="bbox 119 2870 780 2910; baseline 0.005 -12"><span class='ocrx_word' id='word_1_383' title='bbox 119 2870 162 2902; x_wconf 82' lang='grc'><strong>49</strong></span> <span class='ocrx_word' id='word_1_384' title='bbox 185 2873 256 2899; x_wconf 78' lang='lat' dir='ltr'><strong>tam</strong></span> <span class='ocrx_word' id='word_1_385' title='bbox 279 2871 434 2910; x_wconf 67' lang='lat' dir='ltr'><strong>anguste]</strong></span> <span class='ocrx_word' id='word_1_386' title='bbox 454 2871 521 2902; x_wconf 69' lang='lat' dir='ltr'><strong>Est</strong></span> <span class='ocrx_word' id='word_1_387' title='bbox 545 2871 697 2902; x_wconf 83' lang='lat' dir='ltr'><strong>obscure:</strong></span> <span class='ocrx_word' id='word_1_388' title='bbox 727 2879 780 2899; x_wconf 87' lang='lat' dir='ltr'><strong>su-</strong></span> 
     </span>
    </p>
   </div>
   <div class='ocr_carea' id='block_1_5' title="bbox 138 2923 329 2954">
    <p class='ocr_par' dir='ltr' id='par_1_8' title="bbox 138 2923 329 2954">
     <span class='ocr_line' id='line_1_54' title="bbox 138 2923 329 2954; baseline 0.005 -3"><span class='ocrx_word' id='word_1_389' title='bbox 138 2923 249 2952; x_wconf 74' lang='lat' dir='ltr'><strong>VOL·</strong></span> <span class='ocrx_word' id='word_1_390' title='bbox 275 2925 329 2954; x_wconf 83' lang='lat'><strong>11.</strong></span> 
     </span>
    </p>
   </div>
   <div class='ocr_carea' id='block_1_6' title="bbox 819 2320 1523 2731">
    <p class='ocr_par' dir='ltr' id='par_1_9' title="bbox 821 2320 1091 2351">
     <span class='ocr_line' id='line_1_55' title="bbox 821 2320 1091 2351; baseline 0 -1"><span class='ocrx_word' id='word_1_391' title='bbox 821 2331 923 2351; x_wconf 82' lang='lat' dir='ltr'><strong>manu</strong></span> <span class='ocrx_word' id='word_1_392' title='bbox 939 2320 1091 2350; x_wconf 71' lang='lat' dir='ltr'><strong>secunda.</strong></span> 
     </span>
    </p>

    <p class='ocr_par' dir='ltr' id='par_1_10' title="bbox 819 2359 1522 2477">
     <span class='ocr_line' id='line_1_56' title="bbox 862 2359 1522 2402; baseline -0.005 -9"><span class='ocrx_word' id='word_1_393' title='bbox 862 2366 902 2394; x_wconf 88' lang='lat'><strong>50</strong></span> <span class='ocrx_word' id='word_1_394' title='bbox 923 2373 989 2402; x_wconf 78' lang='grc' dir='ltr'><strong>(μια</strong></span> <span class='ocrx_word' id='word_1_395' title='bbox 1011 2363 1050 2392; x_wconf 76' lang='lat' dir='ltr'><strong>de</strong></span> <span class='ocrx_word' id='word_1_396' title='bbox 1071 2373 1108 2392; x_wconf 80' lang='lat' dir='ltr'><strong>re</strong></span> <span class='ocrx_word' id='word_1_397' title='bbox 1128 2359 1258 2399; x_wconf 73' lang='lat' dir='ltr'><strong>agitur]</strong></span> <span class='ocrx_word' id='word_1_398' title='bbox 1282 2360 1303 2389; x_wconf 92' lang='lat' dir='ltr'><strong>i.</strong></span> <span class='ocrx_word' id='word_1_399' title='bbox 1325 2370 1352 2390; x_wconf 92' lang='lat' dir='ltr'><strong>e.</strong></span> <span class='ocrx_word' id='word_1_400' title='bbox 1376 2368 1522 2397; x_wconf 75' lang='lat' dir='ltr'><strong>causam,</strong></span> 
     </span>
     <span class='ocr_line' id='line_1_57' title="bbox 819 2401 1521 2444; baseline -0.003 -9"><span class='ocrx_word' id='word_1_401' title='bbox 819 2414 891 2444; x_wconf 77' lang='lat' dir='ltr'><strong>quae</strong></span> <span class='ocrx_word' id='word_1_402' title='bbox 915 2405 1102 2435; x_wconf 81' lang='lat' dir='ltr'><strong>nominibus</strong></span> <span class='ocrx_word' id='word_1_403' title='bbox 1119 2412 1343 2444; x_wconf 78' lang='lat' dir='ltr'><strong>personarum,</strong></span> <span class='ocrx_word' id='word_1_404' title='bbox 1359 2401 1521 2439; x_wconf 87' lang='lat' dir='ltr'><strong>locorum,</strong></span> 
     </span>
     <span class='ocr_line' id='line_1_58' title="bbox 820 2447 1217 2477; baseline -0.005 0"><span class='ocrx_word' id='word_1_405' title='bbox 820 2457 928 2477; x_wconf 84' lang='lat' dir='ltr'><strong>rerum</strong></span> <span class='ocrx_word' id='word_1_406' title='bbox 943 2449 1001 2477; x_wconf 68' lang='grc' dir='ltr'><strong>δερ.</strong></span> <span class='ocrx_word' id='word_1_407' title='bbox 1016 2447 1217 2477; x_wconf 78' lang='lat' dir='ltr'><strong>continetur.</strong></span> 
     </span>
    </p>

    <p class='ocr_par' dir='ltr' id='par_1_11' title="bbox 820 2486 1523 2646">
     <span class='ocr_line' id='line_1_59' title="bbox 863 2486 1523 2528; baseline -0.005 -9"><span class='ocrx_word' id='word_1_408' title='bbox 863 2492 897 2519; x_wconf 82' lang='lat'><strong>51</strong></span> <span class='ocrx_word' id='word_1_409' title='bbox 938 2489 1120 2528; x_wconf 73' lang='lat' dir='ltr'><strong>antecellet]</strong></span> <span class='ocrx_word' id='word_1_410' title='bbox 1163 2487 1343 2518; x_wconf 74' lang='lat' dir='ltr'><strong>Lambinus</strong></span> <span class='ocrx_word' id='word_1_411' title='bbox 1381 2486 1523 2516; x_wconf 77' lang='lat' dir='ltr'><strong>correxit</strong></span> 
     </span>
     <span class='ocr_line' id='line_1_60' title="bbox 820 2528 1522 2570; baseline -0.003 -10"><span class='ocrx_word' id='word_1_412' title='bbox 820 2533 998 2569; x_wconf 61' lang='lat' dir='ltr'><strong>antecellet,</strong></span> <span class='ocrx_word' id='word_1_413' title='bbox 1021 2531 1097 2570; x_wconf 78' lang='lat' dir='ltr'><strong>quia</strong></span> <span class='ocrx_word' id='word_1_414' title='bbox 1119 2530 1274 2570; x_wconf 72' lang='lat' dir='ltr'><strong>proeeedit</strong></span> <span class='ocrx_word' id='word_1_415' title='bbox 1297 2528 1522 2568; x_wconf 73' lang='lat' dir='ltr'><strong>anteponenda</strong></span> 
     </span>
     <span class='ocr_line' id='line_1_61' title="bbox 821 2571 1522 2611; baseline -0.004 -8"><span class='ocrx_word' id='word_1_416' title='bbox 821 2579 885 2604; x_wconf 62' lang='lat' dir='ltr'><strong>est.-</strong></span> <span class='ocrx_word' id='word_1_417' title='bbox 908 2574 963 2605; x_wconf 89' lang='lat' dir='ltr'><strong>sed</strong></span> <span class='ocrx_word' id='word_1_418' title='bbox 986 2578 1021 2605; x_wconf 82' lang='lat' dir='ltr'><strong>et</strong></span> <span class='ocrx_word' id='word_1_419' title='bbox 1043 2574 1194 2604; x_wconf 79' lang='lat' dir='ltr'><strong>futurum</strong></span> <span class='ocrx_word' id='word_1_420' title='bbox 1218 2572 1250 2602; x_wconf 81' lang='lat' dir='ltr'><strong>h.</strong></span> <span class='ocrx_word' id='word_1_421' title='bbox 1275 2571 1298 2601; x_wconf 87' lang='lat'><strong>1.</strong></span> <span class='ocrx_word' id='word_1_422' title='bbox 1326 2571 1404 2602; x_wconf 83' lang='lat' dir='ltr'><strong>ferri</strong></span> <span class='ocrx_word' id='word_1_423' title='bbox 1429 2580 1522 2611; x_wconf 77' lang='lat' dir='ltr'><strong>posse</strong></span> 
     </span>
     <span class='ocr_line' id='line_1_62' title="bbox 822 2616 960 2646; baseline 0 0"><span class='ocrx_word' id='word_1_424' title='bbox 822 2616 960 2646; x_wconf 78' lang='lat' dir='ltr'><strong>videtur.</strong></span> 
     </span>
    </p>

    <p class='ocr_par' dir='ltr' id='par_1_12' title="bbox 821 2654 1523 2731">
     <span class='ocr_line' id='line_1_63' title="bbox 864 2654 1520 2697; baseline -0.006 -8"><span class='ocrx_word' id='word_1_425' title='bbox 864 2660 904 2689; x_wconf 69' lang='lat'><strong>52</strong></span> <span class='ocrx_word' id='word_1_426' title='bbox 927 2658 1068 2688; x_wconf 72' lang='lat' dir='ltr'><strong>auloedos</strong></span> <span class='ocrx_word' id='word_1_427' title='bbox 1089 2657 1165 2697; x_wconf 78' lang='lat' dir='ltr'><strong>esse]</strong></span> <span class='ocrx_word' id='word_1_428' title='bbox 1193 2657 1245 2686; x_wconf 86' lang='lat' dir='ltr'><strong>Sic</strong></span> <span class='ocrx_word' id='word_1_429' title='bbox 1266 2654 1339 2687; x_wconf 80' lang='lat' dir='ltr'><strong>edd.</strong></span> <span class='ocrx_word' id='word_1_430' title='bbox 1364 2665 1412 2696; x_wconf 85' lang='lat' dir='ltr'><strong>pr.</strong></span> <span class='ocrx_word' id='word_1_431' title='bbox 1440 2655 1520 2686; x_wconf 86' lang='lat' dir='ltr'><strong>Mss.</strong></span> 
     </span>
     <span class='ocr_line' id='line_1_64' title="bbox 821 2698 1523 2731; baseline -0.004 0"><span class='ocrx_word' id='word_1_432' title='bbox 821 2700 997 2731; x_wconf 78' lang='lat' dir='ltr'><strong>Victorius.</strong></span> <span class='ocrx_word' id='word_1_433' title='bbox 1021 2700 1056 2730; x_wconf 90' lang='lat' dir='ltr'><strong>P.</strong></span> <span class='ocrx_word' id='word_1_434' title='bbox 1081 2699 1210 2730; x_wconf 84' lang='lat' dir='ltr'><strong>Manut.</strong></span> <span class='ocrx_word' id='word_1_435' title='bbox 1233 2701 1327 2729; x_wconf 76' lang='lat'><strong>1540.</strong></span> <span class='ocrx_word' id='word_1_436' title='bbox 1350 2698 1439 2728; x_wconf 84' lang='lat' dir='ltr'><strong>dedit</strong></span> <span class='ocrx_word' id='word_1_437' title='bbox 1461 2707 1523 2728; x_wconf 83' lang='lat' dir='ltr'><strong>au-</strong></span> 
     </span>
    </p>
   </div>
   <div class='ocr_carea' id='block_1_7' title="bbox 814 2739 1524 2784">
    <p class='ocr_par' dir='ltr' id='par_1_13' title="bbox 814 2739 1524 2784">
     <span class='ocr_line' id='line_1_65' title="bbox 814 2739 1524 2784; baseline -0.004 -11"><span class='ocrx_word' id='word_1_438' title='bbox 814 2744 917 2780; x_wconf 56' lang='lat' dir='ltr'><strong>Yetas,</strong></span> <span class='ocrx_word' id='word_1_439' title='bbox 949 2743 1032 2784; x_wconf 83' lang='lat' dir='ltr'><strong>(non</strong></span> <span class='ocrx_word' id='word_1_440' title='bbox 1067 2742 1265 2782; x_wconf 79' lang='lat' dir='ltr'><strong>Naugerius,</strong></span> <span class='ocrx_word' id='word_1_441' title='bbox 1293 2741 1315 2771; x_wconf 87' lang='lat' dir='ltr'><strong>i.</strong></span> <span class='ocrx_word' id='word_1_442' title='bbox 1337 2751 1374 2771; x_wconf 78' lang='lat' dir='ltr'><strong>e.</strong></span> <span class='ocrx_word' id='word_1_443' title='bbox 1403 2739 1524 2771; x_wconf 68' lang='lat' dir='ltr'><strong>Aldina</strong></span> 
     </span>
    </p>
   </div>
   <div class='ocr_carea' id='block_1_8' title="bbox 816 2782 1522 2868">
    <p class='ocr_par' dir='ltr' id='par_1_14' title="bbox 816 2782 1522 2868">
     <span class='ocr_line' id='line_1_66' title="bbox 822 2782 1522 2825; baseline -0.006 -10"><span class='ocrx_word' id='word_1_444' title='bbox 822 2786 941 2825; x_wconf 80' lang='lat' dir='ltr'><strong>prima,</strong></span> <span class='ocrx_word' id='word_1_445' title='bbox 966 2789 1004 2815; x_wconf 85' lang='lat' dir='ltr'><strong>ut</strong></span> <span class='ocrx_word' id='word_1_446' title='bbox 1027 2784 1232 2815; x_wconf 78' lang='lat' dir='ltr'><strong>Camerarius</strong></span> <span class='ocrx_word' id='word_1_447' title='bbox 1255 2782 1331 2823; x_wconf 83' lang='lat' dir='ltr'><strong>ait,)</strong></span> <span class='ocrx_word' id='word_1_448' title='bbox 1357 2787 1391 2814; x_wconf 81' lang='lat' dir='ltr'><strong>et</strong></span> <span class='ocrx_word' id='word_1_449' title='bbox 1420 2782 1522 2812; x_wconf 75' lang='lat' dir='ltr'><strong>Aldus</strong></span> 
     </span>
     <span class='ocr_line' id='line_1_67' title="bbox 816 2824 1424 2868; baseline -0.007 -10"><span class='ocrx_word' id='word_1_450' title='bbox 816 2829 891 2867; x_wconf 89' lang='lat' dir='ltr'><strong>jun.</strong></span> <span class='ocrx_word' id='word_1_451' title='bbox 916 2827 1097 2866; x_wconf 72' lang='lat' dir='ltr'><strong>Vulgatum</strong></span> <span class='ocrx_word' id='word_1_452' title='bbox 1113 2826 1216 2868; x_wconf 76' lang='lat' dir='ltr'><strong>magis</strong></span> <span class='ocrx_word' id='word_1_453' title='bbox 1229 2826 1339 2867; x_wconf 80' lang='lat' dir='ltr'><strong>placet</strong></span> <span class='ocrx_word' id='word_1_454' title='bbox 1353 2825 1386 2855; x_wconf 83' lang='lat' dir='ltr'><strong>h.</strong></span> <span class='ocrx_word' id='word_1_455' title='bbox 1401 2824 1424 2855; x_wconf 87' lang='lat' dir='ltr'><strong>l.</strong></span> 
     </span>
    </p>
   </div>
   <div class='ocr_carea' id='block_1_9' title="bbox 754 2925 824 2953">
    <p class='ocr_par' dir='ltr' id='par_1_15' title="bbox 754 2925 824 2953">
     <span class='ocr_line' id='line_1_68' title="bbox 754 2925 824 2953; baseline 0 0"><span class='ocrx_word' id='word_1_456' title='bbox 754 2925 824 2953; x_wconf 73' lang='lat'><strong>23</strong></span> 
     </span>
    </p>
   </div>
  </div>
 </body>
</html>
