1907 3231
550 100 676 141 ACT.
705 101 757 140 ΙΙ.
789 99 978 138 LIBER
1010 96 1252 136 PRIMUS.
1554 101 1623 135 161

182 201 311 261 pulus
329 202 558 248 ¹Romanus
580 220 668 246 non
688 219 819 246 manu
845 203 1120 252 vindicasset,
1141 201 1224 241 nisi
1248 209 1290 241 te
1319 199 1420 241 huic
1444 202 1627 257 tempori

182 272 314 318 atque
336 263 437 305 huic
453 263 624 318 judicio
648 264 936 303 reservasset?
968 260 1255 313 Posteaquam
1281 257 1354 313 jus
1375 259 1626 313 praetorium

181 321 468 361 constitutum
492 329 571 371 est,
595 334 763 376 semper
793 319 877 360 hoc
900 318 1002 373 jure
1032 317 1097 358 usi
1121 329 1290 357 sumus:
1311 315 1359 354 'si
1381 314 1540 355 tabulae
1563 325 1624 355 te—

182 378 384 419 stamenti
417 392 504 419 non
542 377 850 433 proferrentur,
886 386 993 426 tum,
1032 374 1094 415 uti
1125 372 1373 429 proximum
1412 385 1624 426 quemque

179 434 451 489 potissimum
484 436 525 466 20
538 434 739 475 heredem
771 448 863 474 esse
893 440 1128 490 oporteret,
1163 430 1225 470 ita
1259 428 1494 470 secundum
1526 443 1625 469 eum

180 492 394 546 possessio
425 492 610 533 daretur.
673 492 820 538 Quare
853 490 937 532 hoc
973 489 1028 530 sit
1061 487 1369 543 aequissimum,
1403 484 1529 526 facile
1561 496 1626 526 est

181 547 359 591 docere:
392 549 464 591 sed
496 550 540 589 in
575 563 620 590 re
658 558 746 590 tam
778 549 950 599 usitata,
986 547 1087 587 satis
1115 554 1179 586 est
1208 543 1446 593 ostendere,
1476 557 1624 583 omnes

179 606 395 661 anteajus
417 607 478 647 ita
499 607 676 657 dixisse,
698 616 742 647 et
768 606 852 648 hoc
877 614 997 647 vetus
1020 604 1210 645 edictum
1232 599 1624 655 translatitiumque

174 675 282 703 esse.

237 719 504 776 Cognoscite
533 720 649 762 aliud
674 719 862 761 hominis
892 720 935 760 in
970 732 1014 759 re
1045 726 1188 758 vetere
1217 716 1406 757 edictum
1435 719 1702 768 novum345

180 785 224 816 et
247 777 387 829 simul,
411 778 513 819 dum
537 788 601 819 est
633 778 745 818 unde
769 777 844 833 jus
875 775 1002 817 civile
1032 775 1236 825 discatur,
1259 773 1549 814 adolescentes
1579 773 1705 826 ei115

183 834 228 874 in
255 834 527 890 disciplinam
559 836 729 876 tradite.
759 835 916 874 mirum
938 840 1002 873 est
1030 831 1219 873 hominis
1251 830 1488 886 ingenium,
1511 830 1620 871 inira

177 892 422 946 prudentia.
483 892 706 934 Minucius
729 892 905 946 quidam
925 898 1119 931 mortuus
1141 898 1206 929 est
1227 897 1327 929 ante
1357 887 1488 927 istum
1510 902 1621 944 prae-

178 957 331 991 torem.
370 949 462 1005 ejus
502 958 808 991 testamentum
843 957 934 989 erat
968 946 1147 988 nullum.
1190 946 1285 1001 lege
1316 944 1531 985 hereditas
1566 945 1619 985 ad

176 1016 352 1061 gentem
392 1007 636 1048 Minuciam
675 1007 890 1047 veniebat.
952 1006 997 1046 Si
1031 1004 1252 1045 habuisset
1293 1003 1373 1043 iste
1411 1002 1617 1051 edictum,

180 1064 297 1118 quod
320 1073 418 1105 ante
441 1065 570 1105 istum
593 1074 637 1106 et
658 1074 808 1120 postea
835 1078 982 1104 omnes
1013 1062 1271 1111 habuerunt,
1294 1059 1505 1116 possessio
1529 1058 1619 1100 Mi-

176 1121 319 1162 nuciae
342 1123 462 1178 genti
484 1130 596 1163 esset
617 1122 729 1162 data.
770 1122 815 1162 Si
838 1121 932 1176 quis
956 1128 1217 1161 testamento
1240 1132 1283 1158 se
1305 1117 1505 1158 heredem
1527 1131 1618 1157 esse

177 1178 470 1231 arbitraretur,
492 1179 608 1236 quod
635 1189 725 1219 tum
748 1193 834 1219 non
865 1185 1068 1228 exstaret,
1090 1176 1184 1231 lege
1209 1184 1354 1231 ageret
1376 1175 1419 1215 in
1450 1174 1618 1215 heredi-

177 1244 332 1278 tatem:
356 1245 444 1287 aut,
459 1252 536 1293 pro
557 1236 701 1292 praede
720 1236 806 1276 litis
827 1235 1111 1276 vindiciarum
1130 1247 1229 1274 cum
1247 1232 1347 1272 satis
1366 1232 1617 1288 accepisset,

175 1294 453 1348 sponsionem
489 1293 671 1335 faceret:
714 1293 828 1334 521ita
868 1293 920 1333 de
964 1291 1200 1332 hereditate
1243 1298 1438 1331 certaret.
1500 1288 1616 1340 Hoc,

175 1351 344 1406 opinor,
367 1351 469 1407 jure
498 1361 542 1393 et
570 1350 756 1406 majores
794 1350 945 1401 nostri,
976 1358 1020 1389 et
1050 1363 1127 1389 nos
1160 1361 1326 1403 semper
1356 1347 1421 1387 usi
1453 1361 1614 1387 sumus.

174 1407 345 1460 Videte,
367 1418 415 1449 ut
436 1408 520 1450 hoc
544 1408 624 1449 iste
654 1408 906 1449 correxerit.
965 1405 1205 1462 Componit
1233 1405 1424 1445 edictum
1446 1404 1497 1444 iis
1522 1418 1612 1444 ver·
1629 1406 1701 1441 116

175 1464 257 1516 bis,
282 1475 330 1506 ut
359 1466 500 1521 quivis
530 1465 769 1522 intelligere
800 1465 950 1522 possit,
977 1464 1102 1504 unius
1132 1462 1320 1504 hominis
1353 1476 1479 1502 causa
1510 1476 1615 1502 con-

173 1523 383 1579 scriptum
414 1538 518 1565 esse.
559 1533 728 1564 tantum
759 1523 875 1578 quod
904 1522 1126 1563 hominem
1153 1535 1241 1561 non
1272 1520 1482 1569 nominat,
1512 1534 1614 1560 cau-

173 1594 265 1622 sam
286 1581 461 1637 quidem
490 1590 627 1622 totam
650 1581 901 1637 perscribit:
927 1580 1016 1635 jus,
1039 1577 1409 1628 consuetudinem,
1433 1577 1614 1631 aequita-

174 1646 276 1690 tem,
298 1639 441 1680 edicta
461 1639 655 1680 omnium
676 1638 875 1694 negligit.
909 1651 973 1678 Ex
1010 1649 1193 1678 EDICTO
1231 1648 1452 1676 URBANO.
1479 1648 1520 1675 SI
1549 1647 1612 1675 DE

173 1708 499 1738 HEREDITATE
522 1709 825 1747 AMBIGITUR,
847 1697 888 1728 22
904 1709 946 1736 s1
970 1706 1262 1744 POSSESSOR,
1284 1705 1611 1733 SPONSIONEM
1626 1703 1655 1732 P·
1676 1695 1744 1723 100·

176 1765 281 1795 NoN
320 1768 514 1796 FACIET.
549 1754 653 1809 quid
692 1754 735 1795 id
769 1754 823 1795 ad
860 1761 1106 1808 praetorem,
1144 1760 1239 1792 uter
1277 1764 1495 1805 possessor
1534 1745 1656 1791 sista·

172 1824 317 1853 nonne
342 1812 385 1853 id
407 1812 542 1867 quaeri
573 1820 759 1867 oportet,
781 1821 926 1852 utrum
957 1823 1244 1866 possessorem
1274 1822 1365 1848 esse
1388 1809 1614 1862 oporteat?

175 1866 294 1925 Ergo
343 1869 446 1925 quia
485 1884 703 1925 possessor
738 1877 817 1920 est,
868 1870 1007 1908 23non
1048 1881 1196 1908 moves
1238 1864 1532 1921 possessione:
1579 1864 1616 1905 si

173 1940 393 1982 possessor
433 1941 521 1967 non
562 1936 688 1978 esset,
728 1941 817 1967 non
857 1925 994 1966 dares.
1036 1937 1248 1980 nusquam
1289 1922 1405 1963 enim
1447 1921 1614 1973 scribis,

171 1997 311 2039 neque
333 1993 379 2026 tu
409 1984 526 2025 aliud
556 1984 788 2039 quicquam
809 1982 952 2024 edicto
976 1982 1262 2038 amplecteriS,
1284 1980 1367 2020 nisi
1397 1994 1491 2020 eam
1514 1994 1614 2020 cau—

172 2055 279 2093 sam,
314 2057 390 2098 pro
432 2056 518 2097 qua
561 2041 788 2098 pecuniam
820 2054 1061 2096 acceperas.
1120 2038 1220 2081 Jam
1258 2037 1342 2078 hoc
1384 2036 1612 2078 ridiculum

169 2108 257 2142 est:
288 2102 388 2142 2451
425 2112 488 2141 DE
522 2112 847 2142 HEREmTA‘rE
876 2109 1192 2149 AMBIGETUR,
1217 2109 1276 2137 ET
1301 2107 1506 2136 TAEULAE
1530 2104 1701 2142 ris-117

210 2247 251 2278 20
269 2245 418 2277 heredem
436 2257 463 2278 e.
482 2246 654 2287 oporteret]
677 2246 868 2285 Sequuntur
910 2246 988 2284 quia
1012 2254 1089 2275 mox
1114 2245 1149 2275 in
1172 2243 1277 2274 altera
1299 2241 1548 2283 reprehensione
1570 2242 1616 2271 sic

166 2288 204 2319 in
216 2288 328 2329 vulgg.
354 2289 391 2320 Sz·
400 2290 428 2320 is
442 2291 593 2320 intestato
607 2293 755 2319 mortuus
769 2292 847 2318 esset
858 2300 867 2317 :
909 2293 971 2325 est,
984 2287 1068 2319 Jam
1078 2289 1134 2317 hoe
1147 2287 1321 2316 ridiculum
1336 2290 1397 2316 est.-
1414 2285 1474 2314 nisi
1488 2284 1540 2314 hic
1553 2283 1617 2314 fuit

164 2341 206 2362 ea
227 2337 302 2372 post
326 2332 463 2363 Hotom.
487 2332 617 2363 Manut.
637 2331 754 2362 Lamb.
776 2331 868 2361 Grae-
911 2330 1007 2361 Nam
1035 2329 1198 2370 particula
1231 2327 1425 2358 transeundi
1450 2326 1490 2356 ad
1516 2326 1616 2356 aliud.

168 2373 259 2404 vium
272 2374 466 2405 delevimus:
490 2380 569 2406 sunt
582 2374 672 2405 enim
694 2373 868 2405 manifeste
910 2373 973 2403 Sed
986 2373 1076 2413 prius
1090 2371 1171 2402 illud
1176 2370 1256 2412 jam
1271 2371 1363 2400 abest
1381 2369 1466 2409 apud
1482 2369 1618 2398 Priscia—

166 2425 188 2447 a
201 2416 391 2456 glossatore.
909 2424 991 2445 num
1010 2419 1045 2445 et
1058 2415 1177 2445 Ascon.
1194 2419 1227 2443 et
1249 2413 1355 2443 oratio
1371 2412 1439 2442 sine
1454 2422 1492 2441 eo
1506 2416 1556 2441 est
1570 2412 1618 2440 vi·

209 2461 247 2490 21
271 2460 321 2490 ita
335 2461 373 2490 de
385 2462 452 2491 her.
466 2459 508 2499 0.]
547 2459 695 2489 Graevius
713 2469 789 2489 cum
803 2457 869 2488 Ur·
910 2457 1025 2488 vidior.
1041 2456 1150 2496 itaque
1165 2455 1280 2486 delevi.

168 2500 242 2532 nino
263 2506 361 2541 putat
387 2501 542 2533 excidisse
569 2506 609 2532 et.
630 2501 728 2532 male.
749 2502 798 2531 ita
820 2504 871 2531 est
955 2501 995 2531 ‘23
1018 2509 1198 2529 nonmaves
1208 2495 1414 2538 possessione]
1440 2495 1460 2525 i.
1474 2495 1536 2525 etsi
1549 2504 1617 2525 non

167 2547 253 2581 tum,
269 2543 319 2575 his
334 2545 438 2576 factis.
455 2549 486 2575 et
498 2543 689 2583 languidam
704 2543 784 2575 facit
798 2552 870 2573 ora.-
913 2542 1050 2572 satisdet
1064 2553 1073 2579 ·,
1097 2541 1183 2580 quod
1198 2541 1252 2579 qui
1267 2538 1450 2575 recusabat,
1465 2539 1617 2578 possessi-

164 2586 305 2618 tionem.
349 2588 436 2619 Sunt
449 2587 548 2628 hujus
562 2587 677 2618 formae
690 2591 724 2617 et
739 2586 804 2617 alia
816 2595 872 2616 ex·
915 2594 977 2614 one
992 2584 1185 2614 movebatur
1199 2593 1237 2613 ex
1252 2583 1338 2621 jure.

165 2628 287 2668 empla.
954 2628 996 2658 24
1016 2627 1044 2656 si
1057 2627 1088 2656 d.
1112 2627 1144 2655 h.
1167 2622 1367 2664 ambigetur]
1407 2622 1490 2653 Edd.
1513 2623 1618 2653 ambi.

211 2673 252 2702 22
272 2673 300 2702 si
319 2681 488 2711 possessor,
513 2672 712 2711 sponsionem
735 2681 800 2701 non
815 2668 866 2710 f]
909 2671 1017 2708 gitur,
1032 2674 1071 2699 ut
1092 2668 1127 2698 in
1150 2668 1266 2697 ceteris
1289 2666 1422 2697 duabus
1467 2665 1617 2697 Fortasse

169 2713 224 2744 Sic
233 2713 870 2754 interpungendum,intelligendumque
912 2712 1032 2750 ubique
1047 2710 1248 2748 ambigetur.-
1274 2707 1361 2749 quod
1381 2708 1495 2738 formae
1518 2707 1618 2739 edicti

167 2759 227 2792 est,
237 2760 275 2785 ut
282 2758 412 2787 monuit
423 2757 592 2788 Asconius.
605 2757 760 2795 Sequitur
766 2755 849 2786 Jam
860 2766 870 2784 :
913 2753 1030 2785 melius
1045 2752 1211 2784 convenit.

166 2796 251 2830 Jam
264 2799 344 2837 quid
356 2800 378 2829 i.
394 2809 426 2831 α.
442 2809 479 2840 p.
495 2799 582 2840 quod
597 2803 786 2840 suspectum
800 2801 867 2828 est:

228 2853 337 2884 VOL.
363 2855 418 2884 11.
874 2851 909 2879 M
