1907 3231
531 121 597 159 IN
629 106 676 157 ι’.
712 116 1065 156 cAT1L1NAM.
1467 120 1544 155 659

104 225 223 267 *enim
238 225 331 281 jam
347 225 457 267 inter
474 224 606 266 latera
624 234 769 265 nostra
787 223 874 264 sica
890 221 961 262 illa
975 219 1232 262 versabitur:
1266 235 1349 261 non
1372 219 1415 260 in
1430 235 1546 260 cam-

109 298 182 340 p0,
208 297 293 324 non
318 284 359 324 in
394 282 502 333 fo'ro,
526 297 611 323 non
634 282 678 322 in
700 281 832 331 curia,
850 295 933 320 non
953 279 1137 333 denique
1160 278 1270 317 iutra
1285 278 1545 318 domesticos

110 341 294 395 parietes
333 340 699 396 pertimescemus.
738 339 832 379 loco
862 337 931 378 ille
963 345 1105 377 motus
1138 343 1216 385 est,
1239 337 1369 375 2(ιιιιῃ
1397 343 1461 375 est
1488 349 1542 375 ex

108 399 214 438 urbe
233 398 447 454 depulsus.
480 396 723 453 palarnjam
743 410 841 437 cum
863 395 999 445 hoste,
1021 392 1137 434 nullo
1158 392 1432 447 impediente,
1457 392 1544 432 bel-

107 452 196 495 lum
221 456 390 510 justum
425 468 636 510 geremus.
697 453 798 494 Sine
829 453 963 493 dubio
1005 450 1265 507 perdidimus
1309 449 1541 499 hominem,

107 512 424 567 magnificeque
467 511 662 562 vicimus,
696 525 794 551 cum
835 509 952 550 illum
989 523 1042 549 ex
1076 507 1255 549 occultis
1298 505 1462 546 insidiis
1499 506 1540 545 in

108 579 306 624 apertum
327 568 599 609 latrocinium
622 567 903 623 conjecimus.
952 566 1081 612 Quod
1098 579 1196 606 vero
1215 578 1301 604 non
1317 571 1541 604 cruentum
1554 571 1578 605 2

105 640 373 677 mucronem,
398 636 444 666 ut
465 626 618 677 voluit,
642 624 814 675 extulit,
835 624 950 679 quod
978 623 1084 664 vivis
1106 622 1231 663 nobis
1253 634 1446 677 egressus
1464 629 1544 670 est,

105 683 221 738 quod
256 684 295 725 ei
324 682 484 724 ferrum
522 684 574 724 de
610 683 808 723 manibus
840 681 1114 730 extorsimus,
1155 679 1271 734 quod
1310 677 1545 719 incolumes

108 740 240 791 cives,
262 741 378 796 quod
410 750 596 781 stantem
626 740 777 780 urbem
809 737 1002 793 reliquit:
1036 747 1198 792 quanto
1231 736 1403 776 tandem
1428 734 1547 775 illum

105 810 296 839 moerore
326 798 536 839 afflictum
567 811 658 837 esse
689 804 732 836 et
755 795 1034 851 profligatum
1066 794 1250 849 putatis?
1301 792 1458 834 3Jacet
1477 791 1545 832 ille

106 869 223 896 nunc
248 864 498 911 prostratus,
531 854 740 904 Quirites,
763 861 806 892 et
837 866 880 892 se
912 851 1152 907 perculsum
1176 859 1304 905 atque
1325 849 1544 904 abjectum

105 926 197 953 esse
225 913 370 964 sentit,
392 921 435 953 et
469 920 687 966 retorquet
709 909 854 950 oculos
888 908 1084 965 profecto
1119 922 1233 963 saepe
1262 907 1315 947 ad
1346 906 1457 947 hanc
1474 921 1545 946 ur-

105 970 230 1021 bem,
262 985 391 1025 quam
414 983 468 1009 ex
493 970 578 1009 suis
599 967 795 1009 faucibus
817 976 1007 1022 ereptam
1038 980 1129 1007 esse
1150 965 1294 1021 luget:
1326 979 1424 1019 quae
1450 963 1546 1019 qui-

105 1026 204 1067 dem
234 1027 369 1068 laetari
407 1025 514 1066 mihi
549 1026 732 1076 videtur,
765 1025 881 1080 quod
917 1033 1079 1065 tantam
1113 1032 1278 1079 pestem
1307 1021 1548 1063 evomuerit

104 1083 307 1140 forasque
325 1084 571 1140 projecerit.
1157 1098 1161 1102 ’

166 1140 225 1181 At
249 1141 282 1181 si
305 1142 400 1197 quis
423 1150 488 1182 est
511 1141 622 1191 talis,
654 1139 798 1195 quales
830 1153 921 1180 esse
944 1153 1091 1179 omnes
1122 1138 1365 1193 oportebat,
1395 1135 1466 1191 qui
1501 1135 1590 1192 in2

104 1197 189 1239 hoc
203 1198 313 1254 ipso,
331 1199 375 1239 in
397 1213 483 1253 quo
505 1197 693 1239 exsultat
715 1207 758 1238 et
779 1197 1018 1252 triumphat
1037 1196 1176 1236 oratio
1198 1209 1307 1245 mea,
1330 1208 1398 1235 me
1419 1192 1581 1250 velie-3

106 1264 275 1296 menter
296 1266 484 1307 accuset,
506 1255 621 1311 quod
656 1256 744 1295 t'am
776 1254 1004 1310 capitalem
1036 1253 1205 1294 hostem
1236 1267 1320 1293 non
1352 1265 1677 1307 comp1·e-p,105.

106 1312 330 1354 henderim
364 1314 522 1369 potius,
554 1327 684 1368 quam
714 1312 950 1353 emiserim:
982 1325 1070 1352 non
1101 1320 1166 1351 est
1187 1311 1270 1350 ista
1292 1324 1387 1350 mea
1406 1309 1548 1365 culpa,
1561 1318 1590 1339 a.

111 1370 320 1421 Quirites,
353 1371 426 1411 sed
465 1380 723 1427 temporum.
787 1369 1069 1410 Interemtum
1099 1382 1191 1408 esse
1229 1367 1277 1408 L.
1301 1366 1549 1417 Catilinam,

113 1437 157 1468 et
176 1429 431 1483 gravissimo
454 1428 668 1484 supplicio
700 1426 902 1467 affectum
918 1426 1181 1482 jampridem
1203 1425 1453 1481 oportebat:
1487 1424 1550 1465 id-

112 1499 196 1541 que
228 1500 253 1525 a
281 1499 351 1526 me
377 1494 421 1526 et
453 1499 546 1525 mos
574 1484 803 1539 majorum,
826 1494 869 1524 et
899 1483 1026 1538 hujus
1059 1483 1227 1539 imperii
1259 1482 1476 1532 severitas,
1507 1490 1552 1522 et

110 1542 356 1599 respublica
393 1542 656 1598 postulabat.
720 1541 804 1582 Sed
837 1555 966 1596 quam
1004 1540 1162 1581 multos
1202 1539 1334 1581 fuisse
1373 1539 1552 1595 putatis,

109 1600 205 1655 qui,
235 1614 333 1655 quae
366 1613 448 1655 ego
471 1599 698 1648 deferrem,
732 1613 817 1638 non
842 1599 1089 1639 crederent?
1120 1612 1249 1652 quam
1283 1596 1457 1648 multos,
1479 1597 1553 1652 qui

110 1666 287 1714 propter
318 1657 546 1697 stultitiam
570 1671 655 1697 non
680 1659 905 1711 putarent?
937 1670 1065 1711 quam
1097 1655 1270 1706 multos,
1292 1655 1400 1710 4qui
1423 1654 1556 1694 etiam

112 1714 419 1755 defenderent?
449 1729 578 1769 quam
611 1714 783 1763 multos,
814 1714 886 1769 qui
929 1722 1103 1769 propter
1136 1711 1460 1768 improbitatem
1491 1711 1555 1752 fa-

115 1774 288 1813 verent?
347 1770 413 1811 Ac
445 1773 495 1822 si,
518 1771 686 1812 sublato
717 1770 803 1822 illo,
826 1770 979 1827 depelli
1003 1786 1027 1811 a
1062 1771 1185 1811 vobis
1222 1784 1351 1810 omne
1387 1769 1554 1825 pericu-

114 1828 204 1870 lum
230 1832 247 1860 5
251 1828 520 1884 judicarem:
546 1828 640 1883 jam
665 1828 827 1884 pridem
861 1842 943 1884 ego
978 1827 1026 1869 L.
1050 1827 1283 1869 Catilinam
1313 1842 1399 1868 non
1422 1827 1553 1868 modo

115 1886 291 1927 invidiae
315 1900 438 1935 meae,
462 1900 608 1926 verum
631 1886 761 1927 etiam
786 1886 886 1926 vitae
915 1885 1105 1942 periculo
1127 1885 1407 1926 sustulissem.
1468 1884 1589 1925 Sed4

113 1958 214 1984 cum
244 1944 448 1993 viderem,
471 1957 524 1983 ne
550 1944 674 1984 vobis
697 1943 869 1998 quidem
894 1944 1094 1984 omnibus
1126 1957 1169 1983 re
1190 1943 1321 1983 etiam
1341 1952 1433 1983 tum
1455 1956 1554 1999 pro-

119 2001 236 2052 bata,
259 2001 293 2041 si
317 2001 452 2052 illum,
486 2011 533 2041 ut
564 2011 655 2041 erat
687 2001 879 2052 meritus,
898 2011 1036 2041 morte
1069 2000 1331 2051 multassem,
1360 2000 1467 2051 fore,
1510 2008 1558 2040 ut

120 2058 214 2113 ejus
249 2059 388 2100 socios
424 2058 588 2099 invidia
620 2072 848 2114 oppressus
888 2059 1083 2114 persequi
1114 2073 1200 2099 non
1237 2072 1428 2113 possem:
1469 2072 1559 2098 rem

118 2116 205 2157 huc
226 2116 402 2166 deduxi,
425 2124 473 2156 ut
509 2125 600 2156 tum
637 2115 778 2171 palam
811 2130 1004 2172 pugnare
1038 2116 1235 2171 possetiS,
1268 2130 1367 2157 cum
1391 2115 1560 2156 hostem

120 2184 269 2230 aperte
284 2173 500 2214 videretis.
533 2173 677 2220 Quem
697 2173 871 2228 quidem
893 2187 975 2228 ego
998 2173 1182 2224 hostem,
1202 2173 1410 2224 Quirites,
1431 2187 1561 2228 quam

122 2231 400 2272 vehementer
423 2230 526 2270 foris
550 2245 641 2271 esse
661 2231 898 2271 timendum
918 2240 1081 2287 putem,
1103 2231 1204 2272 licet
1225 2231 1327 2271 hinc
1349 2231 1562 2286 intelliga-

124 2288 194 2340 tis,
217 2289 332 2344 quod
356 2287 460 2329 illud
482 2288 613 2329 etiam
637 2287 817 2329 moleste
840 2288 949 2340 fero,
972 2288 1088 2343 quod
1110 2302 1162 2329 ex
1190 2289 1293 2329 urbe
1315 2302 1466 2345 parum
1490 2303 1562 2329 co-

163 2436 182 2466 2
197 2443 271 2465 cum
286 2439 331 2465 est
342 2445 382 2465 ezr
393 2436 472 2465 urbe
484 2434 649 2475 depulsus]
666 2434 772 2464 Graev.
783 2444 823 2464 est
865 2443 936 2464 sum
953 2433 1072 2474 aliquid
1087 2434 1254 2471 excidisse,
1277 2433 1371 2474 quale
1393 2440 1443 2464 est
1457 2433 1491 2465 in
1507 2444 1563 2465 an-

122 2478 203 2508 urbe
216 2483 262 2508 est
277 2478 439 2518 depulsus.
456 2489 484 2508 v.
500 2479 539 2508 ad
555 2478 628 2507 Cat.
640 2477 701 2507 ΙΙΙ.
717 2477 791 2507 init.
865 2477 1036 2508 tecedente
1045 2483 1078 2508 et
1092 2483 1248 2516 sequente
1260 2477 1422 2513 membro,
1430 2482 1566 2517 propter

166 2523 186 2551 3
208 2520 307 2551 «Iacet
330 2521 385 2550 ille
399 2530 486 2551 nuuc
500 2519 702 2560 prostratus]
733 2518 824 2549 Ursi-
866 2521 1043 2550 stultitiam
1136 2524 1272 2560 propter
1304 2520 1565 2559 improbitatem:

124 2571 185 2592 nus
213 2567 247 2592 et
274 2563 421 2592 Graevius
449 2563 614 2603 protulere
644 2562 819 2592 lectionem
865 2571 942 2592 nam
958 2562 1042 2592 solet
1069 2562 1183 2593 Cicero
1207 2561 1328 2592 similia
1350 2563 1497 2593 membra
1519 2564 1566 2593 fa-

126 2604 206 2634 Mss.
234 2605 440 2644 quorundam
471 2609 720 2645 prostratusque
757 2609 821 2634 est:
866 2614 956 2634 cere:
980 2604 1035 2634 sed
1050 2604 1178 2634 videtur
1192 2604 1343 2634 consulto
1365 2605 1516 2642 variasse,
1531 2610 1566 2635 et

124 2646 180 2677 sed
192 2647 257 2678 ista
271 2651 321 2677 est
335 2647 443 2678 forma
464 2648 555 2687 quasi
571 2647 732 2687 legitima,
750 2656 822 2687 pro,
866 2648 1004 2677 tertium
1032 2647 1217 2677 membrum
1243 2646 1350 2677 simile
1372 2647 1485 2678 fecisse
1501 2649 1566 2689 pri-

127 2694 313 2730 psostratus
325 2697 376 2720 oet
387 2695 422 2720 et
435 2691 540 2730 jacet,
560 2695 597 2720 ut
622 2699 702 2719 rana
723 2693 824 2729 rupta
867 2698 934 2726 me,
950 2694 1104 2728 quartum
1120 2690 1231 2720 tertio.

116 2730 233 2772 jacuit
254 2741 385 2772 corpore
398 2742 452 2773 ap.
468 2733 656 2769 Phaedrum,
669 2736 707 2761 ut
722 2733 827 2761 victus
913 2734 930 2762 5
953 2733 981 2762 si
997 2730 1205 2772 judicarem]
1232 2732 1388 2763 Refertur
1402 2732 1502 2762 etiam
1527 2731 1568 2762 ad

118 2773 227 2815 jacet,
241 2779 276 2804 et
290 2774 421 2805 similia.
869 2778 1001 2813 tenipus
1028 2783 1193 2814 praesens;
1231 2780 1268 2804 ut
1297 2779 1387 2814 patet
1415 2785 1432 2804 e
1470 2774 1566 2813 zerbo

170 2819 191 2847 4
212 2817 267 2856 qui
288 2817 388 2847 etiam
401 2816 624 2858 defenderent]
650 2817 672 2848 i.
689 2819 829 2854 eum,ut
861 2815 942 2856 jam
972 2816 1124 2856 pridem.-
1162 2816 1242 2848 alias
1272 2817 1435 2848 debuisset
1462 2815 1567 2847 dicere

127 2858 163 2888 in
191 2864 346 2898 sequente
372 2859 519 2890 membro
545 2861 585 2889 ei.
639 2859 829 2900 Suspicatus
862 2857 1075 2898 judicassem.

786 2907 915 2943 uuss
