1907 3231
256 129 335 165 362
790 126 859 164 IN
885 125 1162 164 VERREM

258 243 335 269 cus
367 227 528 270 Siciliae
565 229 829 272 nominatur.
870 232 1051 284 29quam
1084 242 1183 269 cum
1213 226 1472 283 investigare
1509 236 1553 269 et
1590 242 1694 271 eon-

257 286 426 340 quirere
449 286 578 328 Ceres
600 287 741 337 vellet,
771 287 929 328 dicitur
959 286 1247 327 inflammasse
1269 285 1401 326 taedas
1433 285 1484 325 iis
1503 284 1693 341 ignibus,

257 343 331 398 qui
354 357 408 384 ex
429 343 575 385 AEtnae
598 344 758 386 vertice
775 352 1031 398 erumpunt3
1061 357 1166 398 quas
1180 341 1261 383 sibi
1283 357 1380 383 cum
1405 341 1498 397 ipsa
1518 342 1693 398 praefer-

172 405 247 444 107
258 409 337 451 ret,
378 402 525 442 orbem
564 401 758 442 omnium
800 414 1048 456 peragrasse
1089 408 1309 440 terrarum.
1370 398 1493 440 Enna
1535 408 1694 450 autem,

257 458 333 499 ubi
355 472 418 509 ea,
441 473 538 513 quae
559 459 673 507 dico,
693 466 814 513 gesta
833 471 924 497 esse
945 465 1250 507 memorantur,
1271 464 1336 496 est
1363 456 1459 498 loco
1488 456 1693 513 praecelso

255 525 386 570 atque
399 516 537 556 edito:
558 530 644 570 quo
660 515 702 555 in
717 528 884 554 summo
906 522 971 554 est
987 522 1156 568 aequata
1171 513 1264 570 agri
1280 513 1493 569 planities,
1507 522 1552 555 et
1569 529 1694 569 aquae

255 587 493 629 peremnes.
518 581 611 612 tota
632 586 732 612 vero
755 572 810 611 ab
831 571 949 612 omni
967 571 1084 612 aditu
1099 571 1352 612 circumcisa
1365 580 1492 626 atque
1513 572 1696 612 diremta

255 639 335 670 est.
369 644 497 684 quam
531 629 646 669 circa
675 628 790 669 lacus
820 628 991 683 lucique
1027 638 1127 669 sunt
1160 627 1332 684 plurimi
1361 639 1404 668 et
1430 631 1470 659 3⁰
1484 628 1695 670 laetissimi

256 687 381 728 flores
404 686 521 726 omni
544 695 738 741 tempore
767 685 894 736 anni,
925 685 1044 726 locus
1076 694 1122 725 ut
1145 685 1236 741 ipse
1269 693 1439 740 raptum
1461 686 1583 727 illum
1611 686 1696 726 vir·
1842 698 1858 724 (ς

256 744 384 798 ginis,
415 757 544 797 quem
569 742 664 797 jam
697 758 721 783 a
754 743 896 798 pueris
928 743 1189 798 accepimus,
1230 742 1444 783 declarare
1483 743 1694 784 videatur.

258 800 431 841 Etenim
454 810 631 855 propter
657 810 721 840 est
752 800 954 856 spelunca
986 800 1200 855 quaedam,
1222 813 1428 840 conversa
1448 800 1501 841 ad
1532 800 1697 855 aquilo-

256 871 371 909 nem,
404 857 576 898 infinita
607 857 848 908 altitudine,
876 873 961 913 qua
981 856 1130 898 Ditem
1164 867 1328 913 patrem
1356 855 1499 897 ferunt
1521 866 1697 913 repente

258 929 361 956 cum
381 929 510 956 curru
527 915 760 966 exstitisse,
783 915 1092 970 abreptamque
1114 930 1167 955 ex
1191 929 1242 954 eo
1274 913 1370 955 loco
1401 914 1614 970 virginem
1633 929 1697 955 se-

260 987 360 1017 cum
382 980 636 1028 asportasse,
656 981 700 1012 et
722 972 865 1012 subito
891 987 978 1013 non
1002 972 1129 1028 longe
1151 987 1176 1012 a
1209 971 1430 1027 Syracusis
1454 979 1697 1027 penetrasse

262 1031 342 1070 sub
365 1029 748 1084 terras,lacumque
765 1029 807 1069 in
821 1044 872 1070 eo
886 1029 982 1070 loco
1006 1037 1181 1085 repente
1195 1029 1413 1069 exstitisse
1432 1046 1439 1070 :
1465 1028 1540 1069 ubi
1563 1043 1697 1084 usque

262 1087 315 1128 ad
336 1087 420 1128 hoc
443 1096 611 1142 tempus
636 1086 893 1142 Syracusani
916 1086 1049 1128 festos
1082 1087 1171 1127 dies
1206 1086 1517 1127 anniversarios
1546 1094 1697 1141 agunt,

178 1133 250 1190 49
263 1144 539 1185 celeberrimo
561 1144 747 1184 virorum
766 1143 1078 1199 mulierumque
1099 1151 1331 1184 conventu.
1372 1143 1554 1199 Propter
1567 1143 1696 1199 hujus

218 1203 248 1234 b.
261 1201 478 1258 opinionis
503 1210 773 1252 vetustatem,
796 1201 911 1256 quod
932 1216 1079 1242 eorum
1113 1201 1156 1241 in
1191 1201 1256 1241 his
1294 1200 1399 1241 locis
1427 1201 1624 1256 vestigia,
1646 1216 1697 1242 ac

259 1272 395 1314 prope
426 1259 687 1300 incunabula
708 1259 978 1315 reperiuntur
1007 1259 1199 1309 deorum,
1236 1258 1346 1298 mira
1375 1258 1574 1313 quaedam
1605 1266 1700 1299 tota

261 1316 409 1358 Sicilia
441 1316 644 1372 privatim
685 1331 736 1357 ac
778 1316 949 1372 publice
981 1316 1134 1372 religio
1164 1325 1228 1357 est
1270 1315 1436 1356 Cereris
1471 1315 1696 1356 Ennensis.

261 1373 435 1415 Etenim
458 1373 594 1414 multa
615 1388 729 1430 saepe
747 1374 946 1429 prodigia
967 1373 1053 1414 vim
1077 1373 1169 1428 ejus
1193 1383 1436 1427 numenque
1458 1372 1696 1414 declarant:

257 1431 405 1472 multis
429 1444 543 1486 saepe
566 1431 608 1471 in
631 1431 896 1472 difficillimis
918 1432 1044 1472 rebus
1065 1445 1252 1486 praesens
1274 1430 1483 1471 auxilium
1506 1430 1599 1485 ejus
1619 1430 1698 1470 ob-

259 1488 395 1530 latum
416 1497 495 1539 est,
519 1496 566 1528 ut
585 1488 681 1528 haec
703 1488 841 1528 insula
870 1489 924 1529 ab
955 1503 1006 1529 ea
1025 1503 1112 1528 non
1136 1488 1273 1528 solum
1294 1487 1433 1543 diligi,
1464 1488 1536 1528 sed
1566 1487 1697 1528 etiam

175 1553 249 1588 108
262 1546 392 1587 incoli
407 1545 700 1600 custodirique
715 1545 922 1586 videatur.
963 1545 1003 1586 N
1008 1560 1056 1586 ec
1076 1545 1213 1586 solum
1232 1545 1380 1594 Siculi,
1404 1558 1551 1585 verum
1567 1545 1698 1585 etiam

258 1612 414 1646 ceterae
455 1612 604 1659 gentes
653 1603 933 1658 nationesque
978 1602 1222 1643 Ennensem
1262 1601 1462 1643 Cererem
1505 1601 1697 1642 maxime

258 1660 421 1702 colunt.
482 1659 670 1711 Etenim,
693 1660 726 1700 si
756 1659 1089 1701 Atheniensium
1116 1675 1250 1709 sacra,
1274 1674 1441 1700 summa
1453 1659 1694 1715 cupiditate

258 1725 537 1774 expetuntur,
568 1717 621 1758 ad
660 1732 767 1772 quos
807 1717 936 1758 Ceres
975 1717 1019 1757 in
1052 1717 1124 1758 illo
1154 1731 1295 1757 errore
1326 1716 1493 1757 venisse
1522 1716 1695 1767 dicitur,

259 1775 490 1832 frugesque
532 1773 746 1816 attulisse:
800 1784 1006 1830 quantam
1048 1789 1139 1815 esse
1190 1774 1444 1830 religionem
1493 1773 1700 1815 convenit

259 1848 423 1883 eorum,
457 1832 568 1888 apud
602 1846 709 1886 quos
741 1846 834 1873 eam
876 1841 1022 1873 natam
1052 1846 1142 1872 esse
1175 1840 1219 1873 et
1249 1830 1446 1887 31fruges
1484 1830 1698 1871 invenisse

260 1893 456 1932 constat?
489 1889 642 1944 [taque
664 1890 778 1946 apud
801 1898 941 1945 patres
971 1898 1155 1940 nostros,
1178 1888 1312 1930 atroci
1344 1904 1394 1929 ac
1427 1887 1593 1930 difficili
1617 1887 1699 1929 rei-

259 1947 447 2004 publicae
491 1956 698 2002 tempore,
736 1962 851 1997 cum,
889 1946 955 1987 Ti.
997 1946 1197 1988 Graccho
1240 1945 1399 1996 occiso,
1441 1959 1698 2001 magnorum

259 2004 549 2061 periculorum
567 2013 707 2044 metus
737 2018 791 2045 ex
814 2004 993 2046 ostentis
1017 2004 1358 2060 portenderetur,
1383 2002 1433 2043 P.
1458 2002 1627 2054 Mucio,
1647 2002 1697 2043 L.

264 2062 502 2118 Calpurnio
535 2061 798 2112 consulibus,
832 2061 998 2102 aditum
1025 2071 1090 2102 est
1123 2061 1175 2103 ad
1198 2061 1328 2102 libros
1363 2060 1622 2117 Sibyllinos3
1654 2060 1699 2101 in

260 2120 416 2176 quibus
439 2120 662 2160 inventum
681 2128 759 2170 est,
785 2132 1021 2160 CEREREM
1048 2132 1457 2170 AN'rlomsSIMAM
1484 2130 1698 2159 PLAcAm

263 2190 542 2220 OPORTERE.
602 2175 714 2218 Tum
736 2192 790 2217 ex
813 2176 1078 2233 amplissimo
1110 2175 1294 2231 collegio
1325 2175 1598 2217 decemvirali
1632 2189 1700 2215 sa-

261 2235 456 2276 cerdotes
478 2233 627 2290 populi
663 2233 866 2285 Romani,
890 2249 988 2275 cum
1018 2241 1129 2274 esset
1152 2234 1195 2273 in
1218 2234 1322 2273 urbe
1352 2243 1498 2274 nostra
1531 2232 1698 2273 Cereris

294 2291 599 2333 ulcherrimum
613 2299 656 2331 et
670 2291 1149 2348 magnificentissimum
1166 2290 1389 2346 templum,
1408 2300 1549 2331 tamen
1563 2303 1698 2344 usque

262 2307 434 2391 {innam
457 2348 642 2404 profecti
660 2358 774 2390 sunt.
794 2357 914 2390 tanta
929 2349 1041 2389 enim
1067 2357 1157 2389 erat
1179 2347 1411 2388 auctoritas
1442 2356 1486 2388 et
1509 2355 1700 2388 vetustas

266 2406 379 2448 illius
412 2405 649 2462 religioniS,
677 2414 738 2457 ut,
761 2420 860 2447 cum
883 2405 982 2446 illuc
1014 2406 1138 2456 irent,
1160 2420 1247 2446 non
1278 2404 1330 2445 ad
1354 2405 1490 2446 aedem
1514 2403 1699 2454 Cereris,

179 2477 252 2512 109
265 2464 337 2505 sed
359 2463 411 2504 ad
444 2464 581 2519 ipsam
613 2463 813 2504 Cererem
851 2462 1066 2519 proficisci
1096 2463 1355 2504 viderentur.
1416 2462 1517 2503 Non
1540 2461 1700 2502 obtun-

264 2521 364 2563 dam
395 2520 572 2562 diutius.
634 2519 807 2562 Etenim
835 2520 1095 2577 jamdudum
1137 2534 1299 2572 vereor,
1330 2534 1384 2560 ne
1415 2518 1553 2560 oratio
1588 2532 1698 2569 mea,

1847 508 1852 521 ,
1833 471 1854 496 «2
1840 331 1854 454 ‘'⁴»aev„=·
1836 296 1851 321 *T

304 2680 346 2713 29
371 2687 471 2718 quam
484 2677 575 2717 cum]
606 2677 732 2708 Durius
753 2680 804 2707 est
823 2677 855 2707 h.
872 2676 899 2707 l..
911 2687 961 2707 re-
1004 2686 1076 2715 quae
1094 2677 1128 2706 in
1144 2676 1241 2707 Clave
1256 2676 1290 2706 in
1304 2676 1366 2706 hoc
1386 2685 1504 2715 genere
1524 2675 1700 2706 verborum

260 2720 413 2755 lativmn,
431 2720 615 2759 praesertim
630 2730 707 2750 cum
721 2724 774 2750 ter
788 2728 960 2759 praecesse-
1002 2719 1221 2759 reperientur.

263 2764 318 2794 rit.
363 2762 522 2793 Libenter
546 2762 741 2792 correxerim
769 2762 874 2798 Eam,
904 2761 960 2791 sed
1045 2763 1086 2791 30
1111 2761 1266 2791 coetissimi
1281 2760 1398 2801 flores]
1425 2759 1507 2791 Edd.
1527 2768 1576 2800 pr.
1597 2759 1700 2790 lectic-

262 2804 374 2846 paullo
400 2808 476 2844 post
502 2807 552 2833 est
579 2804 694 2834 similis
722 2804 831 2833 locus:
860 2813 960 2843 quam
1002 2803 1195 2844 simiflores.

261 2849 352 2878 circa
381 2848 439 2877 ἃς.
497 2845 576 2876 Mox
606 2844 792 2886 conquirere
826 2846 865 2876 de
893 2855 960 2876 una
1044 2848 1080 2876 31
1098 2844 1226 2884 fruges
1250 2845 1408 2876 invenisse
1434 2844 1586 2886 constat]
1615 2844 1702 2875 Scri-
1729 2868 1732 2871 .

260 2890 416 2921 muliere:
443 2888 499 2919 sed
513 2894 547 2920 et
561 2888 680 2920 similia
702 2887 853 2928 exempla
866 2892 957 2926 sunt,
1001 2887 1145 2919 bendum
1159 2893 1209 2919 est
1222 2891 1352 2919 constet.
