1907 3231
521 127 646 166 ACT.
674 126 725 165 11.
760 125 946 164 LIBER
973 123 1275 164 QUARTUS.
1544 127 1621 167 355

171 246 386 283 accusare,
418 231 452 273 si
486 231 681 287 cupiam:
714 246 823 288 opus
860 239 926 271 est
958 244 1046 271 non
1077 228 1217 270 solum
1244 228 1438 284 ingenio,
1470 242 1619 270 verum

170 292 303 332 etiam
325 289 509 331 artificio
530 290 719 344 quodam
747 288 968 346 singulari.
1030 287 1178 330 Unum
1208 285 1292 327 hoc
1315 286 1476 326 crimen
1500 286 1699 338 vide-41

171 357 242 389 tur
274 362 379 399 esse,
401 359 444 388 et
478 361 601 387 a.me
635 362 713 403 pro
747 362 832 388 uno
862 347 1051 403 ponitur,
1073 345 1127 386 de
1161 343 1384 385 Mercurio
1405 342 1618 398 Tyndari-
1630 362 1681 394 88

172 416 299 448 tano:
333 405 455 461 plura
477 413 590 445 sunt.
614 405 685 446 sed
709 419 760 446 ea
779 420 867 460 quo
899 413 1027 460 pacto
1049 402 1328 458 distinguere,
1351 414 1401 441 ac
1424 414 1619 456 separare

170 463 349 520 possim,
371 462 531 503 nescio.
594 461 671 503 Est
694 462 974 519 pecuniarum
995 469 1235 517 captarum,
1258 457 1375 515 quod
1398 457 1571 513 signum
1594 473 1620 499 a

170 521 298 561 sociis
321 520 516 577 pecuniae
540 535 711 576 magnae.
735 520 921 561 sustulit.
955 528 1020 560 est
1041 517 1280 575 peculatus,
1304 516 1454 571 6quod
1475 514 1618 571 publi-

167 592 268 619 cum
292 578 440 635 populi
466 578 653 619 Romani
673 578 859 634 signum,
883 578 935 618 dc
955 577 1101 633 praeda
1120 575 1310 616 hostium
1327 581 1519 630 captum,
1539 587 1618 629 po-

153 635 301 686 ‚situm
325 636 595 692 imperatoris
618 636 753 676 nostri
777 636 966 687 nomine,
1000 648 1087 675 non
1109 633 1327 675 dubitavit
1348 630 1528 672 auferre.
1552 639 1617 671 est
1629 652 1660 682 p.
1677 644 1750 675 5321.

167 693 422 751 majestatis,
454 693 571 748 quod
601 693 771 750 imperii
807 693 942 734 nostri
973 691 1124 748 gloriae
1147 705 1375 746 rerumque
1397 697 1616 746 gestarum
1629 696 1659 716 ²²-

167 761 451 793 monumenta
472 761 663 792 evertere
684 761 813 806 atque
835 759 1055 806 asportare
1076 764 1202 790 ausus
1224 758 1314 790 est:
1347 757 1411 789 est
1430 745 1615 798 sceleris,

167 809 285 866 quod
309 809 539 866 religiones
568 809 780 849 maximas
807 807 998 849 violavit.
1022 816 1088 848 est
1120 806 1402 857 crudelitatis,
1430 804 1547 860 quod
1572 805 1617 845 in

167 866 391 909 hominem
424 867 715 916 innocentem,
747 866 790 906 in
826 865 992 906 socium
1024 872 1221 906 nostrum
1249 872 1379 919 atque
1413 862 1617 914 amicum,

167 926 337 966 novum'
355 941 404 966 ac
427 924 642 981 singulare
666 923 866 980 supplicii
887 937 1022 979 genus
1045 922 1331 979 excogitavit.
1383 919 1496 962 Illud
1518 934 1616 961 vero
1629 934 1680 970 89

168 982 274 1038 quid
309 984 378 1035 sit,
405 983 500 1037 jam
534 996 620 1022 non
644 995 754 1036 queo
783 981 950 1022 dicere:
983 995 1070 1035 quo
1093 980 1268 1021 nomine
1295 978 1522 1035 appellem,
1544 992 1619 1018 ne-

169 1041 275 1091 scio,
299 1041 415 1096 quod
438 1040 480 1080 in
506 1039 557 1080 C.
580 1038 777 1079 Marcelli
797 1047 952 1080 statua.
1000 1038 1119 1085 Quid
1143 1046 1208 1079 est
1225 1037 1338 1079 hoc?
1358 1044 1622 1093 patronusne

169 1099 286 1154 quod
325 1100 444 1139 erat?
475 1097 579 1153 quid
620 1099 742 1138 tum?
773 1111 860 1151 quo
899 1096 942 1137 id
977 1098 1172 1152 spectat?
1203 1104 1349 1136 utrum
1385 1108 1435 1134 ea
1467 1108 1531 1134 res
1567 1094 1620 1135 ad

170 1170 313 1211 opem,
345 1171 399 1197 an
422 1155 474 1197 ad
499 1155 790 1196 calamitatem
820 1153 1044 1195 clientium
1079 1166 1209 1208 atque
1237 1153 1460 1208 hospitum
1482 1151 1622 1192 valere

166 1213 381 1256 debebat?
413 1229 466 1254 an
494 1223 537 1253 ut
563 1212 645 1252 hoc
668 1212 929 1262 ostenderes,
961 1220 1114 1252 contra
1135 1211 1223 1251 vim
1247 1220 1381 1261 tuam,
1412 1210 1454 1250 in
1476 1218 1623 1266 patro-

170 1271 235 1312 nis
261 1271 449 1327 praesidii
473 1270 580 1311 nihil
600 1272 714 1311 csse?
746 1269 841 1324 quis
864 1270 945 1309 hoc
963 1283 1050 1309 non
1071 1268 1346 1324 intelligeret,
1369 1268 1415 1308 in-
1434 1267 1621 1323 improbi

169 1330 395 1384 praesentis
420 1329 600 1385 imperio
621 1327 831 1382 majorem
854 1341 946 1367 esse
969 1327 1072 1376 vim,
1095 1341 1226 1381 quam
1250 1327 1292 1366 in
1312 1327 1524 1366 bonorum
1547 1325 1623 1365 ab-

169 1387 355 1428 sentium
380 1386 622 1443 patrocinio
640 1388 652 1427 ?
685 1399 737 1425 an
757 1399 858 1425 vcro
876 1398 931 1425 ex
957 1384 1038 1424 hoc
1060 1384 1131 1424 illa
1148 1394 1221 1424 tua
1241 1383 1469 1439 singularis
1489 1382 1623 1438 signi-

169 1444 325 1485 ficatur
357 1444 599 1494 insolentia,
631 1442 848 1498 superbia,
879 1442 1184 1483 continu-acia?
1215 1441 1439 1482 detrahere
1475 1439 1625 1481 videli-

168 1515 239 1542 cet
271 1502 433 1558 aliquid
466 1510 508 1542 ῖθ
536 1501 589 1541 de
612 1499 898 1555 amplitudine
931 1498 1241 1540 Marcellorum
1271 1498 1447 1555 putasti.
1477 1498 1623 1552 itaque

169 1574 285 1600 nunc
303 1557 763 1601 SiculorumMarcelli
783 1572 870 1598 non
887 1566 987 1598 sunt
1005 1557 1175 1613 patroni
1193 1574 1202 1598 :
1236 1557 1389 1597 Verres
1412 1556 1456 1596 in
1471 1570 1621 1596 eorum

168 1615 311 1658 locum
348 1617 607 1658 substitutus
630 1625 708 1656 est.
771 1616 917 1662 Quam
951 1616 993 1656 in
1030 1624 1071 1655 te
1095 1624 1261 1655 tantam
1286 1615 1491 1656 virtutem
1514 1628 1691 1663 csse,90»

166 1684 243 1715 aut
260 1674 519 1731 dignitatem
543 1674 776 1715 arbitratus
804 1688 863 1724 es,
888 1682 935 1713 ut
957 1687 1162 1714 conarere
1184 1672 1428 1714 clientelam
1460 1680 1546 1712 tain
1572 1671 1622 1711 il-

168 1731 362 1785 lustrem,
376 1742 465 1774 tam
483 1732 718 1789 splendidae
737 1731 991 1788 provinciae,
1013 1730 1288 1771 transducere
1306 1730 1358 1771 ad
1377 1738 1433 1780 te,
1457 1729 1624 1770 auferre

170 1805 196 1830 a
212 1790 462 1831 certissimis
482 1789 880 1846 antiquissimisque
900 1789 1119 1844 patronis?
1151 1787 1216 1829 Tu
1235 1788 1317 1828 ista
1336 1787 1534 1838 stultitia,
1551 1801 1626 1828 ne-

170 1848 323 1902 quitia,
347 1848 514 1899 inertia,
539 1863 626 1889 non
661 1847 790 1888 modo
823 1847 958 1888 totius
983 1846 1160 1897 Siciliae,
1193 1846 1267 1886 sed
1302 1846 1429 1886 unius
1463 1846 1626 1886 tenuis-

171 1906 267 1946 simi
291 1906 426 1947 Siculi
450 1905 694 1947 clientelam
718 1905 826 1946 tueri
852 1907 1003 1961 potes?
1035 1902 1136 1944 Tibi
1163 1903 1359 1944 Marcelli
1383 1912 1526 1944 statua
1547 1917 1626 1959 pro

170 1963 367 2019 patibulo
403 1964 446 2005 in
480 1963 657 2005 clientes
694 1962 1003 2004 Marcellorum
1040 1961 1147 2003 fuit?
1180 1973 1225 2003 tu
1248 1975 1301 2002 ex
1327 1960 1439 2002 illius
1463 1960 1627 2002 honore

169 2022 213 2062 in
236 2037 308 2063 eos
332 2021 463 2078 ipsos,
486 2022 561 2078 qui
593 2021 805 2062 honorem
839 2020 899 2061 illi
938 2020 1194 2070 habuerant,
1218 2018 1432 2075 supplicia
1461 2032 1628 2074 quaere-

173 2080 277 2123 bas?
310 2080 428 2127 Quid
453 2081 630 2136 postea?
661 2078 765 2134 quid
790 2078 963 2119 tandem
988 2078 1072 2118 tuis
1095 2078 1249 2118 statuis
1273 2076 1365 2117 fore
1387 2077 1627 2117 arbitraba-

170 2141 240 2180 re?
271 2153 326 2179 an
365 2152 466 2179 vcro
503 2138 561 2189 id,
593 2137 711 2192 quod
745 2136 930 2178 accidit?
969 2135 1083 2176 Nam
1117 2134 1403 2191 Tyndaritani
1438 2144 1627 2182 statuam

169 2195 309 2248 istius,
339 2211 471 2251 quam
494 2195 576 2236 sibi
600 2203 778 2251 propter
801 2193 1051 2244 Marcellos,
1075 2192 1226 2233 altiore
1250 2192 1381 2233 etiam
1404 2192 1498 2234 basi
1521 2192 1625 2248 poni

162 2253 676 2310 jusserat,deturbarunt,
692 2251 871 2293 simulac
885 2265 1132 2293 successum
1148 2251 1217 2291 isti
1233 2249 1477 2291 audierunt.
1501 2252 1518 2282 7
1536 2248 1625 2290 De-
1639 2247 1717 2296 42

169 2311 235 2352 dit
256 2311 391 2368 igitur
413 2311 493 2353 tibi
516 2311 691 2352 fortuna
714 2309 959 2351 Siculorum
983 2308 1034 2349 C.
1055 2307 1313 2349 Marcellum
1330 2307 1542 2362 judicem,
1561 2317 1625 2359 ut,

168 2368 294 2424 cujus
325 2369 378 2411 ad
410 2377 597 2411 statuam
629 2366 778 2418 Siculi,
808 2375 851 2409 ῖθ
874 2375 1074 2423 praetore,
1106 2365 1411 2422 alligabantur,
1442 2365 1535 2420 ejus
1558 2380 1623 2406 re·
1636 2383 1667 2413 b,

168 2426 322 2484 ligioni
347 2436 389 2468 te
410 2428 595 2468 eundem
618 2426 813 2468 vinctum
838 2427 855 2455 8
871 2424 1213 2478 adstrictumque
1233 2423 1500 2464 dederemus.
1555 2422 1681 2481 Ac91

170 2485 326 2544 primo,
342 2484 530 2541 judices,
553 2485 637 2526 hoc
661 2484 836 2540 signum
868 2481 1079 2523 Mercurii
1102 2481 1276 2522 dicebat
1299 2480 1380 2521 iste
1409 2479 1622 2536 Tyndari-

210 2599 230 2629 6
252 2599 337 2639 quod
363 2601 537 2639 publicum
569 2609 645 2641 pop.
673 2598 716 2630 R.
741 2598 782 2638 s.]
822 2598 875 2628 Sic
960 2600 978 2630 7
1003 2595 1107 2627 Dedit
1129 2595 1237 2633 igitur
1261 2595 1320 2625 tibi
1333 2593 1369 2635 f.
1396 2594 1447 2634 S.]
1477 2595 1625 2626 Graevius

168 2641 271 2673 dedic
285 2641 348 2673 Ms.
361 2644 425 2673 Gu.
469 2642 653 2682 Vulgatum
664 2643 794 2682 publice
808 2650 874 2671 non
918 2650 935 2670 θ
950 2639 1015 2670 Ms.
1031 2648 1098 2678 reg.
1118 2637 1209 2667 addit
1230 2647 1334 2668 mmo.-
1358 2638 1390 2668 d.
1408 2639 1431 2668 i.
1449 2639 1507 2669 tibi
1528 2649 1627 2671 mene.

169 2684 283 2722 habet,
307 2695 370 2724 quo
396 2686 566 2717 referatur.
584 2696 644 2716 nec
670 2685 711 2715 ad
730 2685 876 2724 positum
919 2682 984 2713 ΜΞ.
1002 2682 1064 2712 Gn.
1079 2681 1167 2711 dedit
1181 2690 1270 2710 nunc
1282 2681 1329 2719 ig.

170 2727 283 2759 referri
307 2732 430 2769 potest,
445 2733 504 2759 ant
528 2728 568 2759 ad
593 2727 740 2768 auferre,
755 2733 793 2757 ut
819 2727 875 2762 sit,
963 2727 981 2755 8
1005 2723 1264 2763 adstrictumque
1279 2723 1452 2763 dedamus]
1478 2723 1628 2755 Scriben-

169 2770 303 2812 publico
325 2776 438 2801 sumtu
451 2771 759 2802 Tindaritanorum.
777 2781 805 2800 c.
821 2772 873 2800 42.
919 2767 998 2798 dum
1027 2766 1229 2802 dederemus,
1253 2776 1271 2796 e
1297 2766 1448 2805 legitima
1473 2775 1629 2796 consecu-

171 2812 252 2844 dicit
274 2813 307 2844 id
327 2814 459 2854 publico
481 2819 596 2844 sumtu
616 2814 803 2844 Messanam
825 2812 879 2842 de·
921 2811 1013 2840 tione
1027 2814 1228 2847 temporum.
1245 2809 1291 2839 sie
1305 2809 1408 2840 infra:
1427 2809 1628 2840 deduxi—ut

168 2861 344 2898 portatum
362 2866 441 2887 esse.
478 2856 523 2887 Et
540 2857 588 2887 ita
605 2856 753 2887 membra
768 2855 882 2885 onmia
918 2856 1038 2893 posset,
1055 2860 1122 2882 non
1132 2851 1245 2891 possit.

169 2898 259 2938 fiunt
275 2897 423 2940 aequalia.

841 2944 962 2982 Aac),
