1907 3231
489 139 607 177 PRO
642 139 767 176 SEX.
803 138 1026 176 ROSCIO
1061 139 1358 177 AMERINO.
1594 142 1642 181 '71

194 242 300 297 quid
322 242 438 284 aliud
466 242 620 284 videtis
642 244 813 285 obstare
837 242 1014 293 Roscio,
1037 242 1120 284 nisi
1143 241 1259 298 quod
1287 242 1419 299 patris
1438 243 1554 284 bona
1575 257 1648 284 ve.-

191 300 394 342 nierunt?
426 300 563 346 Quod
583 301 618 341 si
641 301 685 341 id
707 316 783 342 vos
807 300 1040 356 suscipitis,
1069 310 1113 340 et
1142 299 1291 340 eadem
1326 314 1370 339 ln
1395 314 1439 339 re
1470 291 1729 355 operam-'33

194 369 378 398 v·est1am
402 357 699 413 profitemini3
732 358 766 399 si
789 358 951 399 idcirco
975 358 1146 422 sedetis,
1168 367 1217 398 ut
1252 357 1303 398 ad
1330 371 1404 397 vos
1429 357 1732 398 adducam-153

195 422 433 455 turcorum
455 414 599 466 liberi,
624 430 809 470 quorum
836 416 951 456 bona
972 429 1117 456 semei
1121 425 1223 466 unt
1255 423 1419 464 cavete,
1449 428 1524 473 per
1545 414 1645 454 deos

195 470 472 536 immortales,
491 472 679 527 judices,
697 488 751 514 ne
769 488 883 513 nova
899 482 943 512 et
965 472 1101 513 multo
1124 471 1337 513 crudelior
1355 485 1430 527 per
1452 486 1528 511 vos
1549 485 1646 526 pro-

195 528 371 584 scriptio
395 529 634 570 instaurata
652 545 744 571 esse
769 530 976 571 videatur.
1038 529 1160 570 lllam
1187 530 1386 585 pliorem,
1409 543 1506 584 quae
1530 527 1647 568 facta

192 594 258 626 est
280 600 324 626 m
343 601 430 638 eos,
454 587 561 643 qui
548 602 667 628 arma
688 602 840 652 capere
873 599 1120 644 potuerunt,
1141 597 1285 628 tamen
1308 596 1480 627 senatus
1512 586 1645 626 susci-

193 656 294 698 pere
317 643 470 695 noluit,
494 659 547 685 ne
569 645 671 700 quid
703 660 858 696 aelius,
881 660 1010 701 quam
1034 659 1152 686 more
1184 644 1398 700 majorum
1421 658 1645 699 compara*

196 710 289 741 tum
310 710 389 752 est,
412 677 589 757 piiblico
609 703 790 744 consilio
814 704 977 743 factum
999 703 1237 744 viderzetur
1271 701 1383 742 hanc
1406 716 1523 751 vero,
1546 715 1644 755 quae

194 757 248 798 ad
270 772 419 799 eorum
437 758 594 800 liberos
612 771 741 815 atque
763 760 995 801 infantium
1019 774 1247 815 puerorum
1270 758 1530 801 incunabula
1550 772 1645 822 per-

197 815 320 866 tinet,
344 816 424 857 nisi
456 817 540 858 hoc
565 817 736 873 judicio
758 834 783 858 a
804 818 928 858 vobis
959 817 1140 872 rejicitis
1170 825 1215 857 et
1244 816 1548 872 aspeinamini,
1581 830 1643 856 vl·

194 871 308 924 dete,
343 888 417 929 pei
455 875 557 916 deos
598 875 874 926 immortales,
906 889 1034 930 quem
1070 875 1114 915 in
1145 874 1291 916 locum
1329 873 1642 931 rempublicam

194 941 495 986 perventuram
521 933 694 988 putetis,

253 987 466 1030 Homines
489 991 715 1046 sapientes,
737 999 781 1031 et
811 991 894 1031 ista
924 989 1181 1032 auctoritate
1207 997 1251 1030 et
1278 996 1498 1053 *potestate
1530 1002 1638 1044 prae-
1654 998 1728 1032 154

191 1044 322 1097 ditos,
353 1060 439 1111 qua
469 1062 542 1088 vos
571 1047 689 1100 estis,
718 1063 774 1091 ex
814 1049 970 1104 quibus
1006 1048 1135 1088 rebus
1169 1061 1360 1087 mamme
1395 1046 1639 1102 respublica

191 1102 372 1154 laborat,
403 1104 453 1145 iis
484 1106 674 1147 maxime
703 1105 864 1147 mederi
894 1105 1112 1146 convenit.
1174 1104 1377 1145 Vestrum
1409 1118 1536 1144 nemo
1558 1112 1637 1154 cst,
1650 1100 1681 1130 b-

189 1161 296 1215 quin
319 1162 547 1218 intelligat,
571 1163 779 1219 populum
803 1163 1065 1214 Romanum,
1089 1162 1162 1217 qui
1184 1162 1434 1218 quondam
1428 1176 1468 1202 m
1493 1161 1639 1202 hostes

192 1216 435 1261 lenissimus
453 1221 797 1272 existimabatur,
811 1221 896 1262 hoc
916 1231 1110 1276 tempore
1128 1219 1366 1260 domestica
1385 1218 1639 1266 crudelitate

190 1273 400 1318 laborare
454 1277 582 1319 Hanc
606 1279 742 1319 tollite
764 1294 817 1319 ex
841 1278 1032 1328 civitate,
1048 1277 1234 1332 judices,
1259 1276 1369 1317 hanc
1393 1276 1482 1332 piti
1505 1275 1640 1316 nolite

190 1332 387 1376 diutius
377 1350 421 1375 m
444 1335 524 1377 hac
546 1336 766 1391 republica
789 1336 969 1377 versari·
960 1349 1091 1390 ‚quae
1114 1349 1201 1375 non
1222 1334 1351 1374 modo
1375 1334 1418 1374 id
1442 1333 1604 1374 habet
1595 1347 1639 1374 m

193 1405 239 1431 se
261 1391 376 1443 mali,
395 1393 510 1448 quod
536 1402 600 1433 tot
619 1393 734 1434 cives
753 1393 1021 1435 atrocissime
1044 1391 1230 1442 sustulit,
1245 1405 1390 1432 verum
1410 1391 1542 1431 etiam
1561 1390 1640 1430 ho-

191 1448 381 1490 minibus
410 1450 638 1491 lenissimis
669 1451 831 1492 ademit
859 1449 1198 1491 miseiicouliam
1231 1448 1543 1490 consuetudine
1575 1448 1640 1488 in-

191 1508 535 1549 commodorum.
598 1508 709 1549 Nam
737 1524 837 1550 cum
858 1509 1061 1550 omnibus
1093 1506 1210 1548 horis
1242 1506 1403 1561 aliquid
1436 1505 1640 1546 atrociter

193 1563 285 1606 fieri
309 1565 518 1617 videmus,
541 1575 615 1607 aut
644 1566 866 1618 audimus3
898 1566 1029 1607 etiam
1051 1565 1125 1620 qui
1148 1573 1304 1605 natura
1324 1563 1541 1604 mitissimi
1569 1578 1639 1603 su-

187 1635 301 1673 mus,
334 1622 585 1664 assiduitate
617 1623 911 1666 molestiarum
948 1637 1120 1664 sensum
1150 1636 1325 1667 omnem
1355 1620 1639 1662 humanitatis

184 1692 243 1724 ex
266 1680 419 1722 animis
441 1681 696 1723 amittimus.

680 1755 727 1797 N
728 1755 806 1797 ihil
824 1755 984 1798 videtur
1005 1754 1145 1796 deesse.

476 1964 561 2044 M?
589 1964 873 2018 TULLII
911 1961 1347 2018 CICERONIS

863 2085 957 2119 PRO

375 2174 465 2252 Q.
519 2171 904 2239 ROSCIO
969 2169 1454 2237 COMOEDO

611 2295 890 2344 ORATIO
928 2294 1213 2343 TERTIA.

760 2407 1039 2428 -.,.....-.-

704 2484 1113 2524 ARGUMENTUM.

193 2570 362 2606 Tradidit
391 2568 429 2605 C.
451 2568 608 2604 Fannius
638 2567 784 2604 Clzoerea
813 2566 855 2607 Q.
883 2565 1027 2606 Roscio,
1057 2575 1347 2611 communemque
1374 2575 1453 2599 cum
1480 2575 1521 2599 eo
1538 2562 1636 2614 fecit

237 2633 378 2658 servum
417 2633 522 2657 suum
557 2621 785 2667 Panurgum,
817 2631 859 2654 ea
890 2618 1108 2659 conditione,
1144 2620 1185 2653 ut
1221 2616 1328 2652 illum
1368 2621 1448 2652 arte
1487 2616 1636 2652 histrio-

239 2676 321 2710 nica
347 2675 521 2716 erudiret,
549 2673 678 2709 deiude
705 2676 859 2720 quaestus
887 2671 1083 2706 communis
1106 2673 1206 2705 esset.
1249 2669 1453 2716 Aliquanto
1477 2673 1562 2716 post
1592 2668 1636 2709 Q.

235 2727 380 2762 Flavius
407 2727 558 2774 quidam
581 2725 852 2773 Tarquiniensis
870 2723 1086 2770 Panurgum
1104 2722 1249 2757 occidit.
1301 2721 1467 2756 Flavium
1486 2721 1637 2756 Rosciu-

227 2777 372 2825 jndicio
395 2780 565 2827 persequi
582 2790 662 2813 cum
680 2778 799 2819 vellet,
820 2777 1042 2822 cognitorem
1068 2776 1107 2810 in
1128 2785 1206 2809 eam
1225 2785 1301 2810 rem
1320 2773 1498 2809 Fannium
1525 2774 1636 2809 dedit.

238 2831 324 2867 Lite
350 2835 566 2873 contestata,
587 2828 732 2876 judicio
760 2807 885 2865 damni
910 2825 1045 2873 injuria
1063 2839 1086 2862 a
1105 2826 1229 2861 Flavio
1249 2827 1329 2862 clati
1347 2827 1557 2868 constituto,
1577 2826 1638 2861 de-

237 2884 326 2919 cidit
346 2895 426 2919 cum
444 2883 568 2921 Flavio
589 2882 753 2924 Roscius,
771 2886 814 2918 ut
833 2882 908 2929 ipse
925 2878 1059 2925 ajebat,
1072 2890 1144 2931 pro
1162 2890 1227 2915 ςιια
1242 2883 1376 2927 Ραιέεπ
1405 2882 1447 2914 ut
1467 2878 1637 2921 Fannius,

879 2945 902 2972 F
924 2938 950 2973 4
