1907 3231
315 138 392 174 ⁶2⁸
873 147 1123 187 ORATIO
1160 149 1232 186 III.

315 241 501 307 fortunis
536 247 798 302 praesidium,
830 251 1038 303 Quirites,
1073 260 1135 303 ut,
1163 253 1308 309 quales
1342 268 1418 295 vos
1447 252 1659 296 hodierno
1688 248 1760 295 die

315 313 509 365 met->uma
538 305 749 348 concione
781 309 889 348 mihi
924 323 1001 363 pro
1024 309 1159 351 salute
1181 323 1322 352 vestra
1354 311 1619 368 praebuistis‚
1651 310 1757 351 tales

316 357 492 414 rehquis
515 364 783 418 temporibus
804 365 1104 420 34reipublicae
1128 369 1373 423 praebeatis.
1397 383 1476 425 pro
1495 378 1616 409 certo
1641 365 1764 424 polli-

313 423 418 457 ‘ceor
453 416 536 459 hoc
564 422 703 471 vobis,
737 431 868 475 atque
894 423 1120 475 confirmo,
1152 439 1220 466 Ine
1252 441 1343 467 esse
1367 426 1685 484 perfecturum,
1717 434 1765 466 ut

310 473 404 529 jam
430 476 599 518 tandem
625 478 699 528 illi,
722 477 796 532 qui
821 478 974 520 honori
999 481 1249 523 inviderunt
1269 498 1382 535 meo,
1406 493 1550 524 tamen
1572 499 1646 524 vos
1666 483 1763 524 uni-

309 540 462 574 'versos
483 533 526 574 in
545 534 720 575 consule
738 535 960 591 diligendo
982 538 1216 594 plurimum
1238 541 1393 582 vidisse
1415 541 1648 582 fateantur.

275 712 311 759 t:
608 709 692 764 M.
721 670 1006 766 TULLII
1037 713 1469 769 CICERONIS

317 885 777 956 LEGE
884 828 1742 961 AERANA·

507 1069 589 1124 P.-
621 1071 1115 1129 SERVILIUM
1158 1075 1564 1140 RULLUM,

427 1177 804 1222 TRIBUNUM
851 1181 1107 1234 PLEBIs‚
1150 1181 1243 1224 AD
1288 1181 1643 1226 POPULUM.

641 1281 874 1320 ORATIO
901 1283 1420 1322 SEPTIMADECIMA.

888 1354 1166 1399 4*—

270 1438 292 1486 1
318 1411 728 1486 COMMODIUS
754 1443 958 1486 fecissent
981 1445 1144 1486 tribuni
1168 1445 1320 1502 plebis,
1345 1445 1555 1496 Quirites,
1578 1445 1628 1497 si,
1658 1462 1756 1502 quae

279 1510 298 1544 1
312 1500 426 1555 apud
451 1514 525 1542 vos
552 1502 629 1543 lde
650 1516 719 1543 me
740 1502 1000 1554 detulerunt,
1024 1517 1074 1544 ea
1095 1518 1242 1544 coram
1260 1502 1420 1558 potius,
1442 1517 1511 1547 me
1529 1514 1757 1558 praesente,

307 1557 537 1609 dixissent,
567 1574 666 1600 nam
695 1569 739 1600 et
770 1560 1020 1616 aequitatem
1046 1570 1198 1602 vestrae
1221 1559 1566 1616 disceptationis,
1587 1571 1630 1602 et
1651 1576 1756 1602 eon-

309 1616 579 1656 suetudinem
611 1617 895 1672 superiorum,
917 1628 960 1658 et
984 1618 1056 1674 jus
1091 1633 1180 1658 sua:
1213 1618 1439 1673 potestatis
1462 1618 1753 1662 retinuissent.

307 1672 380 1713 ced
401 1674 606 1728 quoniam
629 1674 770 1715 adhuc
796 1690 981 1730 praeseus
1009 1685 1228 1716 certarnen
1251 1675 1664 1730 contentionemque
1686 1676 1754 1718 fu-

308 1739 485 1785 gerunt:
520 1746 649 1782 nunc,
673 1733 707 1772 si
731 1733 900 1773 videtur
922 1734 998 1783 eis,
1021 1733 1063 1773 in
1086 1747 1228 1773 meam
1250 1733 1504 1773 concionem
1529 1733 1754 1788 prodeant,

307 1797 366 1838 et,
384 1803 470 1842 quo
491 1789 714 1844 provocati
733 1805 759 1830 a
777 1804 846 1830 me
868 1791 1012 1831 venire
1037 1790 1281 1840 noluerunt,
1304 1789 1493 1830 revocati
1515 1789 1666 1831 saltem
1689 1806 1754 1832 re-

272 1854 545 1900 gvertantur.
608 1847 745 1888 Video
781 1847 1007 1902 quosdam,
1046 1848 1256 1897 Quirites,
1290 1846 1753 1904 strepitusignificare

307 1902 455 1944 nescio
478 1904 596 1959 quid,
619 1914 663 1945 et
684 1919 769 1945 non
793 1906 967 1946 eosdem
1000 1907 1158 1955 vultus,
1181 1919 1289 1960 quos
1313 1905 1514 1960 proxim-a
1533 1919 1630 1946 mea
1648 1920 1755 1948 con-

307 1960 433 2001 cione
452 1963 746 2017 praebuerunt,
770 1963 811 2003 in
834 1963 945 2004 hanc
964 1963 1221 2004 concionem
1239 1962 1345 2003 mihi
1364 1961 1572 2004 retulisse.
1606 1963 1754 2009 Quare

305 2032 332 2058 a
369 2019 510 2070 vobis,
541 2021 615 2074 qui
646 2019 753 2060 nihil
781 2021 834 2060 de
865 2034 935 2061 me
970 2020 1230 2070 credidistis,
1263 2031 1312 2060 ut
1337 2034 1433 2060 eam
1467 2019 1752 2072 voluntatem,

287 2088 436 2129 quam
470 2091 637 2133 semper
671 2077 882 2118 habuistis
913 2092 1016 2133 erga
1049 2092 1134 2129 me,
1158 2077 1393 2128 retineatis,
1417 2086 1540 2134 peto:
1574 2092 1600 2118 a
1627 2079 1750 2131 vobis

305 2144 466 2184 autem,
489 2149 596 2190 quos
632 2134 783 2176 leviter
813 2135 1064 2176 immutatos
1098 2149 1189 2176 esse
1223 2135 1377 2185 sentio,
1403 2149 1576 2190 parvam
1599 2136 1749 2192 exigui

306 2192 512 2247 temporis
535 2207 703 2233 usuram
727 2193 850 2234 bonae
871 2192 923 2233 de
943 2206 1011 2233 me
1028 2192 1246 2248 opinionis
1263 2192 1452 2248 postulo,
1472 2202 1519 2233 ut
1537 2206 1646 2243 eam,
1670 2194 1751 2245 ²si,

305 2262 402 2303 quae
426 2249 593 2299 dixero,
619 2251 740 2290 vobis
767 2251 967 2305 probaro,
999 2261 1208 2306 perpetuo
1243 2250 1488 2291 retineatis:
1523 2250 1585 2290 sin
1611 2249 1751 2301 aliter,

307 2304 390 2346 hoe
429 2306 524 2362 ipso
564 2307 607 2347 in
646 2307 741 2348 loco
779 2307 1021 2364 depositam
1061 2319 1190 2362 atque
1227 2308 1443 2363 abjectam
1482 2306 1750 2362 relinquatis.

269 2377 292 2410 3
309 2361 525 2419 Completi
549 2375 648 2405 sunt
669 2365 803 2406 animi
834 2379 1041 2420 auresque
1070 2375 1238 2415 vestrae‚
1263 2364 1471 2414 Quirites,
1495 2378 1562 2405 me
1582 2365 1748 2420 gratifi-

304 2431 475 2462 cantem
499 2425 692 2478 3septem
728 2423 937 2478 tyrannis,
973 2424 1212 2478 ceterisque
1249 2423 1520 2464 Sullanarum
1555 2422 1634 2462 assi
1641 2436 1749 2478 gua-

342 2536 384 2565 34
405 2536 785 2577 reilmblieoeproebealis]
802 2537 853 2568 Sic
867 2547 924 2578 pro
945 2547 1002 2576 po·
1046 2536 1210 2568 Bulierius
1229 2537 1319 2567 1569.
1364 2536 1407 2567 Et
1428 2535 1602 2576 respondet
1623 2535 1652 2566 ei
1674 2542 1749 2578 post

294 2579 376 2615 pulo
392 2577 435 2608 R.
452 2583 539 2608 recte
557 2579 688 2609 rescribi
712 2579 817 2609 voluit
840 2580 1003 2610 Laureda-
1034 2579 1218 2619 fizgeruut.
1264 2578 1379 2618 Itaque
1405 2587 1473 2609 non
1494 2578 1642 2609 dubitavi
1668 2580 1748 2610 reci-

301 2628 376 2655 nus,
406 2631 554 2661 recepere
581 2620 684 2651 Aldus
710 2621 753 2652 N.
782 2629 815 2652 et
844 2623 1003 2653 Graevius.
1047 2632 1134 2663 pere.

301 2661 468 2701 Scriptum
494 2664 557 2693 fuit
584 2663 627 2694 R.
654 2663 696 2694 P.
717 2664 792 2694 iude
815 2665 1002 2705 corruptela
1088 2667 1108 2695 2
1129 2666 1169 2701 si,
1190 2673 1260 2704 quoe
1281 2663 1403 2700 dia-ero,
1419 2663 1504 2693 vobis
1518 2662 1674 2703 probabo]
1693 2663 1748 2694 Ci-

302 2709 381 2734 nata
395 2709 456 2734 est.
503 2705 584 2735 Edd.
600 2705 734 2736 Mediot.
750 2706 822 2737 Ald.
838 2707 925 2737 Vict.
943 2709 1000 2738 διο.
1045 2717 1120 2737 cero
1132 2707 1261 2746 scripsit
1269 2707 1426 2746 probaro.-
1442 2715 1518 2737 nam
1534 2710 1568 2736 et
1582 2706 1743 2746 sequitur,

293 2748 409 2785 populi
426 2747 520 2777 Rom.
566 2748 629 2778 Sed
644 2758 704 2779 nee
723 2748 755 2779 id
769 2757 855 2780 stare
871 2757 999 2790 potest:
1047 2750 1224 2781 retineatis.

299 2787 432 2819 dixisset
448 2791 569 2820 vestris.
1086 2795 1105 2822 3
1128 2796 1247 2832 septem
1262 2790 1427 2830 tyrannis]
1446 2792 1578 2831 Septem
1593 2789 1746 2820 Suuanos

346 2834 357 2860 l
375 2832 474 2862 deme
486 2832 653 2872 deserum]
678 2832 764 2872 Quia
784 2834 935 2872 sequitur
953 2833 1001 2863 ‹li-
1043 2835 1247 2874 potentiores
1285 2833 1437 2864 videntur
1473 2832 1671 2862 nominatim
1692 2833 1747 2872 ja-

298 2874 432 2911 zissent,
449 2883 516 2904 esse
535 2874 630 2904 debet
647 2875 850 2912 detulerunt,
865 2875 951 2915 quod
967 2882 1001 2906 et
1044 2882 1161 2915 ctasse,
1177 2876 1232 2916 qui
1246 2875 1352 2907 adhue
1368 2876 1403 2907 in
1418 2876 1497 2906 vivis
1512 2879 1632 2907 essent.

298 2916 432 2954 quidam
455 2922 534 2948 ante
558 2917 738 2948 Gruterum
762 2917 949 2957 ediderunt,
962 2925 1001 2950 ut
