1907 3231
342 133 417 172 672
836 154 839 156 >
894 131 1140 170 ORATIO
1172 129 1244 169 111.

211 247 244 279 P·
263 238 331 268 112.
344 241 642 290 pervenerunt,
663 242 790 289 atque
811 234 870 276 ibi
894 235 936 276 in
962 233 1168 290 proximis
1193 233 1316 286 villis,
1340 234 1400 276 ita
1426 238 1461 266 ¹⁰
1475 235 1516 293 bi
1554 236 1682 278 artito
1706 236 1773 278 fu-

301 289 481 342 ²·erunt‚
511 301 560 340 ut
590 290 755 333 Tiberis
784 292 985 332 intereos
1015 301 1057 332 et
1090 305 1196 346 pons
1220 291 1456 332 interesset.
1519 250 1680 334 Eodem
1701 309 1775 346 au·

342 356 425 389 tem
457 358 501 389 et
531 347 611 404 ipsi
645 349 734 389 sine
766 349 1019 403 cujusquam
1052 348 1308 403 suspicione,
1329 349 1484 389 multos
1508 351 1638 391 fortes
1661 350 1774 405 viros

340 405 595 456 eduxerunt,
611 414 654 446 et
671 420 752 462 ego
775 420 826 445 ex
853 403 1107 459 praefectura
1123 403 1306 446 Reatina
1324 405 1564 461 complures
1586 407 1773 449 delectos

341 462 643 513 adolescentes,
662 466 691 493 Η
710 475 890 516 quorum
907 474 1036 516 opera
1054 460 1096 501 in
1120 461 1337 516 republica
1355 463 1522 503 assidue
1541 474 1648 515 utor,
1666 461 1773 520 prae'-

302 519 449 560 fisidio
471 535 568 561 cum
590 518 741 575 gladiis
766 517 975 565 miseram.
1039 516 1215 557 Interim
1240 519 1364 559 tertia
1391 519 1479 560 fere
1503 520 1648 576 vigilia
1669 536 1772 562 exa-

336 585 422 626 cta,
447 592 543 618 cuin
575 576 669 631 jam
703 584 878 630 pontem
912 572 1130 614 Mulvium
1156 577 1363 630 l‘lmagno
1399 577 1605 618 comitatu
1638 577 1769 635 legati

337 631 619 690 Allobrogum
644 631 808 686 ingredi
838 631 1090 686 inciperent,
1120 645 1289 686 unaque
1323 632 1595 676 Vulturcius:
1641 635 1689 675 fit
1725 635 1767 676 in

334 703 406 730 eos
436 690 648 745 impetus:
680 688 919 729 educuntur
951 697 994 728 et
1022 689 1076 728 ab
1111 687 1191 728 illis
1215 688 1361 743 gladii,
1383 700 1425 729 et
1453 705 1478 729 a
1510 692 1680 732 nostris.
1704 706 1768 732 res

287 732 424 786 3erat
458 745 712 801 praetoribus
745 756 849 786 nota
882 743 1004 787 solis:
1037 742 1315 800 ignorabatur
1352 761 1377 786 a
1415 748 1580 787 ceteris.
1639 747 1768 801 Tum,

333 803 593 851 interventu*
614 801 806 842 Pomtini
842 811 969 857 atque
1010 801 1167 852 Flacci,
1206 816 1363 857 pugna,
1397 818 1493 857 quae
1529 813 1619 844 erat
1647 820 1766 847 com-

332 860 473 910 missa,
509 859 693 900 sedatur.
728 858 896 910 litterae,
929 873 1212 914 quaecumque
1240 868 1361 899 erant
1395 859 1436 901 in
1461 874 1511 901 eo
1539 861 1763 914 comitatu,

330 915 508 972 integris
550 916 699 972 signis,
738 916 994 971 praetoribus
1036 916 1283 957 traduntur:
1328 917 1408 972 ipsi
1450 917 1764 980 comprehensi,

331 973 382 1015 ad
415 988 499 1021 me,
517 988 613 1015 cum
637 973 731 1028 jam
754 969 1044 1023 dilucesceret,
1067 973 1350 1014 deducuntur.
1432 972 1578 1030 Atque
1609 975 1762 1017 h'orum

328 1031 521 1071 omnium
552 1030 756 1071 scelerum
785 1030 1149 1085 improbissimum
1173 1029 1509 1072 machinatorem
1535 1031 1760 1074 Cimbrum

330 1086 582 1139 Gabinium,
617 1087 759 1127 statim
803 1087 855 1127 ad
897 1100 979 1137 me,
1013 1086 1224 1126 nihildum
1267 1088 1569 1143 suspicantem,
1594 1091 1759 1132 vocavi.

329 1143 498 1185 Deinde
521 1145 623 1184 item
654 1143 880 1185 arcessitur
903 1143 952 1184 P.
977 1142 1184 1194 Statilius,
1208 1151 1250 1183 et
1273 1154 1370 1200 post
1402 1159 1497 1185 eum
1524 1144 1575 1186 C.
1601 1141 1759 1188 Cethess

325 1215 420 1256 gus.
451 1200 689 1242 tardissime
721 1211 864 1241 autem
899 1200 1104 1240 Lentulus
1137 1201 1269 1251 venit,
1305 1201 1432 1242 credo
1458 1201 1571 1256 quod
1606 1202 1758 1245 litteris

324 1258 490 1310 dandis,
530 1270 685 1314 praeter
726 1257 1094 1308 consuetudinem,
1137 1257 1337 1314 proxima
1375 1268 1502 1299 nocte
1536 1259 1756 1315 'vigilarau

285 1313 439 1355 7Cum
464 1329 561 1356 vero
592 1315 767 1356 summis
791 1330 840 1356 ac
876 1313 1120 1355 clarissimis
1145 1314 1282 1369 ⁷hujus
1315 1314 1502 1356 civitatis
1530 1316 1644 1367 viris,
1667 1318 1757 1373 qui,

321 1372 469 1413 audita
499 1387 557 1423 re,
590 1371 833 1427 frequentes
869 1372 922 1412 ad
952 1386 1019 1411 me
1046 1386 1170 1412 mane
1202 1382 1506 1424 convenerant,
1537 1372 1700 1415 litteras
1732 1389 1758 1416 a

319 1442 389 1470 me
406 1430 523 1485 prius
554 1429 722 1485 aperiri,
745 1443 872 1483 quam
899 1428 999 1468 13ad
1023 1438 1215 1470 senatum
1247 1428 1416 1480 deferri,
1439 1428 1624 1485 placeret
1644 1444 1655 1482 ;
1687 1445 1755 1483 ne,

319 1485 354 1526 si
376 1486 484 1528 nihil
513 1497 623 1526 esset
654 1486 891 1536 inventum,
917 1493 1073 1525 temere
1095 1500 1120 1525 a
1151 1500 1217 1526 me
1248 1494 1391 1527 tantus
1415 1486 1621 1527 tumultus
1643 1487 1752 1543 inje-

317 1552 412 1584 ctus
432 1543 599 1584 civitati
626 1543 863 1584 videretur:
882 1542 1036 1597 negavi
1059 1556 1127 1582 me
1149 1556 1239 1582 esse
1262 1542 1490 1595 facturum,
1506 1553 1553 1584 ut
1574 1544 1626 1585 de
1643 1545 1754 1600 peri-

314 1600 412 1641 culo
432 1600 606 1656 publico
628 1615 713 1640 non
744 1599 797 1639 ad
827 1598 1054 1640 consilium
1084 1598 1305 1654 publicum
1329 1614 1416 1640 rem
1439 1600 1651 1656 integram
1679 1602 1751 1642 de-

313 1656 484 1698 ferrem.
527 1656 715 1706 Etenim,
740 1656 945 1706 Quirites,
966 1655 999 1695 si
1022 1670 1194 1710 ea,quae
1217 1665 1337 1696 erant
1355 1657 1405 1697 ad
1428 1671 1497 1697 me
1518 1656 1673 1710 delata,
1687 1673 1751 1699 re-

312 1726 436 1770 perta
465 1729 552 1754 non
583 1723 748 1754 essent:
782 1722 924 1753 tamen
947 1726 1028 1768 ego
1060 1727 1147 1753 non
1178 1712 1417 1753 arbitrabar
1438 1714 1481 1754 in
1506 1715 1636 1755 tantis
1666 1715 1748 1756 rei-

312 1771 498 1826 publicae
521 1770 718 1826 periculis
737 1769 843 1810 mihi
860 1783 950 1809 esse
969 1769 1145 1809 nimiam
1162 1768 1429 1824 diligentiam
1445 1771 1748 1826 pertimescen-

274 1826 425 1869 Sdam.
468 1828 672 1869 Senatum
697 1826 963 1881 frequentem
986 1826 1192 1877 celeriter,
1217 1838 1264 1866 ut
1278 1826 1459 1878 vidistis,
1481 1826 1624 1884 co'egi.
1666 1827 1757 1869 Αἱ·-

308 1899 393 1939 que
430 1885 593 1926 interea
624 1884 785 1935 statim,
817 1883 1038 1924 admonitu
1074 1882 1374 1938 Allobrogum,
1413 1883 1464 1924 C.
1491 1884 1745 1940 Sulpicium,

306 1951 553 1997 praetorem,
587 1940 742 1981 fortem
775 1941 929 1992 virum,
963 1939 1074 1991 misi,
1099 1940 1172 1995 qui
1205 1955 1260 1981 ex
1290 1940 1454 1981 aedibus
1490 1941 1691 1998 Cethegi,
1711 1943 1775 1983 sir

306 1999 411 2053 quid
436 1998 614 2040 telorum
645 2007 770 2048 esset,
801 1997 985 2038 efferret.
1016 2011 1070 2037 ex
1093 1996 1249 2052 quibus
1281 1996 1350 2037 ille
1373 1998 1612 2039 maximum
1635 1999 1743 2040 sicass

258 2058 399 2104 4rum
420 2070 661 2106 numerum,
684 2064 726 2095 et
744 2054 984 2110 gladiorum
1006 2053 1176 2095 extulit.
1221 2053 1450 2095 Introduxi
1467 2055 1740 2098 Vulturcium

259 2112 394 2154 asine
413 2112 574 2155 Gallis:
597 2112 725 2152 fidem
747 2112 785 2152 ei
810 2110 1180 2168 publicam,jussu
1205 2112 1500 2162 senatus,·dedi
1516 2118 1531 2154 τ’
1546 2112 1741 2155 hortatus

302 2184 410 2222 sum,
441 2179 488 2211 ut
521 2184 584 2220 ea,
617 2184 713 2224 quae
748 2169 888 2219 sciret,
923 2168 1014 2208 sine
1043 2169 1196 2208 timore
1230 2167 1454 2209 indicaret.
1512 2168 1623 2211 Tum
1657 2169 1741 2220 ille,

298 2241 398 2267 cum
425 2227 496 2269 vix
520 2241 564 2267 se
586 2241 639 2267 ex
664 2240 823 2282 magno
846 2225 999 2265 timore
1019 2227 1311 2276 l4recreasset,
1334 2225 1475 2267 dixit:
1509 2241 1534 2268 a
1554 2225 1604 2268 P.
1630 2226 1741 2268 Len-

1085 2341 1121 2368 13
1133 2339 1179 2368 ad
1188 2343 1338 2368 senatum
1351 2337 1474 2376 deferri
1483 2339 1643 2379 placeret]
1658 2339 1742 2371 Haec

1039 2385 1089 2410 est
1105 2390 1180 2410 vera
1194 2380 1305 2417 lectio,
1316 2391 1412 2419 quam
1424 2391 1463 2411 ex
1477 2381 1588 2412 ed.w.
1596 2382 1739 2413 restitui.

1039 2422 1128 2452 Nam
1143 2422 1196 2452 hic
1211 2423 1358 2453 nondum
1376 2423 1415 2453 de
1437 2422 1605 2454 referendo
1620 2424 1740 2463 ageba·
1770 2445 1778 2453 .-

1041 2468 1109 2501 tnr,
1139 2464 1194 2494 sed
1220 2465 1260 2495 de
1293 2464 1475 2495 deferendis
1498 2465 1615 2502 literis,
1629 2472 1668 2496 ut
1690 2476 1740 2498 res

339 2341 378 2371 lo
401 2340 553 2380 bipartito
569 2339 732 2380 ficerunt]
760 2340 813 2369 Sic
835 2342 922 2368 recte
936 2348 996 2378 pro

295 2383 455 2421 bipartiti,
469 2383 565 2413 verbo
581 2382 688 2418 nihili,
705 2381 806 2412 edidit
819 2381 996 2418 Victorius,

292 2423 369 2454 inde
381 2424 422 2455 R.
436 2425 548 2465 Steph.
565 2425 693 2455 Camer.
711 2434 728 2453 e
741 2423 821 2453 Mss.
838 2423 994 2452 Graevius.

339 2469 369 2496 ll
387 2476 524 2506 quorum
533 2476 631 2506 opera
644 2467 679 2495 iu
691 2475 764 2505 rep.
775 2465 903 2495 assidue
911 2468 999 2501 utor,

285 2509 454 2548 presidio]
471 2509 523 2539 Ita
534 2513 620 2538 recte
631 2508 680 2538 ed.
695 2508 748 2537 W.
758 2509 847 2537 1480.
858 2512 893 2536 at
903 2506 950 2536 ed.
958 2506 998 2537 R.

291 2550 349 2581 ΒΓ.
363 2551 410 2580 Μ.
422 2561 451 2590 q.
467 2561 495 2580 ο.
509 2561 572 2581 ass.
587 2554 661 2580 utor
675 2551 708 2580 in
719 2549 763 2580 R.
781 2548 997 2588 P.proesidio.

290 2592 418 2623 Vitiosa
446 2591 671 2633 interpunctio
706 2596 740 2621 et
765 2590 997 2630 compendium

290 2635 417 2675 peperit
430 2634 547 2664 vitium
563 2635 642 2673 reip.
687 2633 839 2664 Muretus
854 2633 888 2662 in
903 2632 999 2672 libris·

290 2677 412 2716 reperit
435 2686 465 2715 q.
482 2687 508 2706 o.
523 2686 555 2707 α.
573 2681 648 2706 utor
664 2675 699 2704 in
717 2675 896 2715 republica,
906 2684 994 2714 proe·

288 2719 370 2748 sidio
395 2719 454 2748 &cu
483 2718 568 2757 quod
602 2722 732 2749 secutus
760 2721 810 2746 est
833 2716 992 2747 Graevius.

291 2759 490 2790 Waldarferi
505 2760 586 2789 ordo
601 2760 718 2790 melior
733 2758 872 2788 videtur.

335 2803 373 2833 12
395 2811 470 2833 cum
495 2811 539 2832 m.
556 2801 727 2839 comitata]
763 2800 847 2831 Cum
875 2799 988 2830 delevi.

285 2852 355 2874 non
370 2848 422 2874 est
444 2844 480 2874 in
505 2843 576 2874 edd.
601 2853 648 2884 pr.
674 2853 734 2874 nec
749 2848 820 2873 erat
842 2842 877 2872 in
899 2842 990 2872 libris

286 2885 395 2922 Graev.

1041 2506 1206 2545 cognosci,
1227 2512 1262 2536 et
1288 2507 1403 2537 deinde
1421 2516 1525 2547 super
1546 2517 1580 2537 re
1603 2509 1738 2547 cognita

1041 2548 1155 2578 referri
1182 2554 1302 2588 posset.
1345 2548 1485 2588 Deferri
1506 2553 1674 2580 mutatum
1688 2558 1738 2582 est

1040 2590 1184 2629 primum
1198 2590 1231 2620 in
1246 2589 1378 2631 referri,
1388 2595 1426 2621 ut
1440 2600 1526 2630 saepe
1540 2590 1574 2621 in
1588 2590 1651 2622 hoc
1665 2602 1736 2622 ver-

1036 2632 1078 2661 bo
1103 2632 1228 2662 factum
1254 2638 1317 2669 est,
1339 2634 1373 2663 in
1388 2632 1438 2662 ed.
1462 2635 1552 2663 1480.
1569 2632 1627 2663 ΒΓ.
1644 2633 1736 2666 Post

1035 2673 1194 2713 referrem
1209 2673 1310 2704 edidit
1322 2675 1423 2706 Aldus
1430 2675 1506 2714 jun.
1521 2674 1607 2714 quod
1618 2675 1734 2707 Lamb.

1035 2720 1070 2745 et
1092 2715 1147 2745 alii
1173 2717 1276 2746 secuti
1303 2722 1393 2747 sunt.
1450 2716 1574 2750 Saltem
1595 2717 1733 2749 debebat

1035 2766 1104 2787 esse
1119 2757 1292 2797 deferrem,
1307 2764 1345 2790 ut
1360 2757 1471 2798 paullo
1487 2763 1572 2798 post.

1078 2801 1115 2829 14
1136 2801 1318 2840 recepisset]
1352 2799 1403 2831 E'x
1431 2810 1497 2831 uno
1514 2805 1631 2834 ,vetere
1655 2801 1732 2832 Mu-

1031 2842 1095 2870 reti
1106 2841 1190 2871 libro
1204 2847 1255 2872 est
1271 2847 1439 2882 receptum
1457 2842 1498 2873 ab
1513 2842 1595 2874 Aldo
1605 2845 1680 2881 jun.
1696 2848 1733 2874 et

1032 2883 1187 2914 Grutero.
1232 2884 1342 2916 Ceteri
1367 2894 1430 2916 scr.
1451 2884 1523 2916 edd.
1540 2890 1663 2917 veteres
1680 2895 1734 2916 re-
