1907 3231
315 131 392 171 676
840 130 1089 171 ORATIO
1124 128 1197 167 111.

319 234 408 289 git:
440 243 484 274 et
512 233 578 275 his
601 234 773 276 decreta
806 235 944 276 verbis
978 243 1057 284 est,
1089 247 1223 285 ouon
1264 246 1435 274 URBEM
1469 231 1755 284 INC'EN'DHS,

322 304 461 332 CAEDE
496 305 654 343 clvsss,
679 306 890 334 l'rALiAM
929 303 1087 332 BELLO
1121 304 1456 332 LiBERAssEM.
1516 291 1627 337 Quae
1654 304 1755 346 sup-

321 347 495 402 plicatio
518 351 556 382 27
568 350 602 390 si
633 365 731 391 cum
765 349 916 390 ceteris
950 348 1208 397 conferatur,
1233 348 1442 398 Quirites,
1464 347 1600 388 Qsshoc
1624 348 1755 388 inter·-

321 405 392 455 sit,
413 406 527 460 quod
550 417 703 447 ceterae
728 407 835 446 bene
857 414 991 460 gesta,
1015 405 1112 446 haec
1133 419 1228 454 uua,
1247 414 1499 446 conservata
1521 403 1755 461 republica,

321 462 558 504 constituta
593 474 672 504 est.
732 465 771 496 ²9
786 461 930 516 Atque
968 462 1087 512 illud,
1130 461 1245 516 quod
1288 461 1533 503 faciendum
1571 461 1755 517 primum

324 519 420 569 fuit,
463 519 626 561 factum
667 528 795 573 atque
840 527 1102 561 transactum
1142 527 1220 558 est.
1283 518 1397 559 Nam
1441 519 1491 560 P.
1535 517 1757 583 Lentulus,

321 579 635 631 30quarnquam
658 576 900 632 patefactus
931 575 1102 617 indiciis
1136 586 1179 616 et
1202 574 1544 618 confessionibus
1567 576 1668 627 suis,
1684 574 1758 630 ju-

323 633 438 674 dicio
467 643 651 683 senatus,
684 648 769 674 non
804 633 933 674 modo
964 632 1161 688 praetoris
1187 632 1277 686 jus,
1311 646 1457 674 verum
1491 633 1621 675 etiam
1650 631 1759 674 civis

325 692 538 741 amiserat,
571 700 713 730 tamen
743 691 1000 746 magistratu
1034 705 1077 730 se
1107 689 1348 732 abdicavit:
1381 699 1442 741 ut,
1475 705 1572 745 quae
1606 689 1758 746 religio

328 747 379 788 C.
400 746 558 798 Mario,
580 724 843 788 clarissimoe'
844 748 948 798 viro,
972 762 1059 788 non
1088 747 1242 797 fuerat,
1263 762 1349 800 quo
1377 748 1518 794 minus
1549 746 1601 787 C.
1624 746 1759 788 Glau—

325 804 453 853 ciam,
480 804 532 844 de
553 819 638 859 quo
662 805 768 845 nihil
791 805 1046 846 nominatim
1069 814 1160 845 erat
1180 803 1415 855 decretum,
1438 812 1666 860 praetorem
1687 817 1761 845 oc-

327 861 504 912 cideret,
526 876 576 902 ea
597 877 673 903 nos
697 861 904 919 religione
927 862 970 903 in
993 862 1162 918 privato
1189 860 1239 901 P.
1265 861 1447 903 Lentulo
1470 860 1692 918 puniendo
1711 860 1761 902 li-

330 920 588 959 beraremur.

284 977 315 1029 7
389 976 532 1026 Nunc,
555 977 774 1031 quoniam,
810 976 1016 1026 Quirites,
1048 976 1360 1018 sceleratissimi
1396 974 1764 1031 periculosissimi-

272 1048 317 1080 ιτς
331 1048 413 1088 que
434 1033 530 1074 belli
553 1033 738 1074 nefarios
761 1034 890 1074 duces
903 1043 1053 1089 captos
1069 1035 1163 1088 jam
1179 1044 1223 1074 et
1243 1032 1575 1089 comprehensos
1595 1035 1765 1084 tenetis,

287 1096 316 1126 b.
329 1091 577 1131 existimare
599 1091 778 1141 debetis,
801 1104 950 1131 omnes
974 1090 1172 1132 Catilinae
1208 1092 1369 1147 copias,
1393 1104 1540 1131 omnes
1575 1104 1670 1146 spes
1701 1099 1766 1131 at-

328 1163 412 1202 que
447 1163 565 1204 opeS‚
602 1148 668 1188 his
698 1148 885 1203 depulsis
921 1148 1036 1188 urbis
1067 1148 1280 1204 periculis,
1310 1147 1562 1189 concidisse.
1623 1147 1765 1193 Quem

328 1205 501 1259 quidem
525 1220 607 1261 ego
630 1220 725 1245 cum
751 1220 803 1246 ex
828 1205 932 1246 urbe
956 1205 1180 1261 pellebam,
1202 1205 1286 1246 hoc
1306 1205 1584 1261 providebam
1603 1205 1765 1256 auimo,

329 1262 537 1314 Quirites,
561 1273 726 1303 remoto
750 1262 953 1313 Catilina,
977 1278 1054 1304 nec
1084 1262 1188 1303 mihi
1208 1277 1299 1303 esse
1323 1262 1372 1302 P.
1395 1265 1432 1293 31
1451 1261 1620 1302 Lentuli
1653 1276 1766 1303 som-

326 1334 446 1370 num,
468 1335 547 1361 nec
574 1320 621 1361 L.
646 1319 784 1360 Cassii
807 1319 993 1375 adipem,
1018 1335 1095 1361 nec
1119 1320 1305 1376 Cethegi
1327 1319 1533 1360 furiosam
1549 1319 1765 1360 temerita-

329 1385 415 1417 tem
438 1378 838 1432 pertimescendam.
901 1376 977 1417 Ille
999 1387 1090 1418 erat
1123 1392 1231 1418 unus
1254 1377 1469 1417 timendus
1501 1391 1555 1417 ex
1578 1376 1645 1426 his
1675 1390 1768 1417 om-

327 1434 471 1484 nibus,
489 1435 559 1475 sed
581 1435 759 1484 tamdiu,
783 1434 885 1475 duni
907 1435 1127 1476 moenibus
1145 1435 1263 1475 urbis
1281 1434 1599 1475 continebatur.
1621 1433 1768 1474 onmia

328 1501 468 1542 norat,
487 1492 679 1532 omnium
698 1492 838 1532 aditus
859 1493 1057 1532 tenebat:
1092 1492 1321 1547 appellare,
1339 1501 1519 1542 tentare,
1536 1489 1767 1531 sollicitare

330 1558 514 1604 poterat,
538 1550 748 1590 audebat:
780 1558 871 1589 erat
893 1549 930 1588 ei
954 1548 1179 1589 consilium
1199 1549 1252 1589 ad
1272 1548 1438 1589 facinus
1456 1559 1630 1604 aptum:
1663 1562 1767 1589 con-

331 1606 426 1646 silio
460 1616 600 1646 autem
631 1620 769 1660 neque
800 1605 962 1661 lingua,
986 1621 1123 1660 neque
1145 1621 1294 1646 manus
1317 1606 1476 1646 deerat.
1535 1603 1633 1646 Jam
1657 1606 1698 1636 32
1712 1604 1766 1644 ad

331 1674 469 1704 certas
491 1678 555 1703 res
578 1639 888 1704 conficiendasO
885 1674 1025 1703 certos
1046 1663 1239 1703 homines
1260 1662 1446 1703 delectos
1466 1677 1515 1703 ac
1528 1661 1767 1717 descriptos

332 1720 534 1761 habebat.
568 1734 706 1775 neque
737 1734 852 1770 xero,
874 1734 972 1760 cum
1006 1720 1167 1774 aliquid
1199 1720 1492 1769 mandav·,eiat
1520 1718 1768 1759 confectum

333 1778 528 1833 puta.bat
551 1777 660 1818 nihil
681 1786 785 1827 erat,
807 1777 922 1832 quod
948 1792 1030 1818 non
1056 1777 1146 1832 ipse
1168 1777 1323 1827 obiret,
1342 1784 1600 1827 occurreret,
1619 1775 1783 1831 vigila--

274 1841 411 1885 17'1et,
444 1834 676 1876 laborarzet
712 1833 863 1890 frigus,
897 1834 1027 1884 sitim,
1063 1835 1220 1875 famem
1253 1834 1362 1874 f·e1re
1391 1842 1575 1889 poterat.
1637 1809 1770 1874 Hunc

333 1907 370 1932 6
361 1908 415 1940 go
439 1892 659 1932 hominem
682 1900 770 1932 tam
793 1905 949 1943 acrem,
973 1905 1060 1932 tam
1083 1902 1294 1948 paratum,
1327 1900 1415 1931 tam
1436 1890 1657 1940 audacem,
1681 1899 1769 1930 tam

332 1949 549 2000 callidum,
574 1958 661 1990 tam
695 1949 738 1990 in
772 1948 929 1989 scelere
960 1948 1075 2005 vigil·
1067 1959 1226 1999 intem,
1256 1957 1344 1989 tam
1379 1948 1421 1988 iu
1445 1947 1623 2003 perditis
1645 1947 1771 1987 rebus

331 2007 601 2063 diligentem,
624 2006 704 2047 nisi
726 2021 782 2047 ex
810 1982 1058 2047 domesticis
1090 2006 1265 2047 insidiis
1287 2006 1332 2046 in
1364 2016 1578 2046 castrense
1599 2003 1771 2045 latroci-

332 2065 452 2106 nium
485 2060 806 2120 compulissem,
838 2063 998 2116 (dicam
1032 2063 1090 2113 id,
1121 2063 1236 2118 quod
1259 2063 1414 2114 sentio,
1439 2061 1667 2114 Quirites,)
1687 2075 1772 2102 non

1073 2196 1131 2222 tur
1144 2192 1263 2223 indicia
1276 2191 1428 2222 aliorum.
1459 2191 1521 2221 Sed
1536 2201 1609 2221 cum
1624 2191 1692 2221 suis
1704 2189 1772 2220 ind.

1074 2239 1106 2265 et
1119 2233 1202 2274 eoves.
1218 2234 1334 2264 dmum
1355 2240 1415 2264 est.
1460 2234 1575 2272 Itaque
1585 2232 1774 2272 patefactus

374 2197 413 2229 27
435 2196 462 2224 si
483 2205 557 2225 cum
579 2195 693 2224 ceteris
713 2192 917 2233 conferatur]
949 2192 1030 2223 Edd.

333 2247 380 2277 pr.
413 2237 539 2268 addunt
572 2236 868 2276 supplicationibus.
912 2235 1033 2266 Omisit

333 2280 458 2319 lrinius
481 2279 596 2314 Aldus,
616 2285 692 2318 post
713 2278 803 2308 hunc
825 2287 938 2308 omnes
957 2283 1034 2307 ante

334 2322 640 2352 (¹1·aevium.Sane
660 2320 772 2350 malim
793 2321 1034 2360 supplic-atino-

336 2364 437 2401 mitti,
454 2373 551 2403 quam
567 2363 862 2402 .)Jvup·⁷1lication1'bu3.

377 2409 415 2437 ²28
441 2409 496 2436 hoe
521 2405 663 2444 intersit]
694 2404 794 2435 Bene.
836 2405 898 2435 Sic.
917 2413 1030 2433 onmes

333 2448 404 2478 edd.
417 2454 450 2479 et
463 2459 523 2478 scr.
537 2453 658 2488 praeter
669 2447 748 2477 duos
762 2447 868 2477 Graev.
891 2445 1031 2476 Librarii

333 2499 400 2520 non
427 2491 566 2521 assecuti
585 2495 674 2525 sunt,
691 2496 729 2519 ut
749 2498 847 2529 saepe,
863 2489 929 2518 vim
955 2497 1033 2518 con-

324 2534 480 2571 junctivi.
524 2532 706 2563 Modestius
718 2535 767 2561 est
780 2531 866 2561 mtet
866 2532 920 2567 ut
935 2540 1032 2570 quam

331 2576 466 2605 interest
481 2576 610 2606 Graevii.
627 2587 699 2604 0⁸⁷0
713 2572 810 2616 διαφέρ
812 2588 834 2603 ω
849 2574 892 2603 ἄν.

376 2620 416 2651 99
434 2618 497 2657 Atq
500 2628 539 2648 ue
553 2619 588 2647 il
583 2618 638 2646 'ud
651 2616 722 2656 ὕεα]
762 2587 823 2646 Est
836 2615 941 2646 fornia
954 2624 1032 2645 con-

332 2659 485 2690 cludendi
501 2660 561 2689 loci
576 2660 658 2689 bene
674 2659 789 2689 latina.
832 2659 904 2688 Sic:
928 2658 1034 2697 Atque

333 2704 400 2733 lzoec
414 2703 501 2732 dicta
515 2706 604 2737 szmt,
619 2706 654 2731 et
668 2701 798 2731 similia.

376 2747 417 2775 30
439 2753 642 2783 quamquam
649 2742 842 2782 patefactus
856 2742 986 2772 indiciis
1001 2746 1032 2771 et

332 2787 416 2827 conj.
433 2787 514 2825 suis]
534 2786 614 2816 Edd.
630 2796 678 2825 pl.
700 2784 1031 2824 habentpatetiwtis:

333 2829 419 2868 quod
435 2829 565 2858 mollius
586 2834 648 2864 est,
671 2838 767 2866 quam
779 2826 980 2867 patefactus,
1005 2826 1032 2856 si

332 2883 348 2899 ‹-
353 2881 406 2902 um
422 2872 550 2902 indiciis
565 2876 786 2911 comparetur,
802 2875 835 2901 et
844 2869 1033 2909 intelhwan

1075 2277 1220 2317 praetuli‚
1235 2276 1320 2314 quod
1335 2277 1460 2315 primus
1476 2276 1565 2305 dedit
1579 2275 1692 2305 Aldus.

1121 2322 1157 2349 31
1178 2319 1315 2349 Lentuli
1329 2318 1492 2356 somnum]
1513 2318 1574 2347 Pro
1585 2316 1774 2350 somnolen-

1073 2361 1134 2398 tia,
1145 2367 1183 2391 ut
1196 2370 1293 2401 supra
1303 2361 1362 2390 dor
1365 2362 1465 2391 miens
1477 2370 1536 2400 pro
1546 2359 1771 2390 somnolento:

1074 2404 1120 2433 sic
1138 2404 1253 2433 statim
1272 2403 1369 2443 adeps
1385 2412 1444 2442 pro
1458 2402 1626 2432 tarditate.
1654 2401 1773 2438 Miror,

1075 2445 1203 2475 Graevio
1227 2446 1370 2475 arrisisse
1393 2445 1568 2475 lectionem
1595 2444 1674 2473 Mss.
1700 2452 1777 2473 suo.

1076 2498 1149 2517 rum
1169 2487 1309 2518 duorum
1331 2488 1504 2522 somnium,
1529 2495 1601 2524 quae
1622 2486 1724 2516 etiam
1738 2485 1774 2515 in

1076 2530 1125 2559 ed.
1142 2530 1195 2560 W.
1209 2535 1269 2560 est.
1285 2538 1352 2558 non
1368 2529 1420 2559 hic
1434 2528 1473 2558 dc
1487 2537 1572 2558 vana
1588 2536 1643 2567 spe
1665 2536 1773 2557 sermo

1076 2577 1139 2608 est,
1153 2572 1208 2602 sed
1219 2572 1258 2602 de
1272 2571 1360 2600 vitiis
1374 2571 1560 2604 hominum,
1576 2580 1634 2610 per
1647 2579 1719 2608 quae
1732 2569 1774 2600 ad

1075 2624 1125 2644 res
1138 2614 1294 2653 gerendas
1309 2614 1414 2643 idonei
1431 2622 1496 2642 non
1508 2617 1597 2642 sunt.

1117 2659 1158 2688 32
1179 2657 1226 2686 ad
1245 2659 1351 2685 certas
1373 2655 1438 2694 aes]
1466 2655 1519 2684 lta
1539 2654 1590 2684 ed.
1605 2653 1659 2684 W
1675 2658 1775 2689 recte,

1076 2703 1114 2728 ut
1129 2699 1238 2739 plures
1254 2698 1332 2727 Mss.
1347 2697 1472 2727 Mureti
1492 2702 1528 2726 et
1538 2696 1672 2726 Graevii.
1715 2695 1775 2728 Er-

1074 2750 1146 2771 rore
1172 2750 1358 2780 operarum,
1374 2743 1419 2769 ut
1436 2740 1565 2779 opinor,
1586 2737 1716 2778 irrepsit
1739 2737 1774 2767 in

1074 2782 1124 2813 ed.
1143 2785 1235 2819 1480,
1259 2791 1331 2820 quae
1355 2781 1415 2811 aliz*
1401 2782 1515 2811 ,sfere
1527 2780 1577 2810 ed.
1592 2780 1646 2810 w.
1668 2779 1777 2817 sequi-

1074 2829 1143 2861 tur,
1158 2829 1293 2859 cete-rav,
1309 2830 1342 2854 et
1365 2823 1440 2853 inde
1464 2823 1504 2853 ad
1523 2827 1695 2870 sequentes
1714 2821 1776 2851 flu·

1075 2867 1143 2898 xit·
1136 2891 1145 2906 ,
1169 2876 1366 2907 quamquam
1384 2872 1418 2897 et
1433 2865 1492 2897 ed.
1498 2865 1538 2896 R.
1553 2865 1600 2895 sic
1614 2863 1725 2895 habet.
