1907 3231
584 130 700 168 PRO
726 130 772 168 A.
801 128 1125 168 CLUENTIO.

1499 135 1574 171 551

135 234 342 291 pientiam
370 232 522 276 laudo:
554 235 626 289 qui
664 234 884 275 absolvere
915 247 1029 284 eum,
1054 246 1183 288 quem
1218 235 1575 277 nocentissimum

134 300 389 348 cognorant,
411 302 454 332 et
474 305 602 346 quem
625 292 705 347 ipsi
731 292 794 332 bis
810 292 906 347 jam
930 300 1057 332 antea
1078 290 1432 344 condemnarant,
1457 293 1574 334 nullo

131 350 264 391 modo
289 358 509 405 poterant:
541 350 842 400 condemnare,
864 363 964 390 cum
985 356 1107 389 tanta
1127 348 1297 389 consilii
1332 349 1510 391 infamia
1530 361 1575 391 et

134 413 224 446 tam
242 406 401 455 >atrocis
419 406 479 446 rei
503 407 692 462 suspicio
714 416 825 448 esset
848 407 1022 462 injecta,
1052 404 1195 461 paullo
1219 406 1430 461 posterius
1452 416 1573 463 pate-

133 461 250 504 facta
271 477 329 514 re,
360 463 616 505 maluerunt.

676 463 742 506 Ac
770 479 823 505 ne
852 478 906 505 ex
937 463 1053 504 facto
1075 462 1213 503 solum
1242 463 1457 519 sapientes
1478 463 1571 505 illos
1586 463 1660 503 107

124 519 346 574 judicetis,
378 521 450 562 sed
472 521 602 562 etiam
630 524 669 556 97
680 537 733 562 ex
756 521 1005 562 nominibus
1032 520 1151 576 ipsis,
1173 521 1288 575 quod
1324 520 1353 560 ii
1377 520 1573 573 fecerint,

132 576 370 618 rectissime
390 593 441 619 ac
463 579 777 635 sapientissime
804 579 969 620 tactum
998 578 1213 634 probetis:
1247 578 1342 632 quis
1366 577 1416 619 P.
1441 578 1575 619 Octa-

134 633 205 674 vio
229 633 367 675 Balbo
395 635 571 691 ingenio
602 636 866 693 prudentior,
882 636 982 690 jure
1016 635 1207 691 peritior,
1230 635 1328 686 fide,
1351 635 1575 691 religione,

132 691 279 732 officio
312 692 576 748 diligentior,
602 703 677 734 aut
710 693 898 735 sanctior
929 693 1256 733 commemorari
1289 696 1455 748 potest?
1487 707 1575 734 non

132 748 332 790 absolvit.

394 751 504 797 Quis
537 751 593 798 Q.
615 751 824 792 Considio
853 750 1149 791 constantior?
1181 750 1575 805 quisjudiciorum,

131 814 262 860 atque
280 807 373 861 ejus
393 809 633 863 dignitatis,
655 823 752 863 quae
776 807 817 847 in
834 806 1013 861 judiciis
1042 806 1228 862 publicis
1253 808 1408 848 versari
1431 808 1574 859 debet,

130 863 338 918 peritior?
368 867 463 920 quis
490 866 663 914 virtute,
685 864 882 914 consilio,
909 864 1166 904 auctoritate
1188 865 1490 918 praestantior?
1520 879 1575 906 ne

131 920 166 960 is
189 921 364 975 quidem
386 922 585 963 absolvit.

648 922 848 977 Longum
870 930 934 961 est
961 920 1013 961 de
1037 917 1311 976 >singulorum
1337 922 1493 962 virtute
1514 923 1576 963 ita

129 977 296 1020 dicere:
329 995 442 1034 quae,
473 980 574 1035 quia
595 979 774 1035 cognita
795 986 894 1018 sunt
926 978 980 1018 ab
1014 979 1230 1028 omnibus,
1253 979 1484 1020 verborum
1506 994 1575 1020 or-

128 1045 333 1076 ssalllessta
354 1051 440 1077 non
461 1051 608 1092 qUael'U
617 1046 676 1077 sst.

739 1035 890 1083 Qualis
914 1035 978 1076 vir
1001 1034 1068 1075 M.
1091 1034 1322 1076 Juventius
1347 1035 1466 1077 Pedo
1489 1035 1574 1077 fuit

128 1105 184 1132 ex
215 1102 357 1134 vetere
390 1094 461 1135 illa
485 1094 687 1150 judicum
716 1092 966 1148 discip-lina?
999 1092 1135 1147 qualis
1167 1092 1216 1133 L.
1241 1092 1417 1134 Caulius
1453 1092 1684 1145 Mer-pm.

129 1151 239 1203 gns?
272 1149 338 1190 M.
355 1150 550 1194 Basilus?
574 1151 625 1192 C.
642 1150 890 1192 Caudinus?
921 1150 995 1204 qui
1013 1164 1160 1190 omnes
1178 1149 1221 1191 in
1233 1149 1413 1204 judiciis
1432 1151 1573 1206 publi·
1585 1158 1614 1179 a.

126 1205 203 1258 cis,
220 1206 314 1262 jam
338 1216 429 1249 tum
457 1210 638 1250 florente
661 1208 894 1264 republica,
913 1208 1164 1248 floruerunt.

1231 1207 1299 1248 Ex
1322 1209 1473 1249 eodem
1493 1223 1574 1250 nu-

128 1278 247 1308 mero
273 1264 321 1306 L.
346 1264 534 1317 Cassius,
559 1266 640 1307 Cn.
667 1265 822 1321 Hejus,
847 1265 938 1321 pari
970 1274 1015 1307 et
1044 1264 1294 1320 integritate
1323 1274 1367 1305 et
1389 1266 1575 1321 pruden-

129 1321 211 1363 tia:
244 1336 426 1376 quorum
470 1324 625 1364 nullius
664 1323 877 1364 sententia
917 1331 983 1362 est
1026 1321 1297 1378 Oppianicus
1336 1323 1574 1365 absolutus.

126 1378 274 1434 ,Atque
290 1395 344 1420 ex
364 1379 430 1420 his
449 1382 665 1431 omnibus,
689 1389 791 1422 natu
812 1379 1030 1430 minimus,
1054 1379 1245 1435 ingenio,
1270 1387 1314 1419 et
1332 1380 1572 1436 diligentia,

126 1444 171 1477 et
193 1436 401 1492 religione
424 1453 499 1493 par
522 1438 589 1489 iis,
611 1453 719 1493 quos
753 1450 881 1478 antea
909 1437 1260 1488 commemoravi,
1285 1436 1335 1477 P.
1360 1437 1571 1490 Saturius,

127 1493 172 1535 in
193 1494 342 1535 eadem
372 1496 585 1536 sententia
618 1495 715 1536 fuit.

778 1493 818 1535 O
841 1493 1135 1535 innocentiam
1160 1493 1394 1549 Oppianici
1423 1495 1570 1551 singu·
1586 1499 1659 1534 103

125 1549 281 1593 larem!
314 1566 400 1607 quo
434 1553 477 1594 in
510 1567 597 1603 reo,
631 1553 705 1607 qui
738 1551 939 1602 absolvit,
969 1550 1251 1593 ambitiosus:
1283 1551 1357 1606 qui
1387 1551 1570 1605 distulit,

126 1616 302 1651 cautus:
336 1610 408 1665 qui
432 1610 752 1661 condemnavit,
775 1618 977 1650 constans
997 1608 1285 1649 existimatur.

185 1665 298 1709 Haec
332 1676 422 1708 tum
451 1668 645 1724 agitante
682 1667 882 1717 Quintio,
915 1680 1054 1721 neque
1090 1665 1134 1706 in
1169 1666 1396 1718 concione,
1429 1671 1654 1726 neque39

125 1722 351 1777 injudicio
368 1725 662 1766 demonstrata
680 1734 792 1766 sunt.
807 1738 946 1779 neque
964 1723 1079 1764 enim
1099 1723 1189 1779 ipse
1205 1723 1290 1764 dici
1310 1725 1570 1780 patiebatur,

125 1794 207 1822 nec
228 1795 303 1836 per
325 1782 646 1824 multitudinem
668 1782 932 1824 concitatam
953 1781 1188 1822 consistere
1217 1781 1419 1836 cuiquam
1439 1782 1483 1822 iu
1506 1782 1572 1823 di-

125 1838 264 1879 cendo
300 1838 472 1880 licebat.
535 1839 688 1895 Itaque
718 1840 824 1895 ipse,
857 1848 1087 1895 postquam
1125 1837 1307 1880 Junium
1347 1840 1572 1894 pervertit,

127 1909 300 1936 causam
324 1906 460 1938 totam
485 1896 670 1952 reliquit.
703 1897 850 1953 paucis
873 1896 989 1938 enim
1011 1896 1163 1937 diebus
1194 1895 1275 1936 illis
1307 1904 1351 1936 et
1372 1896 1464 1951 ipse
1486 1898 1574 1952 pri-

124 1961 249 2002 vatus
269 1963 333 1994 est
355 1954 508 2005 factuS,
528 1963 571 1996 et
592 1955 817 1996 hominum
838 1954 980 1994 studia
997 1952 1263 1994 deferbuisse
1286 1953 1574 2009 intelligebat.

127 2009 312 2062 Quodsi,
338 2026 410 2067 per
432 2027 538 2067 quos
571 2013 661 2053 dies
684 2011 865 2054 Junium
900 2011 1135 2062 accusavit,
1159 2010 1480 2051 Fidiculanium
1500 2026 1575 2053 ac-

124 2080 276 2108 cusare
298 2069 499 2110 voluisset
515 2086 523 2110 :
548 2069 834 2126 respondendi
853 2068 1123 2110 Fidiculanio
1137 2076 1329 2124 potestas
1348 2067 1465 2109 facta
1483 2083 1571 2110 non

123 2134 251 2166 esset.

124 2182 345 2237 pianicum
370 2184 723 2235 condemnarant,
753 2184 1014 2226 minabatur.

312 2125 379 2167 Ac
410 2127 548 2182 primo
568 2128 758 2182 quidem,
790 2126 991 2171 omnibus
1013 2125 1095 2166 illis
1111 2125 1351 2181 judicibuS,
1374 2126 1448 2181 qui
1479 2126 1572 2182 Op-

1069 2181 1098 2225 'J
1106 2198 1174 2224 am
1198 2182 1471 2223 insolentiam
1494 2198 1571 2224 no-
1585 2188 1659 2223 109

123 2240 228 2281 ratis
250 2240 460 2283 hominis:
493 2239 654 2283 noratis
681 2242 847 2295 animos
878 2241 971 2297 ejus
1007 2256 1056 2282 ac
1091 2240 1266 2298 spiritus
1297 2240 1570 2283 tribunicios.

125 2297 255 2353 Quod
287 2309 379 2340 erat
407 2299 582 2341 odium?
613 2298 673 2340 dii
702 2295 987 2346 infi‘nortales!
1020 2314 1118 2354 quae
1154 2298 1380 2353 superbia?
1410 2307 1575 2353 quanta

124 2354 342 2410 ¹ignoratio
365 2357 458 2400 sui?
489 2371 619 2412 quam
654 2357 795 2412 gravis
819 2366 948 2413 atque
981 2355 1263 2397 intolerabilis
1298 2356 1572 2411 arrogantia?

123 2412 198 2468 qui
219 2412 324 2455 illud
346 2414 475 2456 etiam
501 2416 644 2471 ipsum
674 2415 826 2456 acerbe
846 2414 1007 2465 tulerit,
1035 2417 1108 2467 (ex
1133 2428 1218 2469 quo
1248 2412 1321 2453 illa
1350 2422 1453 2453 nata
1474 2421 1575 2454 sunt
1635 2444 1641 2449 .

165 2556 205 2588 97
229 2565 269 2585 ex
296 2557 481 2587 nominihus
508 2555 598 2596 ipsis]
629 2555 711 2586 Edd.
739 2558 822 2586 vett.

123 2605 238 2626 omnes
253 2600 434 2629 hominibus
448 2599 572 2629 habent
590 2603 681 2639 (quas
697 2599 748 2628 hie
764 2608 823 2628 nec

123 2637 302 2670 Lambinus
318 2650 376 2671 nec
388 2642 535 2673 Graevius
549 2642 703 2682 inspexit}
724 2650 823 2679 usque

122 2680 165 2710 ad
192 2681 389 2720 Victor-ium,
416 2684 472 2723 qui
497 2684 599 2714 edidit
624 2684 822 2715 nominibus,—

123 2723 211 2760 quod
235 2723 349 2755 deinde
375 2735 502 2762 omnes,
518 2731 640 2767 praeter
659 2726 775 2757 Lamb.
791 2731 825 2755 et

122 2765 291 2796 Graevium
303 2768 407 2797 secuti
421 2774 515 2798 sunt:
538 2769 626 2799 unde
641 2779 679 2798 ea
691 2767 826 2807 vulgata

121 2806 222 2845 lectio
246 2809 336 2839 facta
360 2814 425 2840 est:
451 2820 550 2850 quam
576 2812 658 2841 bene
688 2810 827 2840 retinuit

122 2849 296 2881 Gruterus.
320 2852 398 2882 Non
413 2863 586 2892 possumus
597 2864 635 2883 ex
649 2853 830 2883 hominibus

118 2892 284 2935 judicare,
300 2893 387 2934 quod
412 2895 563 2934 fecerint,
590 2896 621 2927 id
647 2901 772 2926 rectum
797 2899 831 2924 et

865 2556 993 2596 sapiens
1008 2564 1095 2591 esse;
1120 2553 1177 2583 sed
1190 2563 1229 2584 ex
1244 2563 1359 2584 eorum
1375 2554 1572 2593 nominibus,

866 2608 1045 2637 eorumque
1074 2596 1238 2631 claritate,
1262 2597 1288 2625 si
1315 2601 1393 2626 ante
1421 2597 1574 2628 fecerunt

869 2651 920 2678 ea,
936 2651 994 2681 per
1007 2649 1079 2679 quae
1093 2648 1208 2668 eorum
1224 2639 1361 2669 nomina
1374 2638 1464 2670 clara
1478 2647 1572 2676 sunt,

867 2689 901 2712 et
911 2683 1006 2722 signa
1015 2682 1189 2712 hominum
1202 2682 1432 2720 praestantium
1446 2682 1574 2722 sapien-

867 2725 928 2761 tia,
957 2723 1153 2754 fortitudine
1178 2723 1237 2754 ἃς.
1282 2723 1358 2753 Huc
1383 2728 1512 2764 spectat
1539 2728 1574 2753 et

868 2767 1004 2796 verbum
1020 2774 1272 2796 commemorare
1288 2766 1320 2795 in
1343 2766 1573 2805 sequentibus:

871 2810 942 2849 quis
961 2809 1094 2840 Octavio
1107 2807 1214 2838 Balbo
1225 2808 1574 2850 ingenioproestantior

871 2850 1163 2882 —commemorari
1172 2854 1288 2891 potest.

786 2943 917 2978 nn4
