1907 3231
524 69 647 107 ACT.
676 68 727 104 Π.
762 65 941 104 LIBER
968 66 1206 106 PRIMUS.
1512 76 1583 111 135

155 179 292 214 totam
322 173 454 215 vitam
484 171 781 228 periculosam,
816 169 1086 220 invidiosam,
1117 169 1401 226 infestamque
1434 174 1582 217 redde-

153 244 280 282 mus3
311 230 345 270 si
367 229 526 269 nullam
557 229 807 285 religionem
839 241 927 267 5015
958 226 1148 277 habebit,
1180 231 1218 257 33
1233 227 1391 269 nullam
1423 233 1580 272 sancti-

152 284 284 327 tatem
314 285 563 340 conjunctio
589 285 785 326 secundae
824 284 1052 338 dubiaeque
1083 283 1282 334 fortunae,
1316 285 1473 326 nullam
1503 303 1576 328 au-

153 343 396 384 ctoritatem
422 357 559 383 mores
597 352 725 397 atque
763 341 960 383 instituta
989 339 1215 395 majorum.
1277 341 1482 383 Omnium
1513 353 1577 385 est

150 400 390 440 communis
410 399 622 451 inimicus,
641 399 713 455 qui
734 398 817 438 fuit
835 398 969 439 hostis
993 412 1179 438 suorum.
1213 398 1353 439 Nemo
1373 414 1576 454 umquam

152 456 317 511 sapiens
348 457 554 512 proditori
585 456 843 497 credendum
874 455 1056 511 putavit.
1119 453 1216 510 Ipse
1247 455 1377 506 Sulla,
1400 458 1468 497 cui
1500 457 1574 498 ad-

149 522 301 553 ventus
324 513 444 554 istius
467 513 732 570 gratissimus
753 527 844 553 esse
865 511 1028 563 debuit,
1046 511 1099 552 ab
1123 526 1165 552 se
1188 512 1422 564 hominem,
1446 522 1574 569 atque

147 569 202 609 ab
231 570 423 611 exercitu
451 586 527 611 suo
559 570 764 611 removit:
800 569 1036 610 Beneventi
1068 583 1159 609 esse
1182 569 1315 624 jussit
1344 570 1457 625 apud
1488 585 1575 621 eos,

145 640 255 682 quos
286 628 370 668 suis
402 628 594 683 partibus
623 627 904 668 amicissimos
934 640 1024 666 esse
1057 625 1351 681 intelligebat:
1392 627 1465 667 ubi
1497 628 1577 668 iste

146 697 327 725 summae
351 686 409 724 rei
432 699 657 740 causaeque
679 698 832 725 nocere
854 683 960 724 1111111
983 691 1140 738 posset.
1168 685 1204 723 ei
1229 693 1377 739 postea
1398 685 1576 740 praemia

146 736 288 781 tamen
319 741 549 782 liberaliter
577 741 749 782 tribuit:
791 741 904 781 bona
932 740 1129 795 quaedam
1162 741 1495 796 proscriptorum
1529 743 1574 782 in

144 811 250 852 agro
274 797 579 840 Beneventano
600 797 840 853 diripienda
857 796 1093 837 concessit:
1125 795 1277 837 habuit
1298 798 1504 839 honorem
1525 809 1573 840 ut

143 855 370 911 proditori,
393 870 478 896 non
503 865 549 896 ut
569 855 708 896 amico
732 854 874 895 fidem.
936 853 1078 903 Nunc,
1100 854 1294 908 quamvis
1326 855 1411 895 sint
1432 856 1632 909 homi-39

143 925 233 963 nes,
255 912 329 967 qui
348 922 564 953 mortuum
585 912 667 953 Cn.
689 911 934 952 Carbonem
956 911 1149 952 oderint:
1174 921 1313 952 tamen
1336 912 1379 952 hi
1398 912 1570 965 debent,

141 983 245 1020 non,
267 970 369 1024 quid
404 969 462 1009 illi
492 969 684 1010 accidere
718 969 944 1020 voluerint,
976 968 1047 1009 sed
1078 968 1181 1023 quid
1215 969 1317 1024 ipsis
1348 969 1391 1010 111
1424 970 1495 1010 tali
1527 986 1571 1012 re

141 1026 420 1067 metuendum
443 1026 511 1077 sit,
534 1027 740 1082 cogitare.
801 1025 1043 1066 Commune
1064 1035 1129 1065 est
1153 1025 1233 1066 hoc
1257 1026 1431 1078 malum,
1453 1042 1571 1069 com-

139 1083 282 1123 munis
305 1093 459 1134 11161115,
479 1098 706 1124 6011111111116
730 1083 981 1139 periculum.
1030 1081 1171 1123 Nullae
1197 1092 1294 1123 sunt
1315 1084 1570 1125 occultiores

138 1138 322 1191 insidiae,
345 1155 472 1195 quam
497 1155 574 1191 cae,
597 1156 692 1196 quae
724 1142 858 1181 latent
880 1141 923 1180 in
955 1139 1227 1180 simulatione
1259 1140 1407 1192 officii,
1430 1152 1503 1182 aut
1526 1143 1570 1183 in

140 1196 284 1252 aliquo
305 1198 631 1239 necessitudinis
659 1199 846 1238 nomine.
869 1211 969 1237 nam
998 1211 1110 1247 eum,
1134 1197 1206 1252 qui
1240 1197 1379 1253 palam
1411 1208 1474 1238 est
1497 1199 1570 1240 ad-

136 1254 361 1306 versarius,
384 1255 508 1295 facile
534 1255 724 1295 cavendo
757 1255 890 1295 vitare
913 1254 1074 1310 possis:
1109 1253 1191 1295 hoc
1213 1269 1314 1295 vcro
1336 1255 1569 1308 occultum,

138 1310 390 1352 intestinum
412 1327 462 1352 ac
492 1311 776 1353 domesticum
798 1312 972 1363 malum,
996 1325 1082 1351 non
1112 1311 1242 1352 modo
1273 1326 1358 1352 non
1382 1314 1566 1365 exsistit,

136 1382 283 1408 verum
307 1369 435 1409 etiam
468 1369 689 1425 opprimit,
720 1378 948 1424 antequam
981 1367 1225 1424 prospicere
1256 1379 1384 1424 atque
1414 1370 1564 1426 explo-

134 1439 227 1465 rare
251 1426 455 1481 potueris.
518 1426 640 1467 Itane
662 1429 786 1468 vero?
818 1435 878 1478 tu,
901 1440 1000 1467 cum
1030 1434 1220 1480 quaestor
1241 1426 1293 1466 ad
1324 1427 1561 1470 exercitum
1574 1442 1625 1474 40

133 1481 287 1523 missus
312 1483 381 1534 515,
404 1492 547 1524 custos
578 1498 665 1524 non
687 1484 825 1524 solum
855 1483 1066 1539 pecuniae,
1089 1483 1161 1524 sed
1192 1483 1322 1523 etiam
1344 1484 1529 1525 consulis
1551 1503 1562 1537 3

132 1537 348 1596 particeps
379 1541 573 1581 omnium
608 1555 768 1593 rerum,
799 1540 1161 1594 consiliorumque
1192 1539 1353 1593 fueris;
1392 1540 1566 1583 habitus

135 1595 190 1636 sis
213 1597 255 1638 in
278 1597 461 1638 liberum
484 1598 594 1649 1060,
613 1599 724 1639 516111
744 1613 837 1639 11105
861 1598 1073 1653 majorum
1091 1596 1276 1649 ferebam
1308 1607 1483 1653 repente
1500 1614 1566 1640 re-

130 1651 321 1709 linquas?
342 1655 535 1696 deseras?
552 1656 604 1696 ad
618 1656 880 1697 adversarios
892 1658 1104 1697 transeas?
1122 1654 1162 1696 O
1176 1653 1329 1697 scelus!
1355 1670 1380 1696 0
1391 1664 1565 1712 porten-

133 1718 226 1751 tum
257 1712 354 1752 34in
377 1712 548 1753 ultimas
571 1722 702 1754 terras
721 1713 1061 1769 exportandum!
1097 1712 1198 1753 Non
1220 1712 1335 1752 enim
1356 1723 1499 1768 potest
1514 1729 1564 1755 ea

128 1776 295 1820 natura,
312 1784 409 1825 quae
430 1779 597 1811 tantum
615 1769 780 1811 facinus
799 1771 1077 1822 commiserit,
1094 1770 1177 1810 1106
1199 1784 1281 1810 11110
1301 1770 1457 1811 5661616
1470 1786 1562 1812 6556

126 1836 345 1867 contenta.
379 1841 551 1868 necesse
588 1836 653 1868 est
685 1842 851 1883 semper
887 1828 1047 1882 aliquid
1086 1827 1296 1882 ejusmodi
1332 1828 1602 1870 moliaturzb.

126 1896 298 1923 11666556
319 1884 448 1924 estin
482 1884 609 1925 51111111
639 1885 818 1926 audacia
848 1885 1110 1941 perfidiaque
1142 1893 1345 1925 versetur.
1406 1884 1616 1940 Itaque-ss

125 1938 238 1980 idem
263 1940 357 1992 iste,
379 1956 507 1996 quem
532 1941 614 1982 Cn.
648 1941 875 1983 Dolabella
896 1952 1059 1998 postea,
1084 1942 1135 1983 C.
1168 1941 1374 1982 Malleolo
1398 1944 1558 1994 occiso,

126 2010 205 2051 pro
227 2007 441 2053 quaestore
473 1999 638 2050 habuit,
663 2000 795 2051 (haud
828 2000 932 2050 scio,
956 2015 1008 2040 an
1040 1999 1177 2054 major
1207 1999 1337 2039 etiam
1368 1999 1463 2040 haec
1486 2015 1560 2041 ne-

124 2053 343 2096 cessitudo
375 2056 518 2107 fuerit,
541 2071 669 2111 quam
693 2057 764 2097 illa
790 2057 1018 2107 Carbonis,
1040 2072 1089 2097 ac
1121 2056 1214 2112 plus
1237 2056 1454 2110 judicium
1486 2073 1561 2098 vo-

124 2109 301 2152 luntatis
330 2113 480 2163 valere,
503 2128 631 2168 quam
664 2114 788 2154 sortis
819 2114 1006 2165 debeat,)
1030 2114 1141 2154 idem
1173 2115 1216 2155 in
1250 2113 1331 2154 Cn.
1357 2113 1561 2155 Dolabel-

122 2167 223 2219 lam,
245 2170 319 2225 qui
343 2170 384 2210 in
410 2170 492 2212 Cn.
527 2170 772 2212 Carbonem
805 2171 901 2212 fuit.
964 2172 1076 2212 Nam
1099 2186 1196 2226 quae
1220 2171 1262 2211 in
1285 2172 1425 2227 ipsum
1450 2171 1561 2212 vale-

123 2225 230 2278 bant
249 2227 447 2277 crimina,
471 2228 657 2268 contulit
678 2228 720 2268 in
745 2228 877 2279 illum,
901 2243 1159 2283 causamque
1182 2228 1291 2269 illius
1314 2243 1486 2269 omnem
1508 2229 1562 2270 ad

122 2281 322 2324 inimicos
353 2294 706 2340 accusatoresque
737 2285 914 2328 detulit:
947 2286 1038 2342 ipse
1069 2286 1112 2326 in
1143 2300 1255 2336 611111,
1277 2286 1347 2326 6111
1378 2285 1559 2341 legatus,

126 2339 195 2379 cui
219 2354 297 2395 pro
328 2351 542 2395 quaestore
574 2342 727 2394 fuerat,
752 2343 1097 2383 inimicissimum
1133 2352 1261 2397 atque
1293 2343 1560 2398 improbissi-

119 2410 239 2437 mum
262 2399 558 2440 testimonium
586 2400 712 2441 dixit.
775 2399 867 2450 Ille,
890 2401 1018 2440 miser
1049 2415 1148 2441 cum
1171 2410 1304 2451 esset3
1338 2409 1429 2440 tum
1461 2415 1559 2455 pro-

119 2452 284 2495 ditione
306 2455 428 2496 istius
460 2456 638 2508 nefaria,
664 2470 754 2497 tum
786 2457 985 2513 improbo
1016 2466 1059 2498 et
1082 2456 1189 2497 falso
1220 2456 1412 2511 ejusdem
1439 2458 1558 2499 testi-

159 2603 200 2632 33
221 2602 351 2631 nullam
385 2602 566 2632 societatem
603 2602 811 2643 conjunctim]
858 2603 980 2634 usitata
1001 2604 1128 2633 ratione
1144 2604 1177 2633 in
1192 2603 1253 2633 hac
1275 2602 1440 2633 sententia
1453 2604 1558 2642 expri-

119 2643 192 2674 Hoc
219 2648 269 2673 est
295 2643 483 2673 absurdum.
508 2645 540 2676 J.
570 2646 604 2675 F.
633 2646 816 2676 Gronovius
860 2646 1456 2685 niendadcbebatessedeporlandum.
1472 2646 1560 2675 Nam

116 2685 257 2716 correxit
275 2686 495 2723 sanctitatem,
513 2688 599 2726 quod
621 2689 738 2728 recepi,
762 2699 816 2718 eo·
859 2693 1030 2727 mmm-tare
1055 2688 1089 2718 in
1119 2688 1238 2718 bonam
1270 2694 1397 2728 partem
1427 2687 1559 2723 dicitur,

118 2726 192 2756 dem
212 2731 246 2756 et
265 2727 401 2757 fortasse
423 2730 538 2769 majori
553 2731 643 2769 jure,
663 2740 727 2770 quc)
747 2730 819 2761 aliae
863 2735 901 2759 ut
938 2730 977 2760 de
1019 2730 1193 2766 mercibus,
1234 2739 1293 2760 nec
1331 2730 1461 2769 uspiam
1503 2734 1561 2760 aut

115 2768 362 2799 emendationes
376 2776 517 2809 receptae
531 2777 619 2802 sunt.
862 2772 958 2803 aliter
985 2773 1101 2812 reperi,
1129 2777 1188 2802 aut
1216 2772 1257 2802 ab
1292 2772 1363 2802 aliis
1394 2775 1561 2812 repertum

156 2814 197 2842 34
219 2812 254 2841 5η
276 2813 412 2862 uffingas
436 2815 460 2843 t.
487 2814 738 2855 exportandum]
770 2814 819 2844 Ex
863 2814 937 2845 vidi.
982 2814 1095 2855 ltaque
1109 2815 1154 2845 sic
1168 2814 1397 2854 corrigendum
1410 2820 1504 2855 pum.

816 2863 895 2898 14
