1907 3231
480 118 604 156 ACT.
631 118 682 156 11.
721 117 1207 157 LIBER'TE‘RTIUS.
1487 123 1564 163 281

118 252 122 255 -
147 242 150 245 ·
186 222 319 271 Quod
341 226 438 264 cum
471 223 544 264 ita.
561 221 631 272 sit,
653 221 783 263 audes
812 221 967 273 dicere,
992 231 1032 262 te
1061 236 1221 278 magno
1243 223 1444 267 decumas
1466 241 1568 269 ven-

118 280 302 331 didisse,
324 294 431 321 cum*
446 279 501 320 sit
523 280 813 335 perspicuum,
837 289 878 321 te
901 280 1014 321 bona
1035 278 1314 335 fortunasque
1337 293 1568 336 aratorum,

125 352 215 379 uon
253 336 400 394 populi
422 337 647 386 Romani,
684 336 757 378 sed
792 337 853 378 tui
889 346 1079 391 quaestus
1117 352 1260 387 causa,
1297 340 1568 382 vendidisse?

129 395 204 445 Ut,
235 395 269 436 si
294 393 389 449 quis
421 394 586 435 villicus
618 409 672 435 ex
700 408 752 434 eo
775 394 924 444 fundo,
949 393 1068 449 l7qui
1104 393 1203 436 H-S
1233 395 1344 436 dena
1373 399 1567 438 meritas-

127 462 205 502 set,
236 451 392 493 excisis
423 452 648 493 arboribus
678 466 729 492 ac
760 451 960 501 venditis,
990 451 1178 507 demptis
1209 453 1379 508 tegulis,
1410 454 1567 496 instru-

125 518 288 559 mento,
311 522 465 564 pecore
494 508 753 559 abalienato,
776 508 951 550 'domino
976 523 1043 549 xx
1064 508 1199 550 millia
1227 509 1407 551 numum
1430 526 1509 567 pro
1533 527 1565 553 x

126 562 304 615 miserit,
328 565 410 608 sibi
441 566 521 608 alia
546 576 753 622 praeterea
773 575 948 607 centurn
970 566 1232 618 confecerit3
1268 568 1405 622 primo
1427 569 1567 610 domi-

122 623 416 679 nus‚2ignarus
442 624 706 665 incommodi
737 623 817 674 sui,
839 623 1038 679 gaudeat,
1063 623 1292 679 villicoque
1314 625 1566 676 delectetur,

123 681 238 734 quod
283 690 418 722 tanto·
446 681 527 725 sibi
572 681 666 736 plus
707 681 914 722 mercedis
956 695 1010 721 ex
1054 680 1188 722 fundo
1231 682 1439 724 refectum
1482 683 1564 726 sit:

125 737 294 789 deinde,
317 753 415 779 cum
445 738 642 788 audierit,
664 752 734 778 eas
765 752 844 788 res,
867 738 1023 792 quibus
1055 737 1176 779 fundi
1207 738 1373 780 fructus
1402 750 1445 781 et
1474 741 1565 782 cul-

125 804 220 836 tura
241 795 502 847 continetur,
524 804 689 836 amotas
719 803 764 835 et
794 794 1014 846 venditas3
1046 810 1214 839 summo
1245 797 1459 853 supplicio
1478 799 1564 840 1vil-

124 851 255 894 licum
276 854 462 904 afficiat,
484 863 528 894 et
558 866 702 893 secum
730 851 841 892 male
873 861 1017 894 actum
1053 862 1200 908 putet;
1243 854 1346 894 item
1381 855 1562 910 populus

109 908 349 951 -Romanus
370 926 469 952 cum
491 910 626 959 audit,
649 908 781 964 pluris
807 908 1008 949 decumas
1030 910 1271 954 vendidisse
1294 910 1346 952 C.
1370 911 1563 965 Verrem,

113 980 252 1022 ‘quam
273 968 675 1009 innocentissimum
698 965 933 1018 hominem,
955 966 1025 1008 cui
1054 968 1136 1008 iste
1167 969 1386 1020 successit,
1408 968 1463 1010 C.
1487 971 1565 1011 Sa-

122 1025 355 1076 cerdotem,
379 1033 503 1080 putat
525 1039 568 1064 se
596 1025 756 1064 bonum
790 1024 832 1064 in
864 1024 1129 1065 arationibus
1151 1025 1449 1081 fructibusque
1477 1029 1563 1070 suis

1583 243 1657 278 119

1575 872 1607 902 p.
1625 865 1694 898 174.

1574 915 1604 936 a.

109 1081 322 1123 habuisse
344 1083 567 1123 custodem
600 1096 650 1122 ac
681 1081 898 1133 villicum;
930 1096 1029 1122 cum
1059 1083 1252 1135 senserit,
1275 1084 1406 1124 istum
1435 1099 1566 1126 omne
1617 1091 1619 1094 ⁴

109 1139 454 1180 instrumentum
480 1148 711 1189 aratorum,
734 1139 880 1179 omnia
901 1139 1093 1180 subsidia
1114 1141 1391 1197 vectigalium
1414 1143 1564 1184 vendi-

108 1196 249 1248 disse,
272 1211 444 1238 omnem
468 1210 587 1252 spem
620 1196 883 1252 posteritatis
915 1197 1095 1237 avaritia
1116 1213 1191 1238 sua
1213 1199 1447 1250 sustulisse,
1470 1215 1563 1241 ara-

122 1255 261 1296 tiones
284 1264 327 1296 et
356 1269 481 1310 agros
506 1252 736 1309 vectigales
760 1262 946 1294 vastasse
979 1263 1107 1310 atque
1137 1255 1394 1307 exinanisse,
1419 1257 1562 1313 ipsum

121 1312 335 1353 maximos
385 1321 575 1367 quaestus
627 1310 878 1366 praedasque
919 1311 1102 1364 fecisse;
1152 1312 1366 1369 intelliget
1415 1329 1563 1357 secum

121 1379 267 1410 actum
288 1383 378 1410 esse
401 1369 596 1424 pessime,
620 1368 749 1408 istum
780 1377 925 1408 autem
952 1383 1120 1410 summo
1145 1370 1357 1426 supplicio
1378 1371 1560 1428 dignum

121 1426 404 1467 existimabit.
470 1425 592 1466 Unde
613 1439 717 1480 ergo
739 1424 823 1466 hoc
852 1424 1036 1481 intelligi
1068 1430 1237 1481 potest?
1269 1442 1323 1469 ex
1355 1428 1439 1470 hoc
1469 1445 1560 1472 ma-

119 1485 251 1534 xime,
292 1483 408 1538 quod
457 1497 560 1539 ager
600 1482 862 1523 decumanus
901 1483 1136 1538 provinciae
1182 1484 1342 1527 Siciliae
1384 1497 1559 1543 propter

119 1540 242 1582 istius
263 1541 487 1582 avaritiam
511 1541 702 1581 desertus
724 1549 802 1580 est.
833 1555 973 1595 neque
1004 1541 1047 1582 id
1079 1541 1216 1582 solum
1247 1543 1421 1594 accidit,
1442 1548 1483 1579 28
1495 1546 1559 1588 uti

117 1599 260 1640 minus
299 1598 444 1640 multis
475 1597 596 1654 jugis
619 1606 802 1647 ararent,
838 1597 872 1637 si
903 1597 976 1652 qui
1011 1598 1054 1640 in
1089 1599 1203 1655 agris
1240 1612 1561 1655 remanserunt3

117 1656 191 1697 sed
223 1656 367 1707 etiam,
397 1664 447 1698 ,nt
480 1654 680 1711 permulti
711 1654 944 1710 locupletes
976 1655 1187 1707 homines,
1218 1658 1366 1714 magni
1389 1669 1433 1700 et
1461 1662 1561 1702 navi

117 1725 319 1764 aratores,
347 1717 382 1748 ι9
395 1728 521 1769 agros
552 1712 661 1753 latos
692 1727 742 1753 ac
772 1711 932 1755 fertiles
956 1713 1213 1763 desererent,
1237 1725 1436 1771 totasque
1467 1733 1561 1759 ara-

119 1770 257 1813 tiones
290 1770 647 1825 derelinquerent,
710 1769 760 1811 [d
800 1770 907 1810 adeo
944 1771 1044 1811 sciri
1083 1770 1286 1813 facillime
1324 1783 1468 1828 potest
1503 1790 1561 1817 ex

117 1827 270 1869 litteris
306 1828 490 1883 publicis
520 1827 761 1878 civitatum,
792 1836 1019 1883 propterea
1049 1829 1163 1883 quod
1196 1829 1290 1886 lege
1323 1830 1563 1874 Hieronica

116 1900 318 1927 numerus
368 1894 584 1926 aratorum
624 1885 856 1940 quotannis
907 1885 1021 1940 apud
1059 1887 1336 1942 magistratus
1388 1889 1561 1944 publice

105 1943 416 1985 subscribitur.
477 1941 633 1983 Recita
653 1942 840 1993 taudem,
864 1952 972 1997 quot
1001 1944 1217 2000 acceperit
1247 1955 1434 1986 aratores
1467 1948 1560 2003 agri

857 2067 1047 2099 melioribus
1067 2067 1158 2099 libris
1181 2075 1370 2111 reperturum
1394 2070 1498 2102 altera
1512 2070 1560 2103 le-

113 2068 211 2109 tabit]
240 2069 292 2100 Sic
315 2068 438 2099 correxi
455 2068 626 2108 vulgatum
649 2068 812 2105 excogita-

856 2111 923 2140 ctio
960 2117 1070 2141 autem
1100 2122 1140 2141 ex
1169 2116 1362 2153 conjectura
1388 2117 1450 2144 est.
1478 2124 1557 2146 nam

112 2113 174 2149 vit,
201 2112 286 2151 quod
311 2111 421 2142 locum
449 2110 567 2141 habere
595 2120 662 2140 non
690 2115 811 2150 potest,

115 2163 182 2184 non
209 2157 259 2184 est
285 2153 324 2184 de
351 2153 520 2194 praeterito
547 2163 666 2189 sermo,
694 2153 749 2182 sed
773 2153 812 2183 de

112 2196 236 2227 futuro.
281 2197 334 2226 Sic
357 2205 455 2235 supra
481 2197 533 2226 45.
560 2197 617 2226 hoc
642 2195 813 2234 quisquam

113 2238 282 2278 defendet.-
303 2243 338 2269 et
351 2237 502 2268 similiter
513 2248 598 2278 saepe
613 2237 701 2267 alibi.
723 2237 813 2268 Tum

111 2290 198 2321 saepe
225 2281 259 2311 in
296 2280 358 2311 hoc
392 2290 510 2320 genere
539 2280 714 2310 verborum
742 2290 812 2319 per-

113 2323 237 2354 fectum
258 2334 332 2354 cum
355 2323 468 2353 futuro
491 2323 663 2353 confusum
687 2331 754 2351 esse
777 2322 811 2351 in

110 2365 215 2402 libris,
246 2376 343 2396 nemo
368 2365 520 2405 ignorare
546 2369 666 2405 potest,
693 2364 747 2403 qui
774 2364 813 2394 li-

113 2408 187 2439 bros
213 2413 337 2438 veteres
364 2417 424 2438 scr.
448 2414 482 2438 et
507 2408 579 2438 edd.
603 2407 812 2437 mediocriter

111 2451 278 2481 tractavit.
322 2450 427 2480 Miror
454 2450 517 2480 hoc
552 2450 669 2479 vitium
700 2459 811 2488 quem-

110 2503 209 2531 quam
223 2493 365 2532 effugere
379 2493 540 2532 potuisse:
565 2501 649 2522 unus
665 2492 811 2521 Graevius

110 2537 221 2566 sensit.

156 2582 191 2612 17
215 2580 270 2619 qui
298 2577 378 2609 H-S
399 2578 484 2608 dena
507 2576 704 2616 manasset]
736 2575 809 2606 Hoc

109 2625 162 2650 est
173 2632 190 2652 e
203 2621 287 2652 libro
299 2621 425 2652 Nannii
437 2627 472 2650 et
486 2620 567 2650 Pau.
581 2620 680 2649 etiam
696 2619 807 2649 Franc.

111 2665 292 2694 maerltaret.
338 2663 418 2693 Edd.
439 2673 488 2703 pr.
506 2666 689 2692 men-cassel.
733 2660 807 2692 Ald.

110 2706 236 2745 primus
261 2705 361 2736 edidit
387 2707 580 2736 meritus-set.
624 2704 749 2734 Victor.
773 2704 808 2734 P.

110 2748 204 2779 Man.
217 2750 433 2779 eut—merces
445 2752 536 2784 esset,
552 2746 640 2786 quod
661 2752 694 2776 et
717 2746 807 2775 Grae—

107 2792 181 2822 vius
195 2795 326 2821 secutus
341 2796 400 2821 est.
444 2790 515 2821 Nos
529 2790 711 2820 meritasset
725 2798 807 2829 prae—

106 2834 260 2870 tulimus,
280 2833 356 2872 quia
367 2837 417 2863 est
433 2833 567 2863 verbum
589 2832 724 2868 bonum,
740 2840 806 2870 quo

103 2881 142 2907 et
169 2876 295 2908 Plinius
321 2880 355 2906 et
391 2875 490 2906 Silius
515 2875 565 2906 usi
591 2879 683 2911 suut,
709 2879 743 2906 et
770 2873 805 2904 in

855 2152 980 2182 Nannii
1004 2153 1086 2183 liber
1109 2164 1176 2184 non
1193 2154 1268 2191 hoc,
1293 2160 1330 2186 ut
1352 2156 1454 2187 tradit
1472 2157 1558 2187 Gru-

854 2198 958 2231 terus,
973 2196 1028 2226 scd
1043 2195 1127 2226 illud
1139 2196 1290 2227 habebat.

903 2240 938 2268 18
960 2239 1012 2268 uti
1038 2239 1342 2279 nuituis—ararent]
1371 2239 1452 2271 Edd.
1475 2245 1556 2273 vett.

859 2279 983 2310 habent
1008 2282 1059 2310 uti
1086 2281 1268 2312 lei—arent.
1297 2282 1439 2312 alterum
1468 2289 1557 2314 recte

855 2326 905 2351 est
917 2327 1086 2352 mutatum
1102 2322 1135 2352 in
1151 2329 1298 2355 ararent.
1313 2323 1455 2355 alterum
1469 2325 1556 2357 forte

856 2369 890 2394 et
915 2364 1022 2404 ipsum
1046 2371 1190 2396 rectum:
1216 2376 1293 2397 nam
1315 2372 1350 2397 et
1369 2367 1435 2397 alia
1455 2367 1555 2407 hujus

854 2407 970 2436 sorniae.
988 2408 1148 2448 lai—siqui
1170 2409 1320 2450 exempla
1345 2409 1438 2439 nobis
1467 2411 1555 2441 vide-

855 2459 930 2478 mur
952 2450 1124 2489 reperisse:
1149 2456 1206 2480 aut
1224 2451 1308 2481 forte
1328 2452 1360 2480 1ιί
1374 2452 1500 2482 factum
1515 2464 1555 2484 ex

854 2492 902 2528 in,
918 2492 1006 2531 quod
1022 2492 1255 2523 Hotomaunus
1270 2493 1344 2524 addi
1359 2494 1500 2525 volebat.

901 2536 939 2567 19
960 2544 1060 2572 agros
1075 2535 1158 2564 latos
1171 2545 1210 2564 αι·
1220 2534 1370 2575 fertiles]
1395 2537 1554 2568 Restitui-

851 2585 924 2606 mus
939 2581 1082 2606 veterem
1097 2576 1273 2608 lectionem
1289 2579 1370 2608 latos
1382 2589 1440 2618 pro
1453 2580 1552 2617 laos,

851 2619 939 2657 quod
960 2628 979 2648 a
1002 2619 1145 2648 Grutero
1160 2624 1222 2656 est,
1245 2620 1302 2659 qui
1316 2631 1389 2651 eam
1411 2622 1553 2662 scriptu-

851 2671 922 2691 ram
944 2669 1012 2690 csse
1038 2660 1118 2690 dicit
1144 2663 1349 2700 quorundam
1372 2663 1551 2695 librorum:

851 2704 1033 2743 probatque
1048 2703 1205 2734 Graevius.
1250 2705 1313 2735 Sed
1333 2707 1414 2736 latos
1437 2707 1554 2738 melius

852 2745 1020 2776 consentit
1042 2747 1175 2784 magnis
1194 2748 1393 2785 aratoribus,
1414 2754 1449 2779 et
1468 2751 1555 2781 laetos

849 2795 901 2819 est
923 2788 1154 2830 mammio-regor,
1175 2799 1274 2828 quam
1300 2800 1358 2829 pro
1382 2790 1443 2821 hoc
1468 2791 1554 2828 loco,

851 2841 911 2863 nec
924 2831 966 2864 ad
980 2830 1126 2862 indolem
1140 2841 1295 2871 agrorum
1309 2833 1466 2872 pertinet.

1572 1440 1640 1490 51

1574 1514 1650 1548 120
