1907 3231
348 158 424 194 694
945 157 1194 194 ORATIO

401 261 539 303 audire,
561 260 683 297 Cicero
708 262 795 309 quid
816 262 946 298 dixerit
976 260 1018 296 L.
1040 260 1103 297 IV.
1125 262 1167 296 de
1184 262 1259 297 Fm.
1277 261 1321 298 B.
1341 266 1376 297 et
1394 261 1447 297 M.
1468 272 1495 296 c.
1515 262 1577 302 27.
1631 259 1774 297 Omnia

401 320 555 360 peccata
572 314 677 360 paria
694 313 827 350 dicitis.
882 313 971 348 Non
990 323 1063 359 ego
1084 310 1166 358 jam
1185 319 1311 349 tecum
1339 314 1393 349 ita
1418 313 1563 362 loquar,
1592 313 1702 355 Cato,
1728 316 1774 348 ut

402 364 536 401 iisdem
556 365 614 400 his
632 364 678 401 de
697 365 820 406 rebus,
840 376 927 399 cum
946 363 988 399 L.
1009 363 1226 406 Murenam,
1246 371 1283 401 te
1301 369 1500 401 accusante
1518 363 1774 400 defenderem.

403 415 517 463 Apud
534 417 729 464 imperitos
748 423 829 451 tum
850 416 912 450 illa
929 415 1148 451 dictasunt:
1179 417 1318 465 aliquid
1336 418 1450 452 etiam
1462 427 1612 452 coronae
1630 416 1777 452 datum.

403 467 518 503 Nunc
550 469 741 517 agendum
769 467 954 502 subtilius.
1012 467 1073 501 De
1100 468 1254 516 artificio
1281 474 1412 508 autem,
1434 481 1503 517 quo
1522 467 1724 515 Sulpicium
1740 471 1776 505 et

407 520 575 555 Catonem
603 520 839 567 reprehendit,
874 520 928 554 ita
959 519 1206 559 Quintilianus
1232 520 1274 555 L.
1297 521 1366 556 XI.
1392 533 1420 556 c.
1444 525 1481 556 l:
1521 519 1691 555 Multum
1719 522 1777 556 est

404 571 649 611 difficultatis,
677 571 742 606 ubi
769 571 880 618 ipsos,
908 578 1043 606 contra
1070 583 1163 619 quos
1190 571 1362 613 dicimus,
1382 583 1555 608 veremur
1573 571 1776 607 offendere.

404 623 502 659 Duae
520 624 633 658 simul
647 620 865 668 hujusmodi
884 634 1055 669 personae
1075 623 1249 659 Ciceroni
1276 635 1345 672 pro
1361 623 1526 659 Murena
1541 623 1683 660 dicenti
1709 622 1778 658 ob-

405 677 598 714 stitemnt,
627 674 683 710 M.
702 675 858 710 Catonis
888 680 927 709 et
954 675 1054 710 Serv.
1074 675 1238 722 Sulpicii.
1291 676 1418 714 Quam
1443 675 1622 711 decenter
1647 679 1777 711 tamen

405 727 585 773 Sulpicio,
602 738 689 762 cum
709 738 840 762 omnes
862 726 1103 762 concessisset
1122 728 1290 769 virtutes,
1305 728 1501 763 scientiam
1516 726 1668 774 petendi
1685 738 1777 762 con-

405 779 549 813 sulatus
579 778 741 814 ademit!
774 778 863 827 quid
891 779 994 814 enim
1013 778 1113 814 aliud
1140 787 1246 818 esset,
1273 791 1348 828 quo
1376 791 1414 814 se
1441 779 1558 814 homo
1587 777 1721 814 nobilis
1740 782 1779 814 et

399 828 498 875 juris
517 831 673 865 antistes
691 831 832 866 victum
854 831 974 879 magis
993 830 1134 866 ferret?
1166 831 1220 867 Ut
1238 842 1326 866 vero
1342 831 1529 869 rationem
1555 841 1631 866 suae
1649 829 1779 866 defen-

405 882 523 917 sionis
542 882 725 918 reddidit?
757 882 855 918 Cum
882 894 921 918 se
939 881 1124 918 studuisse
1143 883 1318 931 petitioni
1337 883 1492 930 Sulpicii
1509 886 1643 917 contra
1658 881 1780 917 hono-

407 945 487 969 rem
504 934 690 975 Murenae,
711 945 787 969 non
806 934 907 969 idem
922 934 1058 969 debere
1076 935 1305 970 accusationi
1323 940 1456 971 contra
1468 938 1595 981 caput,
1614 933 1777 969 diceret:

405 986 534 1024 Quam
552 987 656 1021 molli
685 990 813 1021 autem
841 986 1002 1021 articulo
1028 988 1202 1022 tractavit
1229 987 1441 1022 Catonem?
1471 985 1578 1033 cujus
1605 989 1782 1021 naturam

407 1049 556 1073 summe
575 1038 794 1079 admiratus,
822 1049 900 1073 non
918 1039 1033 1085 ipsius
1054 1039 1157 1079 vitio,
1176 1038 1241 1074 sed
1261 1039 1396 1075 Stoicae
1413 1043 1538 1081 sectae,
1558 1036 1782 1088 quibusdam

407 1090 517 1125 iebus
545 1090 738 1125 duriorem
756 1089 874 1125 videri
892 1090 1031 1125 factam
1049 1090 1210 1132 volebat,
1228 1096 1272 1126 ut
1299 1092 1400 1127 inter
1416 1102 1480 1126 eos
1497 1102 1576 1126 non
1591 1088 1783 1126 forensem

347 1178 352 1183 ,
407 1142 708 1181 contentionem,
736 1141 802 1176 sed
828 1141 1035 1177 studiosam
1075 1142 1371 1190 disputationem
1400 1143 1569 1178 crederes
1596 1140 1783 1176 incidisse.

410 1194 539 1240 Itaque
555 1206 616 1229 nec
631 1195 772 1234 mirum,
791 1194 821 1228 si
840 1194 997 1229 Illurena
1012 1194 1193 1230 absolutus
1211 1200 1276 1236 est,
1296 1196 1391 1242 quod
1405 1207 1445 1230 ex
1461 1196 1562 1230 Orat.
1572 1205 1638 1242 pro
1655 1187 1784 1228 Flacco

408 1257 436 1280 c.
460 1249 515 1281 13.
532 1247 774 1292 intelligitur·
794 1244 962 1281 Nonne
953 1257 1036 1293 ipso
1051 1246 1234 1295 Pompeio
1247 1252 1414 1289 auctore,
1430 1246 1558 1282 Silano
1568 1251 1607 1282 et
1618 1244 1784 1284 Murena

412 1297 817 1334 COSS.decrev1mus.

318 1392 343 1439 1
378 1377 577 1453 QUAE
596 1407 846 1463 deprecatus
869 1406 988 1447 adiis
1007 1407 1318 1450 immortalibus
1341 1423 1449 1460 sum,
1463 1406 1648 1472 judices,
1668 1419 1788 1446 more

328 1461 371 1495 1
363 1465 646 1528 institutoque
664 1479 888 1518 majorum,
903 1464 974 1504 illo
991 1464 1060 1504 die
1064 1481 1173 1519 ,quo
1196 1467 1465 1530 2auspicat0,
1483 1465 1669 1506 comitiis
1687 1477 1787 1504 cen-

361 1521 547 1570 uniatis,
574 1521 620 1561 L
648 1521 877 1561 Murenam
899 1522 1116 1561 consulem
1148 1523 1414 1572 renuntiavi;
1446 1532 1493 1563 ut
1513 1536 1563 1562 ea
1584 1536 1648 1562 res
1679 1519 1786 1561 mihi

356 1578 717 1634 magistratuique
741 1592 849 1628 meo,
867 1578 1026 1633 populo
1055 1578 1252 1634 plebique
1274 1580 1497 1629 Romanae,
1521 1579 1626 1619 bene
1658 1587 1787 1632 atque

358 1635 542 1675 feliciter
561 1635 774 1675 eveniret:
799 1635 945 1675 eadem
968 1649 1115 1689 precor
1134 1637 1187 1676 ab
1208 1636 1357 1678 iisdem
1376 1637 1456 1677 diis
1473 1634 1786 1676 immortalibus

358 1693 414 1732 ob
434 1687 637 1745 ejusdem
644 1690 829 1731 hominis
849 1692 1116 1737 consulatum
1134 1707 1329 1734 unacum
1344 1693 1476 1733 salute
1490 1691 1787 1741 obtinendum,

360 1759 403 1788 et
426 1760 473 1788 ut
497 1758 647 1788 vestiae
680 1758 844 1788 mentes
877 1759 1005 1803 atque
1035 1749 1256 1796 sententiae
1288 1765 1385 1792 cum
1418 1748 1565 1805 populi
1599 1748 1786 1789 Romani

358 1805 654 1846 voluntatibus
680 1804 798 1844 suffi·
787 1805 980 1860 ·1giisque
1002 1807 1271 1847 consentiant
1276 1821 1434 1862 ‚eaque
1457 1821 1519 1846 res
1544 1806 1679 1856 vobis,
1710 1819 1788 1860 po·
1846 1844 1850 1848 .

361 1863 548 1917 puloque
575 1861 790 1911 Romano,
813 1876 977 1916 picem,
1001 1839 1367 1917 tianquillitat'em‚
1389 1864 1541 1928 otium,
1563 1862 1789 1904 concordi-

359 1934 512 1973 amque
536 1918 700 1958 afferat.
755 1894 919 1982 Quodsi
941 1919 1011 1959 illa
1033 1920 1279 1960 3sollemnis
1302 1921 1574 1961 comitiorum
1598 1922 1788 1982 precatio

359 1975 653 2016 consularibus
684 1975 885 2030 auspiciis
914 1987 1178 2027 consecrata,
1204 1987 1365 2018 tantam
1400 1977 1557 2018 habet
1549 1991 1592 2017 ln
1623 1990 1667 2016 se
1702 1990 1789 2017 vim

360 2043 401 2072 et
427 2033 693 2088 religionem,
716 2047 789 2086 qu
777 2042 919 2072 uitam
944 2033 1190 2088 reipublicae
1213 2035 1400 2089 dionitas
1424 2033 1635 2090 postulat:
1675 2032 1789 2074 idem

362 2103 444 2137 eoo
482 2104 573 2128 sum
609 2100 821 2144 precatuS‚
859 2099 907 2129 ut
941 2104 1001 2130 eis
1040 2105 1211 2145 quoque
1249 2091 1508 2141 hominibus,
1533 2091 1690 2145 quibus
1717 2089 1789 2129 hic

363 2141 626 2194 consulatus,
649 2149 669 2175 4
684 2161 750 2185 me
768 2156 960 2200 rogante,
984 2147 1107 2188 datus
1127 2157 1250 2198 esset,
1264 2163 1313 2188 ea
1332 2163 1396 2188 res
1419 2148 1570 2198 fauste,
1593 2145 1788 2196 feliciter,

325 2199 348 2233 2
367 2216 651 2266 orospereque
676 2203 881 2243 eveniret.
945 2179 1054 2250 Quae
1079 2219 1175 2244 cum
1209 2206 1268 2245 ita
1291 2206 1389 2256 sint,
1405 2205 1593 2260 judiceS,
1625 2211 1668 2244 et
1689 2217 1789 2244 cum

363 2274 502 2299 omnis
533 2260 707 2300 deorum
744 2259 1051 2301 immor-tilium
1085 2270 1272 2316 potestas
1301 2272 1374 2302 aut
1407 2262 1609 2302 translata
1647 2260 1702 2301 sit
1736 2260 1790 2301 ad

362 2330 451 2362 vos,
477 2327 551 2356 aut
580 2327 693 2357 certe
727 2318 1044 2358 communicata
1074 2319 1320 2360 vobiscum.
1364 2319 1476 2360 idem
1515 2317 1662 2358 consul
1690 2331 1790 2357 eum

361 2383 513 2413 vestrae
536 2372 635 2413 fidei
658 2374 946 2424 commendat,
969 2377 1040 2429 qui
1077 2385 1202 2416 antea
1223 2377 1303 2416 diis
1336 2375 1648 2418 immortalibus
1671 2388 1789 2414 coma-

360 2430 603 2480 mendavit3
636 2441 681 2470 ut
715 2431 906 2484 ejusdem
935 2431 1120 2472 hominis
1157 2447 1260 2472 voce
1290 2443 1333 2473 et
1362 2432 1596 2473 declaratus
1625 2429 1789 2480 consul,

357 2495 399 2526 et
427 2486 642 2538 defensus,
679 2487 936 2528 beneficium
971 2488 1117 2545 populi
1143 2488 1329 2531 Romani
1365 2504 1463 2531 cum
1493 2497 1631 2536 vestra
1661 2498 1791 2543 atque

403 2638 412 2664 l
441 2636 524 2675 Qua
542 2637 731 2676 deprecatus
746 2647 767 2666 a
787 2638 817 2666 d.
833 2639 853 2667 i.
869 2638 956 2677 sum]
984 2639 1051 2669 De·
1093 2641 1180 2679 depr.
1203 2651 1274 2671 sum
1289 2651 1309 2671 a
1325 2642 1356 2671 d.
1371 2643 1392 2672 i.

353 2683 507 2716 precatus
521 2679 590 2708 edd.
607 2689 652 2718 pr.
676 2678 776 2708 Aldus
799 2680 927 2709 induxit
937 2690 1051 2719 pret-a-
1137 2685 1155 2712 2
1178 2684 1357 2723 auspicato]
1383 2683 1432 2714 Ad
1453 2683 1515 2713 hoc
1537 2682 1790 2723 intelligendum

357 2723 421 2755 tus,
435 2730 473 2749 ex
488 2719 543 2749 Or.
559 2720 598 2749 ad
620 2721 712 2759 Quir.
729 2731 760 2760 p.
776 2721 854 2751 Red.
868 2727 904 2751 ut
920 2723 1048 2762 opinor:
1094 2724 1164 2763 lege
1177 2725 1215 2754 de
1231 2726 1309 2755 Nat.
1324 2726 1366 2756 D.
1384 2726 1429 2762 11,
1450 2728 1495 2755 14.
1512 2725 1550 2755 de
1565 2726 1677 2756 Divin.
1694 2724 1722 2761 Ι,
1740 2727 1788 2757 17-

357 2766 450 2791 vetus
464 2762 606 2793 restituit
622 2764 649 2791 (ι
653 2768 790 2792 ruterus.
836 2763 916 2793 Sam
933 2764 1052 2795 ultimo
1136 2770 1154 2796 3
1176 2768 1312 2797 eolennis
1332 2778 1412 2797 com.
1428 2767 1588 2807 precatio]
1612 2777 1642 2798 v.
1657 2766 1698 2798 ad
1723 2766 1791 2797 He-

358 2803 430 2832 loco
445 2803 534 2842 posui
549 2814 565 2833 e
581 2803 644 2833 Ms.
654 2806 714 2834 Gn
729 2814 802 2842 quse
817 2810 866 2834 est
881 2806 1053 2837 collocatio
1097 2818 1189 2841 renn.
1205 2809 1262 2845 1V,
1278 2812 1306 2840 3.
1320 2810 1390 2839 Liv.
1404 2809 1564 2846 XXXIX,
1585 2812 1630 2839 15.

359 2845 586 2880 Ciceroniana,
603 2851 640 2874 ut
663 2848 695 2876 in
710 2846 765 2876 Or.
783 2847 823 2876 ad
844 2847 907 2886 Qu.
923 2859 954 2888 p.
973 2850 1009 2880 R.
1028 2853 1055 2880 l
1136 2853 1165 2881 4
1183 2861 1233 2881 me
1256 2852 1406 2891 rogante]
1434 2861 1478 2881 sc.
1507 2857 1546 2881 ut
1579 2850 1791 2882 comitiorum

358 2890 392 2917 et
414 2886 458 2917 sic
481 2887 575 2918 affert
597 2887 736 2928 Quintil.
761 2888 822 2925 IX,
847 2889 906 2922 ult.
949 2891 1057 2935 Vulgo
1100 2892 1245 2937 praeside.
1260 2904 1288 2924 ν
1302 2893 1392 2925 Clav
1407 2894 1440 2924 in
1454 2903 1585 2933 rogare,
1600 2897 1634 2924 et
1647 2896 1790 2930 rogator.
