1907 3231
333 128 410 169 474
939 122 1190 161 ORATIO

334 229 531 271 tidianus
551 241 638 269 non
671 227 923 278 oohaerebit,
954 227 988 267 si
1022 225 1152 267 verba
1182 224 1295 279 inter
1326 238 1403 266 nos
1435 222 1763 279 aucupabimur.

335 286 520 341 denique
541 285 767 341 imperium
789 284 1074 326 domesticum
1105 280 1269 322 nullum
1300 282 1394 333 erit,
1417 282 1450 322 si
1484 282 1658 322 servulis
1679 279 1766 337 hoe

199 359 231 391 p.
251 351 323 384 ⁶295·
336 343 493 384 nostris
515 342 863 392 concesserimus,
887 349 934 380 ut
961 338 1014 379 ad
1037 338 1168 379 verba
1186 338 1322 380 nobis
1343 339 1572 380 obediant:
1603 352 1692 380 non
1712 335 1766 379 ad

289 401 319 422 ³·
336 400 394 451 id,
416 400 532 456 quod
555 414 608 441 ex
632 398 771 440 verbis
795 395 975 450 intelligi
999 395 1148 450 possit,
1171 396 1483 452 obtemperent.
1545 392 1766 451 Exemplis

335 472 451 499 nunc
474 457 536 498 uti
559 456 758 497 videlicet
779 453 885 494 mihi
917 466 1091 493 necesse
1116 452 1352 507 est—harum
1375 468 1516 494 rerum
1545 452 1768 495 omnium?

337 514 438 557 Non
470 513 658 555 occurrit
681 511 912 564 unicuique
939 509 1129 550 vestrum
1161 509 1276 550 aliud
1298 509 1369 551 alii
1402 508 1592 551 inomni
1613 505 1770 566 genere

335 571 599 627 exemplum,
629 567 745 623 quod
769 565 1016 618 testimonio
1041 567 1110 616 sit,
1133 580 1220 606 non
1244 581 1298 608 ex
1321 566 1461 607 verbis
1484 577 1634 623 aptum
1663 562 1769 623 pen‘ss.

335 629 434 670 dere
450 629 538 683 jus,
557 625 629 667 sed
650 625 780 666 verba
800 623 956 664 servire
978 623 1204 664 hominum
1226 623 1415 664 consiliis
1436 632 1480 664 et
1500 619 1769 665 auctoritati}-

273 701 323 736 53
337 686 440 727 bus?
485 685 648 725 Ornate
676 690 720 722 et
747 680 922 737 copiose
957 680 1006 722 L.
1029 679 1222 731 Crassus,
1245 678 1375 721 homo
1410 680 1537 736 longe
1567 681 1770 737 eloquen-

337 743 539 790 tissimus,
570 738 714 796 paullo
737 749 850 789 ante,
872 752 1002 793 quam
1022 752 1100 780 nos
1123 737 1167 778 in
1197 738 1338 779 forum
1368 735 1575 788 venimus,
1598 737 1769 793 judicio

334 796 632 841 centumvirali
655 796 767 837 hanc
794 795 1052 836 sententiam
1073 794 1280 846 defendit,
1303 803 1347 835 et
1377 793 1516 845 facile,
1537 809 1637 836 cum
1664 790 1770 839 con.-

333 866 402 898 tra
433 869 532 897 eum
557 853 922 910 prudentissimus
945 852 1090 904 homo,
1122 852 1179 899 Q.
1204 851 1395 902 Mucius,
1417 852 1592 903 diceret,
1614 852 1770 908 proba·

335 913 402 955 vit
429 912 644 962 omnibus,
669 910 750 952 Μ’.
774 910 969 961 Curium,
991 910 1064 965 qui
1095 909 1219 950 ,heres
1250 910 1471 950 institutus
1499 917 1612 950 esset
1642 908 1772 960 52ita,

336 980 510 1012 mortuo
532 978 734 1026 postumo
756 967 866 1020 filio;
897 981 994 1008 cum
1012 967 1123 1007 filius
1147 970 1185 998 53
1197 982 1282 1008 non
1301 967 1431 1007 modo
1453 963 1545 1008 non
1560 964 1772 1015 mortuus,

338 1028 412 1069 sed
434 1042 487 1068 ne
508 1036 633 1067 natus
656 1025 830 1080 quidem
857 1033 983 1075 esset,
1004 1024 1204 1065 heredem
1237 1039 1328 1065 esse
1350 1033 1563 1079 oportere.
1624 1018 1771 1075 Quid}

336 1085 479 1126 verbis
503 1083 604 1124 satis
621 1083 705 1124 hoc
725 1090 902 1124 cautum
923 1084 1040 1124 erat?
1070 1082 1261 1122 minime.
1323 1082 1435 1128 Quae
1458 1096 1522 1122 res
1545 1080 1678 1137 igitur
1697 1077 1771 1121 va}-

337 1141 446 1184 luit?
476 1140 694 1182 voluntas:
724 1154 821 1195 quae
844 1140 878 1181 si
910 1138 1052 1179 tacitis
1082 1139 1206 1179 nobis
1240 1139 1422 1194 intelligi
1445 1148 1605 1194 posset,
1629 1130 1772 1179 verbis

338 1199 515 1240 omnino
533 1212 619 1239 non
637 1206 876 1238 uteremur:
909 1196 1012 1251 quia
1029 1211 1115 1237 non
1132 1205 1297 1252 potest,
1328 1196 1460 1236 verba
1476 1205 1642 1251 reperta
1658 1205 1773 1246 sunt,

257 1257 327 1311 19
339 1271 425 1298 non
442 1271 539 1312 quae
561 1254 834 1311 impedirent,
855 1254 928 1295 sed
947 1268 1044 1309 quae
1062 1254 1301 1295 indicarent
1314 1250 1594 1307 voluntatem.
1625 1254 1665 1283 54
1681 1251 1773 1293 Lex

274 1329 326 1364 54
340 1329 461 1356 usum
484 1313 786 1354 auctoritatem
809 1311 932 1353 fundi
952 1311 1082 1366 jubet
1112 1325 1203 1352 esse
1234 1311 1471 1352 biennium.
1525 1308 1586 1350 At
1612 1308 1775 1350 utimur

335 1372 487 1413 eodem
503 1371 603 1426 jure
625 1370 669 1410 in
692 1369 873 1420 aedibus,
895 1383 992 1424 quae
1014 1368 1059 1409 in
1077 1369 1171 1425 lege
1189 1384 1277 1409 non
1299 1367 1581 1424 appellantur.
1637 1365 1682 1408 Si
1702 1362 1774 1407 via

335 1429 392 1470 sit
427 1427 671 1479 immunita,
693 1426 837 1482 jubet,
861 1429 900 1457 55
914 1440 999 1481 qua
1035 1426 1152 1477 velit,
1180 1440 1306 1482 agere
1332 1426 1598 1480 jumentum.
1630 1421 1776 1480 Potest

333 1486 420 1528 hoc
441 1501 496 1527 ex
521 1484 661 1527 verbis
684 1483 884 1539 intelligi,
907 1483 1050 1534 licere,
1074 1484 1108 1524 si
1131 1485 1200 1524 via
1216 1483 1331 1524 sitin
1346 1482 1507 1522 Brutiis
1531 1480 1774 1531 immunita,

334 1558 475 1600 agere,
495 1543 529 1584 si
552 1541 930 1596 velit,jumentum
950 1554 1024 1597 per
1047 1540 1114 1582 M.
1136 1540 1284 1582 Scauri
1304 1538 1610 1581 Tusculanum.
1640 1536 1774 1579 Actio

333 1610 400 1642 est
421 1601 514 1640 56in
541 1609 761 1640 auctorem
794 1607 1049 1654 praesentem
1082 1598 1147 1639 his
1177 1598 1332 1647 verbis,
1357 1607 1771 1648 QUANDoqumEM

335 1672 398 1700 TE
430 1671 484 1699 IN
521 1669 643 1699 JURE
670 1669 958 1697 CONSPICIO.
1012 1654 1110 1696 Hac
1143 1655 1312 1696 actione
1334 1653 1503 1710 Appius
1524 1652 1593 1693 ille
1616 1651 1772 1693 Caecus

333 1715 400 1756 uti
423 1729 508 1756 non
531 1722 690 1770 posset,
711 1713 744 1753 si
768 1715 805 1746 57
822 1722 910 1753 tam
929 1726 1026 1752 vere
1044 1711 1240 1753 homines
1262 1712 1391 1752 verba
1409 1717 1774 1759 consectarentur,

334 1781 504 1824 utrem,
526 1771 650 1827 cujus
669 1784 799 1812 causa
815 1770 947 1811 verba
965 1778 1079 1822 sunt,
1099 1783 1186 1812 non
1205 1768 1542 1810 considerarent.
1575 1768 1615 1811 5.ss
1625 1765 1776 1808 Testa-

377 1903 418 1933 52
440 1902 501 1939 ita,
517 1905 644 1933 mortuo
659 1910 693 1941 p.
707 1899 758 1941 s.]
789 1900 842 1931 Sic
865 1899 914 1929 ed.
935 1900 1033 1930 Rom.

335 1955 434 1984 quam
449 1950 567 1976 eeterae
585 1949 778 1982 sequuntur.
817 1942 878 1973 Ed.
893 1942 946 1972 W.
954 1941 1035 1983 jam

337 1992 463 2017 mortuo
470 1985 542 2026 p.f.
580 1986 678 2016 Forte
692 1989 869 2024 utrumque
883 1989 933 2014 est
948 1996 965 2014 e
980 1994 1035 2014 va—

336 2029 454 2059 rietate
467 2029 661 2068 glossarum.
691 2027 778 2058 Nam
795 2026 947 2057 omnibus
963 2026 1034 2057 aliis

336 2071 417 2101 locis
434 2071 526 2109 (nam
540 2070 580 2101 de
594 2070 656 2100 hac
669 2079 767 2100 causa
780 2079 864 2109 saepe
879 2068 913 2098 in
928 2074 1038 2099 orato-

338 2114 397 2144 riis
425 2113 516 2143 libris
540 2112 833 2151 commemoratur)
863 2111 949 2144 nude
976 2110 1038 2141 hoc

338 2156 485 2195 ponitur,
500 2156 570 2186 sine
583 2154 644 2185 tali
660 2154 832 2194 particula.
857 2154 914 2183 Ita
925 2158 1039 2183 tamen

337 2197 456 2228 melius
472 2197 588 2228 altero.
611 2198 644 2227 Si
659 2201 756 2232 esset,
773 2197 834 2234 ita,
849 2196 876 2226 εἰ
892 2200 1039 2226 mortuus

338 2245 418 2271 esset
426 2250 463 2280 p.
467 2240 504 2280 f.
520 2248 618 2270 nemo
635 2239 791 2269 haesisset.

381 2284 421 2313 53
444 2293 508 2313 non
535 2282 626 2312 modo
650 2291 714 2311 non
739 2284 898 2317 mortuus,
922 2279 979 2309 sed
999 2288 1039 2309 ne

338 2329 409 2354 nat.
424 2324 567 2366 quidem]
584 2324 636 2354 Ex
652 2323 846 2362 elegantiori
861 2328 895 2353 et
911 2322 1041 2352 Cicero·

340 2367 441 2397 niana
455 2368 582 2397 ratione
597 2365 693 2396 scribi
709 2365 860 2401 debebat,
875 2374 938 2394 non
949 2364 1043 2397 ,modo

341 2413 503 2446 mortuus,
519 2409 640 2439 omisso
655 2407 759 2438 altero
774 2417 854 2439 non:
861 2418 891 2437 v.
905 2406 997 2437 Clav.
1008 2406 1042 2436 in

343 2451 447 2489 modo,
460 2457 493 2481 et
507 2461 581 2481 non.

387 2496 427 2524 54
452 2493 522 2523 Lex
534 2503 629 2523 usum
645 2497 675 2523 et
689 2489 852 2531 auetor.s.
868 2490 941 2531 δια]
981 2490 1045 2521 Co-

342 2535 456 2576 pulam
473 2539 503 2567 et
515 2535 697 2566 tollendam
713 2540 787 2574 post
803 2534 938 2564 Hotom.
955 2537 1044 2564 reete

345 2577 465 2608 statuit
504 2578 662 2608 Graevius.
707 2577 823 2615 Itaque
853 2575 1043 2606 delevimus.

346 2618 462 2649 Clarus
483 2619 574 2650 locus
599 2624 650 2650 est
675 2619 709 2649 in
733 2619 848 2658 Topic.
865 2629 894 2648 c.
911 2621 942 2649 4.
965 2628 1044 2648 usus

345 2662 525 2692 auctoritas
531 2661 637 2702 fundi
648 2662 812 2692 biennium
822 2664 880 2697 est,
891 2660 912 2690 i.
923 2671 952 2691 e.
964 2669 1042 2690 usus

343 2703 438 2734 fundi
452 2713 508 2743 per
522 2704 692 2733 biennium
708 2703 764 2734 dat
780 2704 1028 2733 auctoritatem.

386 2748 426 2776 55
449 2755 514 2784 qua
529 2746 620 2784 velit]
643 2745 682 2775 In
698 2756 738 2776 ea
760 2749 864 2785 parte,
881 2755 947 2784 qua
960 2744 1042 2775 velit

344 2787 383 2825 is,
398 2789 449 2818 eui
466 2788 626 2818 transitus
642 2788 675 2817 in
691 2798 729 2817 eo
742 2787 815 2818 loco
830 2787 977 2818 debetur.

385 2830 427 2861 56
447 2830 482 2860 in
496 2829 676 2868 auctorem]
692 2830 744 2860 Sic
756 2829 903 2860 dedimus
915 2840 955 2860 ex
968 2827 1042 2859 edd.

343 2882 392 2913 pr.
423 2871 607 2913 Vulgatum
621 2876 764 2903 actorem
779 2871 884 2913 reperi
899 2871 1047 2913 primum

1077 1899 1111 1929 in
1124 1898 1174 1929 ed.
1188 1899 1225 1929 P.
1235 1898 1379 1929 Manutii
1400 1899 1488 1928 1540.
1502 1896 1590 1928 forte
1603 1905 1777 1938 operarum

1076 1951 1198 1978 errore,
1213 1942 1337 1971 usitato
1352 1941 1386 1970 in
1401 1940 1466 1970 hoc
1476 1940 1584 1970 verbo.
1629 1939 1776 1975 Verbum

1078 1984 1221 2014 auctoris
1244 1990 1294 2013 est
1316 1984 1350 2013 in
1374 1983 1444 2022 ipsa
1465 1982 1603 2012 actionis
1623 1981 1776 2012 formula.

1078 2026 1214 2067 Recepit
1227 2031 1261 2056 et
1274 2025 1433 2055 Graevius.
1467 2024 1591 2054 Auctor
1604 2024 1660 2064 qui
1672 2024 1730 2061 sit,
1745 2032 1777 2054 v.

1080 2069 1115 2099 in
1128 2069 1219 2099 Clav.
1233 2071 1266 2098 in
1280 2067 1313 2097 h.
1329 2077 1359 2097 v.
1376 2077 1408 2097 n.
1423 2071 1454 2100 9.

1124 2113 1161 2145 57
1185 2115 1256 2141 tam
1266 2119 1481 2150 vere—quam
1491 2117 1560 2138 rem
1571 2107 1644 2148 δια]
1669 2107 1779 2139 Locufl

1081 2152 1231 2184 difficilis.
1275 2152 1424 2182 Primum
1445 2150 1592 2181 Graevius
1612 2151 1779 2191 corrigen-

1081 2195 1160 2225 dum
1171 2199 1269 2235 putat
1280 2199 1348 2224 tam
1361 2203 1476 2224 severe.
1500 2192 1678 2232 Eleganter
1688 2202 1781 2224 sane.

1080 2238 1107 2268 si
1122 2248 1195 2268 vere
1220 2236 1438 2275 intelligimus
1461 2236 1634 2271 subtiliter,
1651 2240 1689 2265 ut
1702 2239 1779 2275 post

1082 2290 1111 2310 e.
1127 2282 1178 2311 20.
1193 2279 1285 2317 dicit,
1300 2288 1364 2318 quo
1379 2278 1475 2308 modo
1485 2278 1600 2316 utique
1614 2287 1688 2308 vere
1699 2275 1780 2316 dici-

1081 2327 1151 2359 tur,
1167 2328 1206 2352 ut
1220 2322 1343 2352 veritas
1355 2329 1414 2360 pro
1437 2319 1633 2355 subtilitate,
1648 2319 1778 2350 defendi

1084 2369 1254 2403 uteunque
1269 2363 1439 2402 vulgatum
1454 2367 1573 2402 potest.
1616 2360 1679 2392 Sed
1694 2361 1780 2400 quod

1086 2417 1144 2447 pro
1160 2416 1259 2446 quam
1274 2416 1291 2436 e
1306 2405 1370 2435 Ms.
1386 2404 1455 2434 Erf.
1471 2404 1597 2444 reponit
1612 2408 1662 2440 ut,
1685 2404 1717 2433 id
1732 2414 1781 2434 re-

1086 2449 1270 2479 ctissimum
1292 2454 1356 2484 est,
1371 2457 1390 2477 a
1408 2446 1562 2486 nobisque
1587 2446 1709 2486 pariter
1731 2455 1782 2476 re-

1087 2497 1232 2531 ceptum.
1274 2489 1313 2520 Id
1330 2493 1466 2519 venerat
1485 2489 1520 2518 in
1542 2494 1690 2518 mentem
1711 2486 1783 2518 Ho-

1086 2538 1258 2563 tomanno.
1284 2531 1425 2562 Librarii
1438 2535 1600 2570 putarunt
1614 2539 1714 2570 quam
1726 2529 1782 2561 de-

1086 2575 1232 2611 siderari,
1247 2575 1324 2614 quia
1337 2572 1502 2604 antecedit
1517 2577 1598 2603 tam.

1129 2620 1168 2648 58
1194 2617 1399 2648 Testamenta
1424 2615 1453 2645 εἰ
1485 2617 1643 2646 recitatus
1675 2613 1782 2653 heres]

1086 2659 1174 2691 Alias
1189 2660 1359 2690 institutus
1373 2658 1410 2688 in
1431 2657 1492 2688 hac
1515 2655 1681 2688 sententia
1702 2655 1784 2686 dici-

1084 2707 1152 2734 tur.
1196 2700 1258 2732 Sed
1285 2700 1413 2736 cicero,
1436 2699 1514 2738 quia
1536 2699 1589 2730 hic
1614 2698 1654 2729 de
1677 2698 1784 2729 verbis

1083 2744 1243 2785 disputat,
1264 2743 1348 2774 dixit
1367 2742 1536 2779 recitatus,
1558 2750 1690 2781 nempe,
1703 2749 1781 2770 cum

1084 2786 1276 2818 testamenti
1289 2783 1426 2823 tabula,
1438 2784 1539 2825 signis
1552 2783 1720 2822 detractis,
1733 2791 1781 2813 re-

1086 2830 1244 2862 citantur.
