1907 3231
650 105 1050 150 PRAEFATIO„
1539 109 1587 151 iii

124 223 351 268 >·accurate,
372 230 452 257 nec
483 216 585 258 satis
619 215 849 272 diligenter
880 216 1066 259 contulit
1097 230 1196 270 cum
1226 215 1414 272 vulgatis
1435 233 1582 260 exem-

135 281 231 338 plis,
253 292 302 324 ut
319 283 432 325 infra
452 284 857 325 demonstrabimus.
920 284 976 325 Et
997 283 1158 325 dudum
1181 284 1354 339 quidem
1379 287 1579 341 conjece-

124 362 238 401 ram,
271 365 365 392 eam
407 366 498 392 esse
540 352 840 408 repetitionem
882 351 1258 402 W'aldarferianae,
1289 351 1420 407 quod,
1449 368 1575 407 quas-

108 427 300 473 *cunque
317 418 523 460 lectiones
544 434 599 460 ex
628 434 679 460 ea
699 429 1009 460 commemorat
1032 419 1248 469 Graevius,
1271 433 1341 459 eas
1376 420 1418 460 in
1450 419 1573 461 Wal-

121 484 372 526 ‹larferiana
388 500 652 542 repereram:
689 501 820 538 nunc,
841 486 1042 543 exemplo
1064 486 1155 541 ejus
1179 486 1389 542 inspecto,
1412 488 1527 542 quod
1549 503 1573 529 e

131 551 397 595 bibliotheca
417 554 606 596 civitatis
630 554 961 611 Noribergensis
992 564 1144 595 nactus
1174 568 1283 604 sum,
1307 553 1367 594 ita
1388 569 1479 596 esse
1500 571 1573 596 co-

130 620 288 676 gnovi:
320 636 407 663 non
434 637 520 678 quo
543 621 650 663 nihil
672 623 726 663 ab
749 637 799 663 ea
819 622 1049 678 discrepet,
1072 621 1143 663 sed
1167 621 1281 677 quod
1302 621 1344 662 id
1368 633 1434 662 est
1464 622 1530 663 vel
1549 638 1574 665 a

124 687 237 729 vitio
269 703 511 745 operarum,
545 689 612 731 vel
647 689 876 745 ejusmodi,
909 698 957 730 ut
979 690 1021 731 id
1051 705 1074 730 a
1107 697 1349 730 correctore
1372 691 1573 746 specimi-

128 769 232 797 num
271 756 686 813 typographicorum
725 756 968 814 profectum
1000 757 1208 807 videatur,
1252 756 1367 812 quod
1406 756 1574 798 collatiS

129 823 294 879 aliquot
323 825 591 867 orationibus
622 825 825 882 cognovi.
887 824 1091 866 Ceterum
1118 825 1226 866 illud
1258 825 1388 865 habet
1422 826 1574 882 praeci-

127 892 219 949 pui,
239 893 357 948 quod
377 903 442 934 est
470 893 542 934 illa
562 893 699 934 multo
721 894 968 945 correctior,
999 907 1179 949 eamque
1200 893 1274 948 qui
1310 892 1480 944 habeat,
1503 893 1574 936 illa

124 975 270 1002 carere
293 961 442 1018 possit.
503 960 778 1018 Ignoraverit
799 962 929 1003 etiam
954 971 1127 1018 oportet
1149 961 1387 1002 editionem
1411 961 1572 1003 Roma-

127 1043 243 1081 nam,
273 1030 346 1085 qui
381 1029 493 1071 hane
515 1030 697 1081 curavit,
724 1030 840 1086 quod
871 1044 964 1071 eam
988 1045 1074 1071 non
1097 1029 1202 1071 fecit
1228 1030 1464 1071 auctiorem
1494 1044 1572 1071 nu·

126 1111 244 1138 mero
267 1097 536 1140 orationum:
569 1098 685 1154 quod
707 1099 799 1139 sine
820 1098 953 1140 dubio
973 1097 1160 1149 fecisset,
1181 1098 1215 1138 si
1235 1097 1346 1139 illius
1369 1098 1572 1141 notitiam

121 1175 168 1206 et
185 1166 357 1223 copiam
376 1165 611 1208 habuisset.

183 1233 252 1276 Ex
275 1234 356 1276 hac
376 1233 601 1286 Adamica,
621 1236 710 1276 sive
734 1234 1096 1287 Waldarferiana,
1118 1235 1248 1277 ducta
1268 1245 1332 1276 est
1356 1234 1569 1293 proxima,

120 1317 222 1358 quae
256 1303 450 1344 Venetiis
481 1318 520 1344 a.
549 1308 669 1345 1480.
698 1313 848 1354 curata
879 1313 943 1344 est
968 1318 1041 1359 per
1075 1301 1134 1348 N.
1159 1301 1218 1344 G.
1242 1304 1269 1344 i.
1288 1318 1325 1344 e.
1351 1303 1571 1347 Nicolaum

126 1368 457 1426 Girardengum:
487 1385 587 1411 nam
609 1380 652 1412 et
674 1371 846 1427 paginae
880 1371 985 1427 ipsae
1021 1371 1245 1426 utriusque
1277 1372 1569 1425 consentiunt,

121 1451 203 1478 nec
227 1436 381 1494 plures,
401 1452 478 1480 nec
511 1438 595 1480 alio
626 1439 776 1479 ordine
808 1439 940 1480 habet
973 1440 1204 1490 orationes,
1233 1439 1303 1480 sed
1329 1448 1472 1481 tamen
1494 1439 1569 1495 ita,

118 1513 172 1546 *ut
205 1506 260 1547 ab
295 1521 346 1548 ea
369 1502 596 1548 'interdum
631 1507 1010 1564 discrepent-ejus
1043 1507 1263 1559 lectiones,
1300 1518 1345 1549 nt
1378 1523 1419 1548 v.
1452 1523 1490 1548 c.
1525 1508 1569 1549 in

122 1572 247 1615 Orat.
273 1589 351 1631 pro
386 1573 499 1616 Rab.
537 1573 655 1616 Post.
689 1575 731 1615 in
765 1591 850 1631 qua
881 1575 1227 1617 Waldarferiana
1259 1575 1380 1616 valde
1416 1576 1569 1617 vitiosa

117 1650 208 1694 est:
238 1651 284 1683 et
307 1642 350 1683 in
376 1658 427 1684 ea
455 1643 549 1699 ipsa
575 1643 687 1684 clara
721 1644 881 1684 indicia
912 1653 1026 1695 sunt,
1045 1658 1140 1684 eam
1171 1659 1196 1684 a
1218 1643 1567 1685 Waldarferiana

113 1712 260 1751 ‘ortam
280 1725 387 1752 esse.
417 1726 458 1752 v.
487 1720 578 1752 not.
602 1712 654 1753 ad
677 1727 714 1752 c-.
736 1718 798 1754 12.
821 1721 932 1752 extr.
995 1711 1123 1753 Hanc
1155 1722 1298 1752 tamen
1329 1711 1565 1753 editionem

121 1778 334 1820 Gruterus
356 1779 540 1836 primam
571 1780 678 1821 dicit
707 1780 760 1821 ad
785 1779 908 1821 Orat.
931 1780 974 1820 in
999 1780 1099 1821 Sen.
1124 1790 1220 1836 post
1252 1779 1362 1821 Red.
1385 1795 1423 1821 c.
1448 1781 1488 1822 6.
1521 1781 1566 1822 in

117 1848 252 1888 verbo
274 1846 427 1899 literas,
450 1848 554 1889 item
576 1848 629 1889 ad
652 1847 729 1889 Or.
753 1863 830 1904 pro
857 1846 1021 1890 Cluent.
1036 1848 1105 1893 67.
1126 1849 1220 1888 init.
1242 1848 1315 1889 ubi
1335 1847 1564 1892 lectionem

117 1925 431 1957 commemorat
465 1930 521 1957 ex
551 1916 755 1968 editione,
790 1925 839 1957 ut
870 1917 945 1967 ait,
979 1916 1173 1957 omnium
1205 1916 1357 1972 prima,
1388 1931 1485 1972 quae
1519 1918 1563 1959 in

115 1984 235 2027 nulla
260 1984 529 2041 superiorum
561 1994 640 2036 est,
670 1985 722 2025 de
755 1999 890 2040 eaque
924 1984 1030 2025 adeo
1064 1984 1366 2040 intelligendus
1398 2000 1565 2042 semper

118 2051 337 2104 Gruterus,
359 2068 459 2094 cum
481 2053 662 2109 primam
688 2053 754 2094 vel
785 2053 1087 2110 primigeniam
1125 2062 1451 2104 commemorat,
1483 2054 1562 2096 etsi

115 2120 246 2164 lectio
279 2121 372 2177 ipsa
403 2130 446 2162 et
477 2122 519 2161 in
544 2121 889 2162 Waldarferiana
920 2120 987 2162 vel
1017 2120 1229 2162 Adamica
1260 2121 1484 2177 reperitur,
1516 2131 1564 2163 ut

107 2189 282 2245 ‘aliquot
314 2189 418 2230 locis
447 2200 525 2241 est,
549 2198 597 2230 ut
630 2204 707 2246 pro
741 2188 890 2231 Caecin.
923 2205 960 2230 c.
991 2195 1054 2230 10.
1085 2201 1129 2230 et
1163 2188 1276 2231 Rab.
1301 2188 1429 2230 Perd.
1460 2204 1498 2230 c.
1521 2196 1561 2232 2.

118 2257 267 2314 Hujus
289 2257 493 2299 editionis
523 2257 770 2314 exemplum
803 2257 1096 2317 suppeditavit
1119 2257 1396 2299 Bibliotheca
1418 2268 1564 2300 nostra

117 2325 330 2369 Paullina.

173 2394 382 2436 Proxima
398 2394 500 2436 huic
520 2403 585 2436 est
608 2395 846 2437 Brixiensis
866 2396 966 2437 anni
993 2401 1114 2438 1483.
1176 2393 1283 2436 Eam
1298 2409 1562 2437 commemo-

2 2451 5 2511 l
114 2462 198 2506 rari
219 2463 407 2504 videram
430 2479 455 2504 a
471 2462 659 2505 Grutero
683 2464 735 2505 ad
759 2464 926 2505 Verrin.
943 2463 1005 2514 II,
1027 2470 1097 2506 28.
1131 2462 1260 2504 Catil.
1286 2461 1321 2513 I,
1341 2469 1381 2505 Ω.
1444 2463 1562 2506 Con·

108 2531 215 2587 jeci,
235 2531 484 2587 exemplum
516 2532 609 2587 ejus
635 2547 704 2572 me
733 2532 906 2584 habere,
940 2547 1040 2573 cnm
1059 2546 1082 2573 e
1116 2530 1344 2572 Britannia
1370 2532 1562 2590 accepis-

1 2536 5 2667 i
114 2613 205 2640 sem
237 2599 487 2656 exemplum
519 2597 778 2641 Orationum
801 2601 892 2641 sine
914 2599 940 2640 l.
963 2609 1006 2641 et
1028 2615 1066 2640 a.
1090 2598 1204 2655 quod
1237 2597 1396 2639 formas
1418 2599 1561 2641 litera-

113 2681 210 2708 rum
240 2666 398 2708 similes
429 2681 520 2709 esse
551 2668 748 2710 videbam
775 2669 840 2719 iis,
863 2683 960 2724 quae
995 2668 1040 2709 in
1074 2667 1263 2723 antiquis
1297 2667 1560 2710 editionibus

116 2733 434 2786 Brixiensibus,
455 2736 712 2778 nominatim
746 2735 980 2788 Macrobii,
1003 2746 1159 2787 essent,
1181 2745 1224 2776 et
1247 2735 1454 2776 indicium
1478 2735 1560 2777 loci

0 2850 4 2870 ἱ
108 2812 160 2850 vet
190 2802 291 2845 anni
323 2803 515 2845 ablatum
543 2818 649 2858 esse,
671 2814 837 2847 resecta
870 2804 913 2846 in
946 2819 997 2846 eo
1030 2803 1232 2864 exemplo
1265 2812 1388 2861 parte
1420 2803 1562 2847 ultimi

1 2874 4 2903 ¹
795 2898 819 2924 a
841 2889 866 2924 2
