1907 3231
363 150 439 185 660
919 150 1166 190 ORATIO
1203 143 1252 189 11³.

364 251 540 292 mitatus
562 252 730 295 exierit.
792 254 966 296 Utinam
989 253 1058 294 ille
1071 268 1217 295 omnes
1237 269 1379 295 secum
1403 270 1497 295 suas
1520 254 1665 310 copias
1689 253 1792 295 edu-

366 308 520 350 xisset!
572 308 851 367 6Tongilium
889 310 991 351 mihi
1026 310 1198 363 eduxit,
1242 326 1368 367 quem
1403 315 1577 352 Tamare
1607 312 1648 352 in
1683 326 1793 368 prae-

369 374 490 406 texta
510 365 724 408 calumnia
736 377 953 423 coeperat:
980 366 1223 408 Publicium
1246 378 1288 409 et
1312 368 1587 419 Munatium;
1610 381 1791 423 quorum

372 436 430 462 aes
450 421 636 464 alienum
657 434 924 465 contractum
958 423 1000 463 in
1025 424 1183 479 popina
1205 427 1223 455 8
1238 424 1399 466 nullum
1430 425 1676 481 reipublicae
1700 440 1792 465 mo-

372 487 464 519 tum
478 479 627 521 afferre
645 490 834 536 poterat:
859 480 1028 534 reliquit
1050 495 1157 535 quos
1178 480 1316 523 viros?
1338 494 1499 537 quanto
1519 482 1658 523 alieno
1680 484 1792 523 aere?

325 532 499 590 3quam
525 540 736 578 valentes?
760 540 918 591 9quam
952 537 1143 578 nobiles?
1201 537 1352 592 Itaque
1374 553 1454 594 ego
1477 540 1594 580 illum
1628 539 1809 579 exerci-¹

336 601 480 644 stum,
508 597 542 625 ¹0
555 603 597 633 et
634 592 867 634 Gallicanis
898 593 1155 650 legionibuS,
1187 603 1229 634 et
1260 595 1342 635 1100
1373 595 1554 647 delectu,
1589 610 1716 651 quem
1747 595 1790 635 in

372 665 476 705 agro
512 650 672 690 Piceno
705 659 747 690 et
779 650 947 691 Gallico
982 651 1038 697 Q.
1060 650 1261 692 Metellus
1294 651 1457 703 habuit,
1479 663 1522 693 et
1551 653 1617 693 his
1639 652 1792 708 copiiS,

371 722 467 760 quae
499 721 522 746 a
553 707 677 747 nobis
707 707 899 762 quotidie
921 718 1237 763 comparantur,
1268 723 1528 764 magnopere
1544 719 1791 760 contemnO,

326 768 358 799 b.
371 763 596 803 collectum
618 778 673 804 ex
700 764 870 805 senibus
901 764 1148 819 desperatis,
1169 779 1222 805 ex
1245 766 1402 821 agresti
1434 766 1616 816 luxuria,
1636 781 1690 807 ex
1722 781 1793 806 ru-

367 820 486 860 sticis
522 820 836 872 decoctoribus,
870 835 922 862 ex
958 821 1022 872 iis,
1045 821 1117 877 qui
1151 822 1396 863 vadimonia
1427 823 1633 873 deserere,
1661 837 1789 878 quam

365 876 483 916 illum
504 878 1031 929 exercitun1‚maluerunt:
1064 879 1219 933 quibus
1236 893 1317 934 ego
1339 894 1425 919 non
1447 880 1577 920 modo
1599 880 1632 920 51
1655 880 1791 921 aciem

363 934 578 974 exercitus
601 936 750 986 nostri,
774 950 919 976 verum
941 936 1069 976 etiam
1093 937 1125 976 si
1148 936 1336 977 edictum
1368 937 1564 991 praetoris
1594 936 1790 977 ostende-

364 1005 427 1041 ro,
449 991 693 1032 concident.
755 991 864 1042 Hos,
879 1007 986 1047 quos
1011 993 1133 1033 video
1157 993 1333 1034 volitare
1354 993 1396 1033 in
1420 993 1529 1044 foro,
1550 1008 1657 1049 quos
1680 1003 1790 1034 stare

363 1049 417 1089 ad
450 1049 626 1098 curiam,
649 1064 756 1103 quos
785 1049 914 1089 etiam
949 1049 991 1089 in
1022 1060 1215 1090 senatum
1253 1051 1422 1092 venire:
1455 1051 1527 1106 qui
1551 1051 1690 1091 nitent
1712 1065 1790 1091 un·

362 1105 547 1161 guentis,
579 1106 651 1160 qui
689 1105 855 1162 fulgent
885 1121 1086 1161 purpura,
1115 1107 1285 1148 mallem
1319 1122 1462 1148 secum
1497 1122 1594 1149 suos
1633 1107 1788 1148 milites

360 1162 599 1204 eduxisset:
631 1164 703 1218 qui
726 1163 760 1203 si
778 1163 848 1204 hic
871 1174 1134 1218 permanent,
1156 1174 1433 1215 mementote,
1454 1179 1540 1205 non
1562 1175 1648 1205 tam
1668 1178 1790 1205 exer-

360 1219 494 1260 citum
529 1219 647 1260 illum
679 1234 769 1260 esse
803 1220 942 1270 nobis,
964 1235 1091 1275 quam
1115 1221 1207 1272 1105,
1229 1221 1301 1277 qui
1334 1221 1571 1262 exercitum
1594 1221 1789 1262 deserue-

357 1285 473 1327 runt,
497 1277 875 1332 pertimescendos.
935 1277 1080 1332 Atque
1112 1278 1194 1319 hoc
1219 1279 1350 1319 etiam
1372 1287 1471 1319 sunt
1494 1278 1670 1319 timendi
1693 1293 1785 1319 ma-

361 1334 442 1389 gis,
471 1334 601 1388 quod,
624 1335 725 1389 quid
760 1335 969 1390 cogitent,
1001 1349 1069 1375 me
1097 1336 1204 1376 scire
1242 1336 1446 1386 sentiunt,
1475 1350 1614 1391 neque
1645 1345 1787 1376 tamen

325 1400 678 1445 epermoventur.
738 1391 890 1443 Video,
917 1391 984 1433 cui
1018 1390 1177 1447 Apulia
1207 1393 1262 1433 sit
1291 1393 1514 1443 attributa,
1534 1392 1605 1448 qui
1630 1391 1788 1432 habeat

368 1447 592 1499 Etruriam,
614 1448 687 1503 qui
710 1463 859 1504 agrum
886 1448 1108 1499 Picenum,
1130 1450 1202 1504 qui
1236 1449 1468 1500 Gallicum,
1500 1450 1571 1504 qui
1605 1449 1686 1490 sibi
1710 1449 1785 1489 has

358 1506 541 1546 urbanas
584 1505 759 1546 insidias
801 1506 930 1546 caedis
968 1514 1096 1561 atque
1135 1506 1431 1548 incendiorum
1467 1506 1785 1562 depoposcerit.

358 1563 505 1603 omnia
533 1562 762 1618 superioris
792 1562 932 1603 noctis
965 1563 1141 1603 consilia
1177 1564 1277 1604 llad
1310 1577 1378 1603 me
1406 1563 1547 1604 delata
1577 1577 1668 1603 esse
1690 1577 1784 1603 sen..

354 1619 493 1661 tiunt:
527 1618 709 1675 patefeci
733 1619 776 1659 in
799 1629 947 1660 senatu
980 1619 1178 1660 hesterno
1201 1621 1294 1661 die:
1328 1619 1517 1660 Catilina
1538 1620 1630 1675 ipse
1651 1619 1781 1675 perti-

351 1676 476 1727 muit,
500 1675 714 1732 profugit:
747 1676 790 1716 hi
813 1676 915 1731 quid
938 1680 1218 1732 exspectant?
1251 1692 1316 1717 nae
1341 1677 1398 1716 illi
1425 1677 1695 1717 vehementer
1717 1691 1782 1717 er-

352 1741 462 1783 rant,
486 1734 518 1773 si
539 1733 654 1774 illam
677 1747 813 1774 meam
837 1733 1061 1789 pristinam
1084 1733 1304 1774 lenitatem
1327 1743 1576 1789 perpetuam
1609 1743 1781 1789 sperant

351 1789 556 1831 futuram.

306 1843 342 1892 4
412 1847 540 1894 Quod
573 1846 835 1902 exspectavi,
857 1845 951 1901 jam
988 1861 1081 1886 sum
1110 1854 1342 1897 assecutus,
1365 1854 1413 1886 ut
1441 1861 1516 1887 vos
1549 1860 1696 1887 omnes
1720 1846 1782 1888 fa-

350 1912 463 1945 ctam
478 1919 568 1946 esse
584 1914 729 1960 aperte
750 1904 1091 1960 conjurationem
1114 1913 1264 1944 contra
1285 1903 1591 1959 rempublicam
1619 1904 1781 1945 videre-

347 1962 417 2002 tis.
449 1961 529 2003 nisi
553 1976 652 2002 vero
675 1961 707 2001 si
730 1962 825 2016 quis
854 1971 932 2012 est,
955 1961 1027 2015 qui
1051 1960 1250 2001 Catilinae
1282 1961 1438 2001 similes
1469 1975 1567 2000 cum
1591 1960 1781 2002 Catilina

345 2019 502 2059 sentire
524 2033 609 2058 non
632 2027 769 2074 putet.
831 2018 929 2058 Non
953 2027 1016 2058 est
1031 2017 1125 2072 jam
1147 2017 1312 2058 lenitati
1334 2017 1451 2058 locus
1474 2033 1482 2058 :
1507 2018 1777 2059 severitatem

345 2090 410 2116 res
432 2075 524 2131 ipsa
547 2075 729 2130 flagitat.
752 2090 882 2116 unum
906 2076 1033 2115 etiam
1054 2089 1168 2115 1111110
1198 2075 1455 2115 concedam:
1489 2084 1659 2125 exeant,
1680 2089 1777 2130 pro-

345 2132 606 2183 ficiscantur,
639 2147 692 2173 ne
722 2133 939 2188 patiantur
961 2132 1171 2172 desiderio
1204 2131 1267 2171 sui
1303 2130 1535 2172 Catilinam
1573 2131 1775 2173 miserum

344 2189 574 2231 tabescere.
595 2189 897 2230 demonstrabo
917 2189 1015 2231 iter:
1037 2187 1211 2229 Aurelia
1232 2188 1301 2229 via
1323 2187 1541 2244 profectus
1560 2198 1639 2229 est.
1653 2189 1687 2230 si
1705 2204 1776 2231 ac-

385 2304 405 2334 6
422 2303 622 2342 Tongilium]
649 2303 756 2342 Vulgo
773 2302 807 2333 T
802 2301 972 2341 ang-illum.
992 2301 1035 2331 11-
1079 2300 1167 2331 Med.
1196 2301 1300 2332 fluxit.
1357 2301 1401 2331 At
1427 2303 1589 2333 omittunt
1614 2302 1686 2333 edd.
1716 2301 1769 2332 W.

343 2345 399 2376 lud
414 2345 487 2376 libri
503 2350 582 2375 vett.
596 2345 732 2381 habent,
746 2344 816 2374 edd.
831 2345 885 2375 W.
1082 2346 1171 2374 1480.
1195 2348 1291 2373 reete.
1336 2343 1467 2374 Delevit
1489 2349 1523 2374 et
1545 2345 1702 2374 Graevius.
1723 2354 1774 2374 re-

385 2392 402 2422 7
426 2397 542 2418 amare
563 2388 597 2416 in
607 2397 660 2426 pr.
678 2388 847 2417 calumnia
869 2385 967 2425 σεεμ]
999 2387 1032 2416 Si
1079 2387 1171 2425 liquit
1187 2395 1253 2415 non
1263 2385 1325 2415 fert
1342 2386 1402 2415 hoc
1414 2386 1687 2417 additamentum.

340 2431 509 2460 calumnia
531 2439 645 2459 verum
667 2437 730 2466 est,
752 2429 934 2468 significare
952 2427 1034 2458 nihil
1124 2431 1160 2458 10
1182 2432 1212 2457 et
1231 2427 1426 2467 Gallicanis]
1454 2428 1516 2458 Hic
1539 2429 1629 2458 locus
1651 2429 1685 2458 in
1700 2427 1772 2459 edd.

339 2477 460 2511 potest,
475 2481 571 2511 quam
596 2472 814 2507 simulatione,
839 2475 876 2500 ut
892 2470 1032 2500 Ursinus
1075 2479 1124 2509 pr.
1149 2470 1230 2499 mire
1254 2469 1471 2510 interpolatus
1494 2474 1544 2500 est
1565 2477 1599 2500 et
1622 2471 1770 2501 vitiosus.

339 2516 575 2553 interpretatus
605 2520 664 2543 est.
721 2513 784 2543 Sed
811 2513 962 2552 nuspiam
988 2512 1032 2542 sic
1075 2511 1189 2541 Lectio
1217 2521 1304 2541 nunc
1330 2512 1464 2551 vulgata
1496 2517 1545 2542 est
1574 2522 1593 2542 3
1626 2512 1769 2542 Mureto.

337 2557 540 2586 calumniam
566 2555 688 2586 dictam
716 2555 833 2595 reperi,
861 2559 919 2584 aut
948 2554 1032 2593 quis·
1076 2553 1217 2592 Quidam
1240 2563 1407 2584 correxere
1417 2563 1488 2593 pra·
1517 2554 1604 2584 Gall.
1621 2554 1709 2594 quod
1722 2560 1771 2585 est

336 2608 434 2637 quam
448 2597 603 2628 ostendit.
650 2598 693 2627 Et
707 2602 820 2627 tamen
836 2597 889 2626 vix
904 2596 1032 2627 videtur
1076 2595 1222 2625 facilius:
1247 2594 1387 2626 alterum
1410 2596 1613 2634 exquisitius.

337 2640 398 2671 hoc
413 2641 544 2669 verbum
561 2648 628 2669 esse
643 2651 662 2670 3
675 2640 822 2669 librariis·
1121 2640 1154 2667 ll
1179 2637 1226 2667 ad
1245 2647 1295 2667 me
1315 2638 1425 2668 delata
1447 2647 1513 2667 esse
1535 2637 1692 2677 sentiunt]
1718 2638 1770 2668 Sic

379 2685 397 2713 8
420 2683 547 2711 nullum
564 2691 593 2710 r.
612 2682 748 2721 motum]
775 2682 827 2711 Sic
844 2680 895 2711 ed.
918 2680 958 2710 R.
975 2679 1030 2709 ΒΓ.
1074 2678 1145 2709 edd.
1167 2679 1219 2710 W.
1245 2682 1335 2710 1480.
1351 2684 1386 2710 at
1407 2679 1446 2710 R.
1469 2679 1524 2709 Br.
1548 2680 1636 2710 Med.
1653 2685 1769 2710 ceterae

336 2723 424 2755 Med.
441 2728 474 2753 at
496 2724 548 2753 W.
578 2726 666 2754 1430.
690 2728 823 2753 metum.
868 2721 955 2753 Illud
978 2731 1031 2751 ve·
1068 2722 1213 2761 perlata.
1258 2721 1344 2751 Illud
1359 2721 1474 2751 melius
1490 2731 1557 2752 esse
1573 2722 1668 2752 facile
1683 2723 1767 2761 quis-

336 2767 423 2803 rius3
452 2775 529 2795 nam
554 2770 730 2805 utrumque
753 2766 875 2795 bonum
899 2773 1030 2794 sensum
1073 2773 1135 2802 qne
1150 2763 1280 2793 sentiet.
1314 2764 1461 2793 Graevius
1472 2764 1572 2793 etiam
1587 2764 1688 2794 tacite
1702 2764 1769 2794 edi.

336 2808 446 2839 habet.
1073 2805 1121 2835 dit
1136 2806 1279 2836 sentiunt
1292 2815 1356 2835 esse
1365 2807 1512 2844 perlata,
1527 2805 1613 2845 quod
1628 2811 1677 2836 est
1691 2815 1768 2836 sane

377 2855 396 2885 9
418 2859 517 2890 quam
539 2849 670 2888 nobiles]
702 2848 742 2879 In
769 2847 913 2887 vulgatis
940 2847 1030 2878 addi·
1074 2846 1288 2877 numerosius.
1332 2846 1394 2877 Sed
1421 2853 1498 2879 ante
1518 2847 1662 2889 patefeci
1683 2847 1769 2879 vide·

335 2897 407 2924 tum
421 2897 471 2923 est
486 2902 538 2922 vos
557 2891 671 2922 videtis
692 2890 778 2930 quod
791 2901 830 2922 ex
844 2891 893 2922 ed.
918 2891 958 2922 R.
973 2891 1029 2923 ΒΓ.
1073 2893 1129 2920 1111·
1144 2889 1297 2920 excidisse
1312 2899 1390 2930 quoe.
1732 2904 1736 2907 ·
