1907 3231
499 102 622 141 ACT.
648 102 700 141 11.
733 100 923 139 LIBER
948 99 1243 150 QUARTUS.
1513 102 1592 139 329

155 206 271 262 quod
291 205 377 248 hoc
397 219 484 247 non
506 203 560 247 de
581 221 748 248 summa
768 205 972 248 frumenti
994 205 1235 247 detractum
1257 210 1336 255 est,
1359 201 1431 244 sed
1452 211 1592 247 trans-

154 262 289 305 latum
324 263 367 304 in
392 262 700 319 Centuripinos
722 273 766 305 et
789 263 1034 314 Halesinos,
1067 263 1276 302 immunes
1308 260 1518 318 populos;
1548 266 1594 301 et'

153 319 240 362 hoc
262 320 355 377 plns
377 320 643 376 impositum,
675 337 802 378 quam
830 320 940 363 ferre
962 329 1150 377 possent.
1184 319 1352 360 Navem
1381 318 1590 373 imperare
1602 323 1650 358 21

155 393 210 421 ex
234 378 398 419 foedere
418 378 620 420 debuisti.
651 375 866 420 remisisti
881 379 925 419 in
955 374 1202 419 triennium.
1225 375 1406 416 militem
1429 373 1592 414 nullum

155 449 360 490 umquam
396 436 632 491 poposcisti
668 451 743 493 per
775 446 840 477 tot
873 451 1023 477 annos,
1057 434 1198 476 fecisti
1234 433 1353 483 item,
1389 431 1452 471 uti
1483 445 1594 486 prae-

154 491 288 534 dones
332 491 494 534 solent:
526 493 599 548 qui
642 509 742 535 cum
783 507 1032 534 communes
1069 492 1214 533 hostes
1257 491 1343 531 sint
1383 490 1594 538 omnium,

154 558 299 590 tamen
322 549 487 605 aliquos
510 551 591 591 sibi
616 552 848 592 instituunt
870 551 1046 602 amicos,
1069 550 1225 605 quibus
1242 562 1329 588 non
1345 545 1476 587 modo
1499 560 1597 601 par-

153 615 269 657 cant,
293 621 440 648 verum
463 607 593 648 etiam
617 609 763 664 praeda
783 623 890 664 quos
913 617 1114 663 augeant,
1136 616 1180 647 et
1201 621 1272 647 eos
1296 604 1499 654 maxime,
1521 602 1596 658 qui

153 662 318 705 habent
349 665 556 721 oppidum
592 676 839 722 opportuno
872 666 984 715 loco,
1015 680 1100 720 quo
1135 678 1249 720 sae-pe
1276 661 1519 703 adeundum
1541 660 1598 700 sit

154 721 353 773 navibus,
397 736 724 779 nonnumquam
776 724 907 764 etiam
957 723 1212 763 necessario.
1277 718 1468 761 Phaselis
1510 717 1595 769 illa,
1615 711 1683 760 10

154 793 283 834 quam
311 780 429 836 cepit
449 779 497 821 P.
519 780 739 831 Servilius,
762 796 848 821 non
868 779 1008 821 fuerat
1026 780 1127 819 urbs
1146 787 1246 818 ante
1263 777 1450 818 Cilicum
1469 785 1598 831 atque

154 837 434 893 praedonum:
469 838 592 894 Lycii
629 838 759 888 illam,
792 837 939 878 Graeci
981 836 1192 886 homines,
1224 834 1484 876 incolebant.
1525 833 1641 876 sedb.

155 895 270 952 quod
295 905 385 935 erat
407 894 620 950 ejusmodi
644 894 754 946 loco,
786 905 915 950 atque
937 894 999 935 ita
1022 893 1214 950 projecta
1236 893 1278 933 in
1303 891 1453 941 altum,
1484 899 1533 930 ut
1554 899 1598 930 et

155 962 364 993 exeuntes
385 967 409 993 e
429 952 583 993 Cilicia
604 953 830 1008 praedones
853 966 968 1008 saepe
984 953 1036 992 ad
1053 965 1147 992 eam
1167 949 1406 991 necessario
1425 947 1600 988 deveni-

154 1018 270 1052 rent:
303 1021 361 1061 et,
391 1024 490 1050 cum
513 1024 566 1051 ex
591 1010 709 1051 hisce
732 1024 775 1052 se
796 1010 901 1051 locis
924 1010 1177 1065 reciperent,
1210 1008 1360 1048 eodem
1383 1004 1600 1047 deferren-

155 1076 248 1119 tur;
281 1068 526 1108 asciverunt
549 1066 652 1108 illud
678 1067 759 1108 sibi
795 1067 1003 1124 oppidum
1028 1068 1193 1123 piratae,
1225 1065 1365 1120 primo
1389 1076 1600 1104 commer-

156 1124 239 1176 cio,
271 1124 426 1166 deinde
467 1125 599 1166 etiarn
642 1126 862 1166 societate.
897 1124 1161 1165 Mamertina
1203 1122 1371 1173 civitaS,
1402 1120 1600 1176 improba
1611 1132 1671 1166 22„

155 1191 283 1223 antea
314 1197 400 1223 non
434 1193 546 1224 erat:
581 1183 711 1223 etiam
744 1192 834 1223 erat
864 1183 1041 1222 inimica
1070 1181 1394 1237 improborum:
1427 1193 1524 1233 quae
1549 1176 1602 1218 C.

157 1238 352 1291 Catonis,
377 1239 503 1292 illius,
527 1241 600 1295 qui
625 1240 774 1280 consul
798 1240 894 1290 fuit,
919 1239 1227 1295 impedimenta
1247 1236 1440 1277 retinuit.
1461 1244 1505 1276 at
1527 1250 1604 1281 cu-

148 1297 223 1353 jus
241 1297 453 1339 hominis?
475 1298 698 1339 clarissimi
718 1297 1113 1352 potentissimique3
1136 1296 1208 1351 qui
1226 1306 1367 1336 tamen
1385 1308 1484 1334 cum
1500 1307 1605 1337 con-

157 1354 221 1395 sul
243 1354 409 1407 fuisset,
431 1356 744 1396 condemnatus
763 1364 842 1395 est.
879 1357 915 1387 19
927 1353 1017 1407 [Ita
1042 1353 1092 1394 C.
1113 1353 1239 1403 Cato,
1258 1353 1440 1392 duorum
1464 1350 1606 1391 homi-

156 1427 261 1453 num
295 1413 629 1454 clarissimorum
665 1427 812 1467 nepos,
839 1411 886 1452 L.
914 1410 1066 1462 Paulli,
1097 1420 1141 1451 et
1169 1409 1237 1450 M.
1256 1409 1452 1459 Catonis,
1485 1418 1528 1448 et
1552 1407 1604 1448 P.

156 1469 352 1511 Africani
388 1471 544 1511 sororis
574 1469 721 1523 filius]
753 1484 838 1524 quo
876 1469 1095 1520 damnato,
1118 1478 1224 1518 tum,
1248 1482 1347 1507 cuin
1371 1465 1605 1520 severaju-

156 1528 270 1569 dicia
292 1527 475 1579 fiebant,
510 1527 608 1568 H-S
634 1542 765 1568 xviii
789 1526 978 1567 millibus
1001 1526 1051 1566 lis
1076 1526 1289 1566 aestimata
1310 1525 1397 1565 est!
1430 1525 1469 1555 ‘20
1485 1523 1605 1564 Huic

158 1583 413 1626 Mamertini
436 1586 532 1626 irati
556 1600 644 1626 non
667 1584 864 1636 fuerunt,
895 1584 968 1639 qui
992 1583 1200 1638 majorem
1232 1591 1436 1631 sumtum,
1459 1595 1605 1635 quam,

156 1642 307 1698 quanti
331 1642 511 1684 Catonis
545 1643 595 1684 lis
627 1643 841 1683 aestimata
868 1651 946 1692 est,
979 1642 1021 1681 in
1056 1639 1344 1682 'fimare-hidis
1375 1638 1604 1694 prandium

156 1715 273 1756 saepe
295 1699 504 1742 fecerunt.
567 1700 726 1741 Verum
758 1699 853 1741 haec
875 1699 1028 1740 civitas
1053 1699 1122 1739 isti
1161 1697 1355 1754 praedoni
1379 1711 1428 1736 ac
1451 1695 1602 1752 piratae
1615 1708 1667 1743 23

158 1757 372 1799 Siciliensi
395 1757 587 1800 Phaselis
611 1758 709 1798 fuit.
732 1758 817 1797 huc
841 1758 987 1798 omnia
1017 1757 1206 1811 undique
1239 1754 1606 1810 deportabantur3

158 1816 274 1872 apud
294 1815 400 1856 istos
424 1816 798 1871 relinquebantur:
831 1815 947 1870 quod
975 1814 1103 1855 celari
1133 1828 1241 1869 opus
1260 1822 1366 1862 erat,
1386 1811 1608 1852 habebant

158 1874 394 1930 sepositum
418 1889 467 1914 ac
490 1874 784 1914 reconditum:
819 1887 894 1928 per
917 1873 1035 1923 istos,
1056 1887 1152 1926 quae·
1177 1870 1363 1920 volebat,
1386 1869 1429 1909 in
1453 1883 1608 1910 navem

159 1931 269 1972 clam
293 1931 570 1986 imponenda,
594 1931 764 1972 occulte
791 1930 1063 1986 exportanda
1084 1929 1287 1970 curabat:
1321 1927 1465 1967 navim
1487 1927 1608 1967 deni-

158 2003 242 2044 que
274 1988 528 2040 maximam,
560 2003 689 2043 quam
723 1998 923 2028 onustam
957 1987 1083 2028 furtis
1119 1987 1161 2026 in
1200 1985 1370 2026 Italiam
1401 1984 1608 2034 mitteret,

157 2046 271 2103 apud
295 2046 400 2087 istos
424 2044 666 2087 faciendam
689 2044 1075 2100 aedificandamque
1097 2044 1278 2085 curavit.
1303 2057 1380 2098 pro
1403 2041 1522 2083 hisce
1544 2056 1610 2082 re-

161 2104 254 2155 bus,
285 2103 455 2145 vacatio
479 2104 580 2144 data
612 2111 677 2143 est
709 2104 763 2143 ab
798 2102 881 2144 isto
913 2113 1093 2155 sumtus,
1125 2102 1298 2152 laboris,
1328 2100 1513 2149 militiae,
1545 2114 1610 2140 re-

160 2175 255 2202 rum
277 2161 463 2216 denique
486 2161 696 2202 omnium.
720 2175 795 2217 per
819 2161 1051 2201 triennium
1085 2159 1162 2200 soli
1198 2174 1284 2200 non
1314 2157 1444 2198 modo
1473 2157 1517 2197 in
1541 2157 1609 2198 Si-

159 2218 273 2271 cilia,
306 2233 469 2269 verum,
501 2229 549 2259 ut
580 2218 730 2275 opinio
767 2232 862 2258 mea
886 2217 983 2268 fert,
1017 2219 1081 2258 his
1115 2216 1290 2272 quidem
1322 2215 1606 2270 temporibus,

160 2276 204 2317 in
247 2277 365 2318 omni
408 2277 512 2318 orbe
555 2286 778 2326 terrarum,
815 2277 955 2326 vacui,
987 2286 1200 2331 expertes,
1234 2274 1362 2314 soluti
1397 2287 1447 2313 ac
1483 2271 1606 2313 liberi

160 2334 336 2375 fuerunt
388 2335 443 2375 ab
489 2334 607 2374 omni
653 2344 812 2383 sumtu,
861 2334 1071 2383 molestia,
1118 2346 1308 2373 munere.
1371 2328 1491 2370 Hinc
1538 2327 1668 2371 illa24

162 2391 320 2433 Verrea
341 2402 443 2432 nata
463 2401 588 2433 sunt:
622 2391 725 2431 hinc
749 2392 790 2432 in
827 2392 1076 2431 convivium
1109 2390 1211 2430 Sex.
1236 2387 1487 2430 Cominium
1510 2401 1616 2443 pro-‚
1664 2399 1667 2402 ⁴

161 2450 272 2491 trahi
288 2450 436 2505 jussit,
468 2451 512 2490 in
535 2464 663 2505 quem
688 2448 901 2504 scyphum
923 2448 976 2488 dc
999 2462 1126 2488 manu
1144 2447 1293 2502 jacere
1314 2454 1497 2488 conatus
1519 2453 1609 2487 est:

205 2610 243 2642 19
265 2609 323 2639 Ita
343 2608 376 2639 C.
399 2607 811 2647 Catofffilizts]To1-qnent
827 2616 860 2636 se
904 2610 1019 2635 tone-m
1050 2605 1224 2642 referebat,
1260 2615 1337 2636 cum
1368 2604 1542 2635 manifeste
1570 2606 1612 2637 ad

160 2650 284 2681 frustra
297 2651 332 2681 in
355 2652 404 2682 his
424 2651 484 2680 viri
508 2652 606 2680 docti.
649 2650 679 2681 T
681 2657 775 2679 otum
800 2649 862 2679 hoc
904 2648 1039 2678 Verrem
1059 2649 1259 2688 pertineant.
1295 2647 1426 2678 Indieat
1441 2652 1476 2677 et
1490 2648 1609 2687 repeti-

162 2698 213 2723 est
239 2692 431 2730 insititium,
461 2693 614 2732 venitque
640 2703 657 2722 e
687 2691 863 2732 marginali
905 2696 979 2720 tum
1006 2696 1081 2730 post
1108 2691 1244 2721 Catonis
1273 2699 1409 2726 nomen,
1434 2695 1470 2720 et
1494 2691 1611 2721 statim

162 2735 352 2775 glossatoris
368 2740 459 2766 nota.
907 2733 1066 2763 correctio
1097 2737 1131 2763 et
1150 2733 1335 2775 *explicatio
1364 2741 1485 2769 causae,
1511 2742 1611 2772 quare

206 2779 247 2808 ΞΟ
270 2777 362 2808 Huic
375 2779 456 2808 irati
471 2777 699 2818 mnfiterzmt]
718 2775 864 2806 Reatitui
905 2775 1000 2805 Verri
1027 2775 1103 2806 irati
1129 2785 1198 2805 non
1222 2776 1379 2807 fuissent:
1405 2775 1530 2805 Verum
1544 2777 1612 2805 lzoec

161 2820 666 2859 non,quodaGrute1-odelctum
677 2824 727 2849 est
739 2819 865 2860 (qnam-
906 2819 1024 2848 cim‘sas
1049 2820 1107 2849 &c.
1152 2818 1232 2850 Mox
1246 2818 1407 2860 fecerunt
1429 2818 1515 2849 forte
1541 2826 1611 2852 esse

163 2872 262 2902 quam
277 2868 311 2894 et
326 2874 346 2895 a
360 2863 422 2894 Gu.
438 2862 542 2904 abest)
558 2875 564 2892 ι
590 2864 646 2903 qui
670 2863 734 2892 ista
749 2861 789 2892 ad
805 2861 866 2891 Ca·
907 2859 1178 2905 debetfecerant.
