1907 3231
543 112 662 151 PRO
688 111 734 151 L.
761 111 1037 149 MURENA.
1434 113 1510 155 703

70 219 256 276 majores
288 222 456 260 nostros
487 216 571 258 fuit
602 217 646 258 in
678 217 761 258 isto
787 215 929 257 studio
960 214 1270 265 admirationis,
1303 214 1358 266 id,
1379 229 1513 255 enun-

73 278 188 319 tiatis
218 277 367 318 vestris
396 274 626 330 mysteriiS,
649 283 788 314 totum
817 282 882 314 est
912 281 1179 313 contemtum
1201 281 1243 311 et
1274 273 1511 326 abjectum.

73 333 227 375 Posset
249 334 318 389 agi
342 334 449 388 lege,
467 345 616 381 necne,
636 331 761 386 pauci
780 329 998 385 quondam
1022 328 1228 368 sciebant.
1247 327 1380 369 fastos
1399 329 1515 369 enim

74 391 206 446 vulgo
230 405 316 431 non
340 388 573 430 habebant.
596 391 636 422 ‘259
649 397 771 428 erant
792 388 835 428 in
859 400 1017 442 magna
1039 385 1245 440 potentia,
1267 386 1339 438 qui
1363 400 1517 426 consu-

72 447 298 489 lebantur:
330 461 354 487 a
374 446 530 501 quibus
552 444 682 485 etiam
713 444 868 494 30dies,
892 453 1111 498 tamquam
1142 456 1167 482 a
1188 440 1420 492 Chaldaeis,
1444 457 1517 497 pe-

74 506 261 546 tebatur.
322 502 530 544 Inventus
551 510 617 542 est
647 502 790 542 scriba
810 501 986 556 quidam
1012 499 1094 540 Cn.
1117 498 1305 548 Flavius,
1327 499 1400 553 qui
1423 513 1518 539 cor-

72 563 220 602 nicum
248 560 396 602 oculos
427 559 672 608 confixerit,
703 567 746 599 et
777 558 957 614 singulis
990 557 1141 597 diebus
1172 555 1422 596 ediscendos
1454 555 1517 595 fa-

75 628 164 659 stos
194 617 355 674 populo
389 617 674 672 proposuerit,
696 625 739 656 et
770 616 823 655 ab
856 618 892 645 31
912 614 1014 670 ipsis
1034 614 1171 654 cautis
1196 611 1515 667 jurisconsultis

74 688 222 716 eorum
254 674 509 731 sapientiam
536 672 794 728 compilarit.
857 670 1010 725 Itaque
1041 671 1136 711 irati
1167 670 1242 720 illi,
1269 670 1383 724 quod
1416 679 1516 709 sunt

76 732 216 782 veriti,
240 746 307 782 ne,
329 732 495 773 dierum
527 729 693 770 ratione
713 731 754 759 32
767 729 1022 784 pervulgata
1041 738 1084 768 et
1106 727 1296 782 cognita,
1320 727 1410 767 sine
1440 741 1516 767 sua

76 803 207 844 opera
235 789 330 845 lege
364 797 507 844 posset
536 789 576 817 33
590 786 677 842 agi,
706 797 830 825 notas
860 786 1065 839 quasdam
1088 794 1436 839 composuerunt,
1468 792 1516 823 ut

75 846 277 887 omnibus
300 847 343 886 in
366 846 492 885 rebus
513 843 596 897 ipsi
620 845 887 883 interessent.
932 841 1043 882 Cum
1069 841 1150 890 hoc
1172 842 1262 881 fieri
1287 841 1515 881 bellissime
1535 843 1596 890 12

77 913 244 958 posset:
287 901 462 942 Fundus
499 900 699 949 Sabinus,
738 913 857 939 meus
893 909 981 939 est:
1015 899 1147 938 immo
1188 912 1330 939 meus:
1362 897 1579 950 deinde26

69 959 312 1015 judicium:
337 959 582 1000 noluerunt.
603 959 643 987 34
657 969 867 1005 FUNDUS,
891 956 1045 1010 inquit,
1064 969 1149 1007 9111
1178 969 1263 996 EST
1288 969 1342 996 IN
1369 968 1518 1005 AGRO,

81 1030 166 1069 9111
204 1029 417 1058 sAmNth
449 1026 694 1055 VOCATUR.
755 1013 867 1053 Satis
896 1014 1085 1054 verbose.
1118 1013 1238 1063 cedo,
1269 1012 1371 1067 quid
1402 1022 1521 1067 post-

80 1077 159 1116 ea?
204 1087 308 1115 EUM
356 1086 451 1114 EGO
495 1085 557 1113 Ex
597 1083 721 1112 JURE
758 1083 1032 1122 9U1R1T1UM
1074 1083 1219 1110 MEUM
1262 1083 1378 1110 EssE
1419 1082 1520 1109 Aio.

81 1131 201 1178 Quid
223 1133 346 1173 tum?
377 1133 556 1171 351NDE
594 1141 689 1168 EGO
714 1141 775 1168 TE
811 1141 873 1168 Ex
899 1140 1022 1169 JURE
1049 1140 1191 1168 MANU
1219 1139 1521 1167 CONSERTUM

82 1201 229 1230 voco.
291 1187 410 1234 Quid
446 1186 547 1227 huic
577 1186 715 1225 36tam
750 1185 985 1239 loquaciter
1019 1184 1211 1239 litigioso
1246 1184 1523 1239 responderet

81 1245 166 1296 ille,
189 1245 301 1286 unde
326 1245 564 1300 petebatur,
589 1257 674 1283 non
697 1242 898 1282 habebat.
929 1240 1101 1281 Transit
1123 1241 1235 1281 idem
1251 1240 1524 1295 jureconsul-
1558 1266 1561 1271 ·

81 1312 166 1353 ωε,
200 1301 443 1343 37tibicinis
489 1300 631 1341 Latini
670 1299 823 1340 modo:
859 1312 996 1340 UNDE
1034 1311 1095 1339 Tu
1142 1311 1228 1348 ME,
1261 1298 1417 1353 inquit,
1457 1310 1520 1338 Ex

83 1373 208 1402 JURE
250 1372 394 1402 MANU
437 1370 739 1399 CONSERTUM
777 1369 1004 1406 vocAsTI,
1045 1368 1169 1396 INDE
1207 1368 1302 1396 EGO
1342 1368 1402 1395 TE
1439 1368 1524 1394 RE-

86 1430 231 1458 voco.
293 1416 460 1457 Praetor
490 1415 665 1464 interea,
697 1412 750 1454 n'e
782 1413 1006 1468 pulchrum
1035 1426 1079 1453 se
1111 1427 1161 1453 ac
1195 1413 1368 1453 beatum
1400 1420 1524 1467 puta·
1537 1438 1566 1468 p.
1588 1428 1655 1457 130.

83 1484 163 1525 ret,
185 1484 314 1529 atque
335 1472 497 1526 aliquid
519 1471 611 1527 ipse
632 1485 707 1511 sua
729 1479 882 1525 sponte
903 1469 1162 1524 loqueretur,
1181 1470 1218 1510 ei
1241 1483 1413 1524 quoque
1435 1483 1526 1510 car-
1537 1481 1566 1500 a.

83 1545 184 1572 men
220 1530 511 1586 compositum
544 1537 622 1578 est,
656 1542 755 1568 cum
793 1526 945 1568 ceteris
982 1527 1108 1567 rebus
1149 1527 1396 1576 absurdum,
1434 1536 1528 1567 tum

127 1696 169 1729 29
184 1698 279 1725 erant
290 1695 326 1724 in
340 1702 465 1731 magna
475 1691 637 1732 potentia]
650 1701 678 1722 v.
694 1690 786 1721 Clav.

87 1735 163 1767 Huc
179 1736 262 1767 refer
280 1736 362 1767 illud
377 1735 501 1766 Ovidii:
527 1735 621 1764 nulla
637 1735 786 1773 potencia

87 1780 188 1817 longa
201 1783 248 1809 est
258 1791 267 1808 .·
289 1779 342 1809 ubi
359 1783 408 1807 est
422 1777 560 1807 felicitas
575 1787 594 1806 a
605 1777 722 1815 gratia.

129 1823 170 1851 30
193 1818 508 1860 dies-petebantur]
529 1819 660 1857 conjeci
683 1827 786 1857 quon—

86 1861 162 1892 dam
181 1864 364 1902 petebatur.
408 1861 526 1901 Reperi
550 1870 638 1891 nune
664 1861 697 1890 in
723 1861 788 1891 Ms.

88 1904 197 1935 Guelf.
227 1905 261 1936 id
282 1905 398 1935 melius
424 1903 553 1933 videtui·
581 1913 653 1932 meo
680 1912 787 1933 seusu.

871 1692 912 1721 34
924 1688 1071 1730 flendus,
1101 1690 1156 1730 qui
1181 1689 1242 1729 est]
1271 1690 1304 1721 J.
1332 1690 1380 1721 M.
1406 1691 1529 1722 Brutus

830 1733 964 1772 corrigit
988 1732 1153 1763 Fundam.
1176 1733 1359 1772 Vulgatum
1385 1734 1529 1773 antiqui-

828 1776 908 1805 tatis
924 1774 995 1815 plus
1012 1774 1147 1805 redolet.

873 1820 912 1848 35
948 1825 1030 1847 mm:
1065 1825 1134 1847 nco
1170 1816 1230 1856 TE]
1269 1816 1320 1846 Sic
1356 1817 1529 1854 Gruterus,

829 1861 950 1889 omisso
980 1867 1039 1895 1131,
1068 1858 1182 1895 edidit,
1210 1860 1256 1889 sic
1283 1864 1316 1889 et
1343 1859 1416 1888 edd.
1444 1863 1528 1889 vett.

830 1901 952 1941 plures,
972 1901 1025 1930 W.
1052 1901 1084 1930 P.
1109 1901 1240 1931 Manut.
1261 1902 1387 1932 Victor.
1410 1900 1529 1931 Lamb-

87 1943 176 1977 Nam
193 1947 259 1978 dies
272 1948 306 1977 in
320 1945 478 1986 singulari
493 1945 527 1975 in
542 1945 602 1975 tali
620 1954 652 1974 re
671 1946 788 1985 aptior.

87 1987 170 2019 Mox
184 1989 265 2019 mihi
279 1988 391 2019 durius
405 1993 471 2018 est:
497 1990 647 2017 inventus
661 1992 719 2024 est,
734 1988 789 2027 qui

87 2031 257 2072 cotgsircerit
265 2031 520 2072 —proposuerit
531 2047 572 2052 -
584 2030 788 2069 compilarit.-

88 2082 149 2113 pro
169 2083 232 2112 quo
251 2073 427 2103 latinitatis
449 2072 598 2111 legitima
628 2072 712 2102 ratio
732 2082 789 2112 po·

87 2115 248 2152 nula-bat,
260 2116 446 2157 configeret,
453 2118 659 2154 proponeret,
672 2115 790 2154 compi-

92 2159 189 2188 laret.

133 2202 170 2230 31
196 2201 218 2229 i.
239 2200 346 2230 cautis
367 2197 478 2238 JCeis]
509 2197 590 2228 Edd.
618 2208 666 2238 pr.
693 2202 731 2227 ut
755 2202 790 2227 et

91 2240 156 2272 Ms.
171 2241 287 2272 causis.
322 2241 410 2272 Vera
431 2241 530 2271 lectio
550 2241 656 2270 cautis
677 2246 726 2271 est
750 2240 790 2270 ab

91 2283 189 2321 Aldo,
202 2293 298 2323 quem
313 2293 427 2314 omnes
441 2284 543 2313 secuti
558 2287 647 2313 sunt.

134 2329 176 2357 32
195 2329 397 2365 pervulgata
409 2325 482 2365 &c.]
500 2326 647 2355 Graevius
661 2328 792 2355 secutus

90 2374 142 2399 est
157 2368 221 2399 Ms.
240 2367 292 2399 Fr.
307 2374 342 2399 et
361 2367 432 2398 edd.
448 2368 603 2407 quasdam
619 2372 699 2398 vett.
717 2376 793 2406 pro—

93 2411 260 2449 mulgata,
278 2410 363 2450 quod
377 2415 412 2440 et
424 2411 511 2441 Viet.
529 2409 694 2440 Camerar.
713 2418 795 2447 prae-

93 2452 253 2484 ferebant.
298 2453 383 2483 Mihi
418 2452 479 2482 hoc
507 2452 640 2482 verbum
677 2451 795 2491 privati

94 2493 237 2525 hominis
260 2495 349 2526 facto
368 2505 435 2525 non
458 2494 586 2524 videtur
600 2494 792 2524 convenire:

95 2545 156 2568 nec
170 2537 297 2577 uspiam
311 2537 355 2567 sic
371 2537 486 2577 reperi.

137 2581 176 2609 33
193 2581 264 2618 agi,
279 2584 372 2610 notas
386 2578 645 2618 composuerunt]
665 2578 716 2607 Sic
732 2577 797 2617 pri.

94 2630 186 2652 mum
203 2621 307 2662 reperi
321 2622 356 2652 in
371 2621 422 2653 ed.
440 2620 573 2651 Mediol.
609 2621 796 2660 Superiores

95 2673 210 2693 omnes
223 2673 297 2693 vero
311 2673 351 2694 αι·
372 2665 497 2699 eadem,
513 2663 563 2693 vel
578 2673 606 2692 v.
622 2672 662 2692 ac
684 2663 797 2699 cedem,

96 2706 197 2736 etiam
212 2705 340 2736 veneta
355 2709 443 2741 1499.
460 2705 603 2735 deterius
619 2705 718 2735 etiam
735 2704 795 2735 Ms.

97 2746 205 2777 Guelf.
245 2748 342 2778 Notoe
367 2758 440 2789 quae
466 2747 532 2778 sint
561 2747 798 2787 intelligendae,

96 2789 163 2820 vid.
179 2790 213 2820 in
229 2789 338 2821 Clave.

832 1943 870 1974 ln
894 1944 958 1974 Ms.
974 1943 1037 1973 Gu.
1053 1948 1103 1973 est
1121 1944 1177 1980 ibi,
1193 1943 1248 1973 sed
1270 1953 1313 1973 m.
1330 1953 1355 1973 s.
1373 1943 1531 1974 deletum.

831 1986 874 2016 At
889 1987 939 2016 ed.
955 1987 992 2017 R.
1013 1987 1101 2015 1480.
1119 1986 1174 2016 ΒΓ.
1193 1989 1281 2019 1499.
1296 1985 1384 2015 Med.
1399 1992 1532 2016 servant

832 2029 888 2064 ibi,
902 2039 982 2068 quos
996 2034 1127 2057 secutus
1142 2035 1191 2058 est
1208 2028 1364 2058 Graevius.
1380 2027 1462 2058 Inde
1476 2029 1531 2065 ibi,

833 2070 858 2101 si
884 2081 995 2101 verunt
1011 2075 1072 2106 est,
1089 2070 1175 2109 quod
1198 2079 1264 2100 non
1288 2081 1347 2110 pro
1369 2075 1459 2100 certo
1476 2080 1533 2100 ne·-

833 2122 920 2152 gem,
945 2118 995 2142 est
1023 2112 1244 2151 pleonasmus,
1268 2122 1326 2152 pro
1354 2113 1429 2142 inde
1457 2114 1534 2150 loco,

834 2155 920 2194 quod
934 2154 1064 2185 dicitur.
1081 2161 1120 2184 ut
1134 2156 1178 2184 ibi
1192 2156 1260 2184 loci.
1284 2155 1330 2184 Et
1344 2155 1459 2184 ibidem
1474 2164 1534 2194 pro

832 2207 872 2227 ex
894 2198 1001 2228 eodem
1024 2198 1099 2231 loco,
1122 2201 1172 2227 est
1196 2197 1282 2237 apud
1302 2196 1410 2227 Plaut.
1430 2197 1534 2227 Mere.

834 2239 880 2275 11,
910 2242 940 2270 3.
975 2242 1022 2268 10.
1050 2240 1166 2269 ibidem
1194 2240 1347 2269 adnutat.
1379 2240 1533 2269 Ceterum

834 2282 1029 2312 constantiae
1052 2291 1150 2312 causa
1163 2287 1196 2311 et
1219 2282 1252 2311 in
1275 2281 1378 2311 altera
1392 2281 1536 2312 formula

838 2331 882 2354 ιΒι
899 2324 1015 2360 delevi,
1031 2324 1116 2363 quod
1130 2323 1164 2353 h.
1180 2323 1202 2353 l.
1218 2329 1252 2354 et
1267 2323 1316 2353 ed.
1334 2324 1386 2354 W.
1404 2324 1512 2354 habet.

879 2368 919 2396 36
956 2370 1027 2396 tam
1055 2367 1233 2405 loquaciter
1259 2365 1362 2404 ling]
1397 2365 1448 2396 Ad
1476 2365 1535 2396 has

837 2409 986 2438 verbosas
1010 2408 1166 2438 formulas
1194 2408 1367 2438 verborum
1394 2408 1480 2438 forte
1501 2414 1537 2438 et

838 2452 978 2490 respexit
1001 2450 1135 2480 Ovidius
1159 2451 1232 2480 Am.
1257 2450 1286 2486 1,
1309 2452 1357 2480 12.
1381 2452 1432 2481 23.
1459 2460 1536 2480 curn

836 2493 1025 2524 vadimonia
1046 2495 1192 2532 garrula
1216 2493 1310 2522 dixit.
1354 2492 1438 2522 Item
1460 2492 1537 2522 infr.

838 2546 866 2565 c.
886 2538 932 2566 14.
948 2536 1110 2575 Sapientia
1123 2536 1254 2565 verbosa
1267 2534 1440 2564 actorum.

882 2580 919 2611 37
944 2578 1083 2608 tibicinis
1109 2577 1225 2607 Latini
1249 2577 1354 2615 modo]
1385 2576 1458 2607 Hoc
1484 2587 1538 2607 ex-

839 2619 955 2660 plicavi
972 2620 1006 2650 in
1022 2619 1113 2650 Clav.
1127 2629 1156 2648 v.
1173 2621 1297 2650 tibicen.
1320 2619 1429 2659 Quare
1446 2618 1538 2649 Lati—

842 2671 901 2692 nus
924 2662 1046 2692 tibicen
1070 2661 1211 2698 dicatur,
1235 2666 1327 2702 patet
1349 2672 1366 2691 e
1385 2661 1456 2691 Liv.
1478 2661 1539 2697 ΙΧ,

841 2708 893 2735 30.
936 2704 1064 2744 Nempe
1089 2703 1229 2734 Romani
1251 2704 1336 2734 cives
1357 2703 1441 2733 nulli
1463 2704 1540 2733 tibi.

841 2747 942 2783 cineS‚
957 2745 1013 2776 sed
1027 2756 1044 2776 e
1059 2744 1199 2784 Latinis,
1214 2752 1252 2777 ut
1270 2746 1545 2787 haruspicesom-

843 2798 900 2819 nes
915 2799 953 2820 ex
967 2788 1149 2820 Hetruscis.
