1907 3231
342 121 412 155 112
850 115 917 155 IN
957 114 1243 155 VERREM

338 219 452 275 quod
485 228 577 262 tota
606 219 765 271 Sicilia,
786 220 900 276 quod
931 234 1078 261 omnes
1110 218 1257 268 Siculi,
1279 231 1426 259 omnes
1457 215 1759 272 negotiatores,

339 292 486 318 omnes
518 276 700 333 publicae
732 277 995 333 privataeque
1025 276 1178 318 litterae
1212 274 1362 316 Romae
1395 282 1506 323 sunt,
1528 272 1691 327 nihilne·
1717 270 1761 312 id

341 333 526 375 valebit?
557 333 677 385 nihil,
719 334 854 375 inrito
895 333 1067 374 consule
1111 332 1350 396 designato.
1410 329 1527 377 Quid
1560 328 1760 385 judices?

338 405 424 431 non
455 391 648 440 crimina,
679 404 763 431 non
800 399 943 440 testes,
976 404 1060 431 non
1096 389 1458 430 existimationem
1488 384 1634 442 populi
1673 383 1780 426 Ro»

340 448 453 488 inani
476 449 732 502 sequentur?
761 447 911 487 2⁶non.
934 446 1078 487 omnia
1099 446 1141 487 in
1163 445 1288 487 unius
1310 454 1520 502 potestate
1546 457 1595 483 ac
1616 440 1762 482 mode·-

294 506 504 561 gratione
545 514 774 544 vertentur.
838 503 944 543 Vere
979 503 1141 559 loquar,
1174 503 1358 558 judiees.
1391 501 1663 542 vehementer
1688 509 1780 539 me.

340 561 434 602 haec
458 576 519 602 res
536 560 850 601 commovebat.
872 560 1060 622 optimus
1081 560 1195 601 enim
1215 560 1394 615 quisque
1415 558 1476 599 ita
1496 556 1762 612 loquebatur.

342 617 428 659 Iste
448 618 621 673 quidem
652 617 730 657 tibi
751 617 978 673 eripietur3
1009 617 1081 658 sed
1112 631 1189 657 nos
1219 630 1305 657 non
1337 615 1574 656 tenebimus
1598 610 1765 667 judicia

339 675 512 715 diutius.
533 673 691 714 etenim
710 674 804 728 quis
828 674 998 730 poterit,
1016 673 1143 714 Verre
1164 672 1374 723 absoluto,
1391 672 1442 713 de
1462 667 1762 712 transferendis

274 731 509 786 quudieiis
541 733 749 772 recusare?
784 729 884 771 Erat
915 731 1113 771 omnibus
1143 730 1394 771 molestum:
1425 742 1562 783 neque
1581 740 1654 767 eos
1676 734 1763 766 tam

341 789 460 828 istius
482 787 720 828 27hominis
752 787 906 844 perditi
938 788 1081 829 subita
1110 786 1273 838 laetitia,
1301 800 1429 842 quam
1459 783 1644 826 hominis
1674 795 1764 823 am-

340 844 516 901 plissimi
541 859 652 885 nova
679 844 906 885 “ratulatio
928 845 1243 886 commovebat.
1304 843 1544 899 Cupiebam
1565 839 1764 881 dissimu-

338 903 422 943 lare
444 915 510 942 me
542 902 583 942 id
607 877 782 942 moleste
805 901 926 942 ferre.
948 902 1175 958 cupiebam
1197 901 1328 941 animi
1350 899 1540 941 dolorem
1561 896 1680 938 vultu
1702 904 1764 936 te-

337 973 452 1014 gere,
473 969 516 999 et
538 958 829 999 taciturnitate
850 958 999 999 celare.
1061 957 1172 999 Ecce
1201 968 1342 999 autem
1364 956 1446 998 illis
1475 954 1579 1012 ipsis
1599 953 1764 1004 diebus,

339 1030 435 1057 cnm
465 1026 667 1071 praetores
689 1015 900 1070 designati
933 1014 1197 1065 sortirentur,
1218 1024 1261 1056 et
1293 1013 1360 1055 M.
1382 1011 1561 1055 Metello
1583 1009 1765 1067 obtigis-

340 1083 417 1122 set,
441 1082 488 1112 ut
518 1072 552 1112 is
577 1071 629 1112 de
660 1072 852 1128 pecuniis
886 1071 1130 1127 repetundis
1152 1080 1386 1126 quaereret3
1418 1069 1640 1112 nuntiatur
1657 1065 1766 1108 mihi

341 1138 503 1169 tautam
535 1129 604 1169 isti
636 1128 966 1184 gratulationem
987 1142 1077 1169 esse
1107 1127 1281 1179 factam,
1303 1138 1351 1168 ut
1381 1128 1415 1168 is
1446 1140 1616 1183 quoque
1637 1127 1676 1157 28
1688 1123 1764 1165 do-

277 1195 327 1230 ‘2⁶2
342 1201 458 1226 mum
493 1185 697 1236 mitteret,
729 1185 801 1241 qui
838 1185 964 1227 uxori
996 1200 1085 1227 suae
1124 1185 1385 1226 nuntiarent.
1442 1183 1553 1224 Sane
1584 1180 1764 1223 ne‘haec

293 1245 324 1274 b·
340 1243 511 1298 quidem
533 1257 598 1283 res
620 1242 725 1283 mihi
747 1241 943 1298 placebat
961 1259 969 1284 :
1001 1256 1139 1298 neque
1166 1251 1322 1293 tamen,
1344 1240 1447 1297 quid
1467 1249 1691 1296 tantopere
1720 1238 1763 1279 in

338 1299 419 1341 hac
441 1310 553 1341 sorte
573 1299 850 1340 metuendum
871 1299 977 1340 mihi
998 1309 1121 1351 esset,
1146 1299 1452 1356 intelligebam.
1497 1297 1640 1339 Unum
1662 1294 1764 1336 illud

337 1370 391 1398 ex
414 1356 660 1398 hominibus
682 1356 823 1407 certis,
844 1371 897 1398 ex
921 1356 1075 1412 quibus
1094 1357 1240 1397 omnia
1254 1355 1458 1412 comperi,
1479 1353 1740 1410 reperiebam
1755 1367 1786 1393 :⁴

338 1413 464 1455 fiscos
485 1413 722 1470 complures
744 1427 843 1455 cum
873 1413 1057 1470 pecunia
1087 1413 1297 1454 Siciliensi
1320 1428 1345 1454 a
1364 1411 1551 1468 quodam
1572 1417 1783 1451 senatore‘

338 1471 391 1512 ad
413 1471 600 1526 equitem
623 1469 869 1512 Romanum
896 1484 986 1511 esse
1017 1470 1267 1512 translatos:
1298 1484 1353 1511 ex
1377 1469 1442 1510 his
1464 1468 1583 1524 quasi
1609 1466 1671 1508 X.
1695 1465 1766 1507 fis-

340 1541 413 1568 cos
435 1528 487 1568 ad
509 1536 746 1568 senatorem
767 1527 885 1569 illum
907 1527 1075 1569 relictos
1097 1541 1201 1579 esse,
1222 1529 1263 1562 29
1275 1526 1548 1568 comitiorum
1571 1537 1765 1565 meorum

340 1584 538 1626 nomine:
569 1585 774 1626 divisores
805 1584 997 1625 omnium
1027 1584 1216 1625 tribuum
1242 1593 1373 1626 noctu
1405 1582 1457 1624 ad
1488 1582 1617 1624 istum
1639 1594 1766 1622 voca-

277 1646 327 1680 23
344 1651 422 1682 tos.
485 1641 551 1682 Ex
573 1641 727 1696 quibus
749 1641 938 1696 quidam,
960 1641 1033 1696 qui
1064 1655 1108 1682 se
1129 1643 1170 1672 30
1183 1641 1327 1682 omnia
1348 1654 1444 1681 mea
1465 1653 1594 1680 causa
1612 1638 1767 1679 debere

340 1698 639 1749 arbitrabatur,
672 1699 820 1739 cadem
854 1698 924 1739 illa
964 1707 1091 1739 nocte
1131 1698 1183 1738 ad
1216 1711 1284 1738 me
1314 1697 1456 1738 venit:
1484 1695 1767 1745 demonstrat,

337 1771 424 1810 qua
454 1756 532 1796 iste
561 1756 753 1796 oratione
785 1770 883 1796 usus
914 1764 1048 1796 esset:
1079 1768 1436 1796 commemorasse
1465 1753 1610 1804 istum,
1637 1765 1766 1807 quam

337 1812 567 1853 liberaliter
596 1827 668 1853 eos
700 1822 923 1853 tractasset
951 1812 1082 1853 etiam
1112 1820 1251 1862 antea,
1282 1825 1381 1852 cum
1414 1811 1504 1867 ipse
1536 1817 1768 1866 praeturam

336 1870 526 1924 petisset,
559 1879 603 1909 et
642 1870 850 1925 proximis
885 1869 1180 1911 consularibus
1219 1867 1515 1924 praetoriisque
1551 1864 1738 1908 comitiis
1754 1881 1778 1909 ε.

336 1925 488 1967 deinde
522 1927 727 1967 continuo
759 1939 849 1967 esse
879 1926 1133 1983 pollicitum,
1163 1928 1416 1980 ‘dlquantam
1447 1922 1604 1974 vellent
1636 1936 1783 1980 pecu-,

324 1983 464 2034 niam,
493 1983 524 2023 si
558 1998 625 2024 me
656 1982 861 2024 aedilitate
891 1983 1159 2038 dejecissent.
1221 1982 1310 2024 Hic
1341 1981 1446 2022 alios
1477 1994 1655 2036 negasse
1693 1993 1766 2020 au-

372 2139 413 2169 26
429 2139 514 2180 ama]
532 2140 633 2170 Recte
646 2140 707 2170 boe
720 2139 863 2170 restituit
878 2138 910 2169 J.
926 2138 1026 2169 Gron.
1113 2140 1154 2173 ‘29
1167 2139 1371 2169 comitiorum
1383 2147 1529 2168 meorum
1542 2135 1685 2175 nomine]
1703 2134 1769 2167 Ad-

330 2183 409 2211 item
438 2182 597 2219 Graevins,
619 2193 692 2212 cuni
716 2182 875 2211 Gruterus
897 2190 936 2211 ex
955 2181 1026 2211 edd.
1071 2180 1136 2212 didi
1164 2191 1310 2211 meorum
1334 2190 1373 2210 ex
1398 2179 1537 2210 Asconio
1561 2183 1596 2209 et
1617 2178 1681 2208 Ms.
1704 2178 1768 2208 Gu.
1789 2182 1794 2186 ‘

330 2224 472 2263 antiquis
495 2225 705 2264 reposuisset:
729 2234 809 2254 num
835 2223 943 2252 omnia
970 2224 1025 2253 ὄις.
1071 2228 1108 2252 ut
1143 2229 1220 2253 ante
1248 2223 1283 2252 P.
1309 2221 1493 2258 Manutius,
1520 2230 1617 2260 quem
1647 2227 1681 2250 et
1711 2220 1766 2251 alii

330 2265 415 2295 Nam
452 2267 497 2296 sic
527 2272 619 2296 vetus
654 2267 813 2306 interpres
840 2264 967 2300 babuit,
995 2270 1029 2295 vt
1070 2265 1172 2295 secuti
1193 2269 1283 2300 sunt,
1307 2268 1341 2294 et
1359 2264 1522 2294 Graevius:
1548 2262 1643 2302 idque
1663 2271 1712 2292 res
1734 2266 1770 2293 et

330 2307 453 2346 optime
482 2308 653 2348 respondet
681 2307 955 2348 praecedentibus:
979 2308 1029 2336 ni·
1069 2316 1180 2337 sensus
1196 2307 1342 2345 requirit.
1387 2306 1438 2335 Sic
1461 2315 1535 2335 mox
1550 2304 1680 2334 comitia
1693 2313 1766 2334 con-

330 2350 416 2378 nilne
429 2350 463 2379 id
476 2351 611 2380 valehit:
634 2350 716 2380 nihil
731 2351 787 2380 διο.
1069 2350 1197 2379 salaria
1223 2353 1257 2378 et
1278 2348 1447 2388 praetoria,
1471 2350 1506 2378 et
1531 2356 1559 2376 c.
1582 2350 1612 2380 9.
1638 2347 1769 2376 comitia

370 2394 406 2423 ⁴27
433 2392 712 2432 haminisperditz]
738 2391 764 2422 A
783 2390 948 2422 nonnullis
972 2391 1027 2421 ab·
1069 2395 1188 2421 vestra.

329 2437 377 2462 cst
393 2434 539 2470 hominis,
555 2434 649 2473 idque
665 2433 812 2474 placebat
827 2432 1026 2463 Guilielmio.
1111 2435 1152 2463 30
1171 2443 1197 2463 0.
1213 2440 1285 2462 mea
1304 2441 1403 2462 causa
1413 2429 1533 2470 facere
1553 2428 1678 2470 debere]
1702 2427 1767 2460 Fa·

328 2483 388 2504 nec
414 2475 626 2506 desiderarem
656 2475 716 2505 hoc
740 2476 885 2511 verbum,
909 2475 934 2505 si
960 2484 1027 2505 non
1069 2484 1140 2504 cere
1161 2473 1276 2509 delevi,
1296 2477 1335 2503 ut
1359 2473 1483 2514 primus
1508 2476 1641 2503 auctore
1667 2472 1768 2502 Asco—
1788 2475 1792 2479 ”

329 2517 535 2554 responderet
553 2518 690 2548 hominis
703 2517 905 2556 amplissimi.
1070 2517 1125 2546 nio
1151 2516 1229 2547 fecit
1256 2515 1290 2546 P.
1316 2515 1497 2545 Manutius.
1538 2513 1589 2544 Sic
1615 2518 1649 2544 et
1676 2513 1791 2543 Graeae'

370 2559 409 2587 98
433 2559 561 2589 domum
583 2569 700 2599 pueros
726 2559 882 2598 mitteret]
912 2558 1027 2589 Delevi
1069 2557 1325 2597 vius:jubetque
1341 2557 1555 2587 Ciceroniana
1565 2554 1768 2586 consuetudo

323 2609 441 2639 pueros
469 2610 543 2631 cum
569 2601 604 2632 P.
634 2601 798 2637 Manum,
827 2607 861 2632 et
890 2602 1026 2632 Hotom.
1069 2606 1103 2631 et
1117 2600 1280 2640 elegantia
1293 2598 1478 2629 latinitatis.

327 2641 382 2679 qni
407 2648 440 2672 et
469 2643 501 2672 in
528 2643 655 2683 scriptis
681 2643 770 2672 libris
800 2652 866 2673 non
895 2643 1025 2683 reperit.
1111 2644 1148 2672 31
1177 2645 1335 2682 quantam
1363 2641 1480 2670 vellent
1509 2637 1700 2680 pecuniam]
1729 2636 1766 2668 P.

325 2684 377 2713 Sic
394 2684 480 2714 enini
498 2684 788 2717 Latinieleganter
800 2685 925 2722 dicunt,
940 2694 1024 2724 saepe
1067 2683 1251 2721 Manutius,
1274 2683 1437 2713 Victorius
1465 2685 1500 2713 et
1526 2681 1581 2712 alii
1606 2679 1766 2711 dederunt

324 2725 451 2763 Cicero,
468 2725 578 2756 Livius
592 2733 624 2756 et
638 2726 703 2756 alii.
719 2727 781 2756 vid.
798 2726 888 2757 Clav.
902 2727 935 2756 in
952 2727 1025 2756 mit-
1067 2731 1228 2766 quantum
1254 2735 1284 2756 zv.
1308 2725 1473 2764 pecunioe3
1503 2722 1590 2762 quod
1614 2726 1664 2758 est
1690 2730 1769 2752 sane

322 2771 399 2797 tere.
445 2768 551 2806 Atque
566 2769 664 2799 etiam
679 2768 750 2798 aliis
772 2768 850 2798 loeis
873 2768 1023 2799 substan·
1065 2768 1264 2806 elegantius:
1293 2765 1348 2797 sed
1373 2770 1486 2796 tamen
1514 2769 1548 2796 et
1575 2762 1658 2795 illud
1681 2763 1765 2794 bene

320 2809 425 2839 tivum
446 2809 603 2848 ejusmodi
626 2820 645 2843 a
665 2809 898 2850 glossatoribus
917 2809 1022 2842 incul-
1065 2808 1217 2840 latinum.
1268 2809 1349 2841 Mox
1373 2808 1410 2838 id
1435 2807 1520 2839 male
1547 2802 1679 2838 excidit'
1693 2803 1772 2840 edd..

321 2858 432 2886 catum
448 2857 507 2883 est.
1065 2850 1244 2883 nonnullis.
1747 2866 1750 2868 v
