1907 3231
343 144 419 182 662
893 147 1141 186 ORATIO
1167 148 1218 185 11.

341 261 441 288 men
464 246 548 297 illa,
569 263 664 302 quae
687 258 777 290 erat
799 250 840 291 in
860 251 1136 300 abundantia,
1157 250 1292 292 libido
1316 258 1550 307 permanet.
1603 251 1772 299 Quod-si

343 303 386 343 in
421 304 519 344 vino
547 315 591 345 et
619 306 710 348 alea
737 308 1058 348 comissa-tiones
1087 308 1225 349 solum
1255 317 1299 349 et
1329 319 1470 349 scorta
1504 318 1774 364 quaererent:

342 370 483 402 essent
503 361 559 406 illi
580 364 751 417 quidem
774 364 1040 419 desperandi,
1063 365 1134 405 sed
1167 374 1306 406 tamen
1330 375 1471 407 essent
1491 365 1774 410 ferendi..th

343 431 444 458 vero
463 419 556 473 quis
581 419 687 461 ferre
710 421 858 476 possit,
882 420 1037 461 inertes
1065 421 1262 463 homines
1286 422 1527 463 fortissimis
1550 423 1650 464 viris
1672 422 1776 465 insi-

344 473 467 526 diari,
491 476 762 518 stultissimos
786 477 1142 531 p1·udentissimi5‚
1167 481 1203 509 15
1216 479 1405 520 ebriosos
1427 480 1595 530 sobriis,
1615 479 1776 520 dormi·-

341 541 459 573 entes
480 534 785 588 vigilantibus?
816 535 888 588 qui
913 534 1014 574 mihi
1047 536 1304 576 accubantes
1335 537 1378 576 in
1408 537 1635 587 conviviis,
1656 550 1776 580 com-

346 587 458 643 plexi
493 591 688 630 mulieres
727 591 979 645 impudicas,
1009 592 1107 632 vino
1145 592 1352 647 languidi,
1391 594 1427 623 ¹6
1441 594 1626 635 confecti
1659 593 1775 643 cibo,

346 647 467 686 sertis
501 647 704 697 redimiti,
729 648 958 703 unguentis
983 648 1121 699 obliti,
1144 649 1357 690 debilitati
1387 652 1558 705 stupris,
1579 658 1778 692 eructant

345 705 611 744 sermonibus
653 704 738 744 suis
779 706 942 746 caedem
980 707 1206 756 bonorum,
1239 718 1367 761 atque
1408 708 1522 749 urbis
1563 707 1775 749 incendia.

289 759 328 791 ll
348 760 517 804 Quibus
552 775 634 816 ego
664 762 835 803 confido
871 763 1116 818 impendere
1151 762 1287 808 fatum
1322 763 1520 818 aliquod:
1549 773 1592 804 et
1623 779 1777 819 poenas

336 816 504 869 jamdiu
539 818 820 873 improbitati,
859 820 1079 875 nequitiae,
1111 820 1271 870 sceleri,
1302 819 1469 861 libidini
1500 821 1681 872 debitas,
1702 831 1778 862 aut

342 873 499 914 instare
514 874 608 929 jam
644 875 780 930 plane,
803 888 876 917 aut
909 887 1024 917 certe
1047 877 1141 932 jain
1173 878 1535 934 appropinquare.
1595 878 1717 925 Quos
1738 878 1774 919 si

342 945 459 975 meus
493 932 752 984 consulatus,
786 935 990 988 quoniam
1032 949 1179 975 sanare
1212 949 1298 975 non
1337 944 1492 990 potest,
1528 934 1773 979 sustulerit:

340 1002 425 1028 non
450 989 576 1031 breve
597 991 742 1031 nescio
764 991 877 1045 quod
898 1001 1082 1046 tempus,
1103 991 1175 1032 sed
1195 991 1331 1032 multa
1352 991 1508 1033 saecula
1526 991 1776 1048 propagarit

341 1045 603 1099 reipublic-ze.
673 1047 801 1088 Nulla
832 1057 897 1088 est
930 1049 1043 1089 enim
1077 1049 1210 1099 natio,
1233 1064 1361 1104 quam
1393 1049 1772 1104 pertimescamus:

339 1102 476 1146 nullus
500 1117 590 1153 rex,
613 1105 686 1159 qui
712 1105 867 1145 bellum
890 1105 1049 1161 populo
1074 1106 1272 1147 Romano
1295 1105 1435 1147 facere
1457 1106 1606 1162 possit.
1629 1106 1777 1154 omnia

338 1170 436 1202 sunt
456 1170 636 1205 externa
664 1162 787 1202 unius
808 1163 965 1203 virtute
1000 1171 1110 1204 terra
1144 1163 1335 1218 marique
1357 1173 1534 1218 pacata:
1571 1163 1778 1204 domesti-

337 1231 435 1256 cum
460 1217 617 1258 bellum
646 1228 791 1260 manet
810 1236 818 1261 z
852 1220 967 1260 intus
991 1220 1156 1263 insidiae
1175 1230 1275 1260 sunt
1297 1237 1306 1261 :
1331 1220 1446 1261 intus
1468 1220 1678 1261 inclusum
1701 1235 1776 1276 pe-

337 1273 518 1314 riculum
539 1284 625 1318 est:
650 1276 764 1317 intus
785 1285 849 1316 est
873 1277 1021 1321 hostis.
1044 1292 1142 1319 cum
1165 1277 1334 1318 luxuria
1352 1277 1492 1328 nobis,
1510 1292 1608 1319 cum
1629 1292 1780 1325 amen-¹

337 1330 411 1380 tia,
430 1346 527 1372 cum
547 1332 702 1373 scelere
719 1334 968 1375 certandum
991 1343 1068 1376 est.
1104 1338 1139 1368 17
1156 1334 1274 1376 Huic
1292 1349 1375 1390 ego
1396 1349 1464 1375 me
1488 1334 1613 1385 bello,
1627 1334 1777 1381 Quiri-

336 1397 414 1438 tes,
438 1389 642 1443 profiteor
660 1390 813 1432 ducem
834 1404 843 1429 :
869 1394 905 1422 18
921 1392 1108 1448 suscipio
1125 1391 1372 1433 inimicitias
1392 1391 1616 1433 hominum
1630 1392 1775 1447 perdi-

336 1455 492 1486 torum.
523 1461 620 1501 quae
657 1449 793 1489 sanari
828 1456 1043 1504 poterunt,
1076 1463 1346 1504 quacumque
1388 1448 1553 1489 ratione
1587 1449 1774 1491 sanabo:

335 1517 432 1556 quae
447 1504 677 1545 resecanda
694 1515 833 1555 erunt,
848 1520 932 1546 non
949 1506 1086 1561 patiar
1104 1506 1155 1546 ad
1175 1507 1407 1561 perniciem
1427 1505 1616 1547 civitatis
1634 1509 1670 1540 ¹9
1683 1520 1775 1548 ma-

335 1573 450 1600 nere.
498 1560 685 1602 Proinde
707 1572 781 1602 aut
802 1572 971 1612 exeant,
987 1574 1060 1603 aut
1080 1563 1329 1618 quiescant:
1352 1571 1441 1614 aut,
1463 1562 1498 1603 si
1522 1571 1566 1604 et
1586 1563 1631 1604 in
1654 1563 1776 1614 urbe,

335 1626 380 1655 et
414 1616 457 1657 in
488 1618 637 1660 eadem
669 1628 811 1660 mente
834 1628 1109 1675 permanent3
1140 1634 1203 1671 ea,
1232 1635 1328 1675 quae
1353 1629 1585 1671 merentur,
1616 1633 1772 1676 exspe-

337 1683 470 1714 ctent.
1566 1724 1569 1725 ⁷

290 1714 325 1767 6
396 1729 456 1770 At
487 1731 617 1772 etiarn
655 1739 767 1782 sunt,
803 1732 1008 1783 Quirites,
1041 1732 1115 1788 qui
1146 1732 1308 1782 dicant,
1337 1748 1363 1773 a
1394 1747 1463 1774 me
1495 1732 1539 1773 in
1571 1732 1773 1775 exsilium

280 1792 326 1826 1‘2
339 1786 523 1841 ejectum
547 1803 638 1831 esse
655 1789 903 1831 Catilinam.
946 1790 1074 1836 Quod
1098 1804 1180 1845 ego
1203 1790 1235 1830 si
1255 1790 1384 1831 verbo
1404 1789 1571 1845 assequi
1588 1804 1773 1846 possem,

340 1844 443 1885 istos
476 1845 591 1899 ipsos
621 1846 835 1901 ejicerem,
857 1847 930 1902 qui
966 1847 1059 1888 haec
1090 1847 1337 1901 loquuntur.
1397 1848 1438 1878 20
1452 1846 1600 1888 Homo
1623 1846 1773 1888 videli-

207 1910 238 1939 Ρ·
258 1902 407 1974 ῙΟΞ-εεῑ
440 1902 613 1945 timidus
642 1914 685 1944 et
720 1905 1014 1960 permodestus
1038 1918 1187 1945 vocem
1219 1903 1406 1945 consulis
1436 1903 1547 1945 ferre
1577 1918 1664 1955 non
1694 1918 1773 1961 po-

1073 2076 1163 2112 bello,
1181 2076 1214 2106 in
1230 2081 1338 2106 vetere
1354 2076 1478 2107 ordine.
1506 2075 1644 2108 Imitata
1656 2080 1706 2106 est
1717 2075 1769 2108 ed.

1073 2118 1159 2148 Med.
1177 2125 1214 2147 ut
1231 2125 1348 2149 cetera.

378 2077 413 2104 15
437 2075 584 2114 ebriosos]
613 2076 664 2105 Sic
684 2075 757 2106 inde
773 2076 814 2106 ab
829 2075 898 2106 edd,
916 2076 955 2106 R.
974 2076 1027 2106 ΒΓ.

331 2117 430 2155 vulgo
452 2118 576 2147 editum
601 2125 660 2147 est.
706 2118 748 2147 At
772 2118 841 2148 edd.
866 2118 918 2148 W.
939 2120 1027 2148 1420,

332 2159 453 2188 {tabent
466 2161 577 2195 ela-ins,
587 2161 672 2198 qnod
685 2159 786 2189 Aldus
795 2161 868 2198 jun.
884 2160 1027 2199 repetiit:

334 2201 418 2231 male
435 2202 551 2240 probat
566 2208 598 2231 et
616 2203 759 2232 restituit
775 2203 932 2232 (zia-vius.
958 2204 1029 2232 Scr-

334 2253 388 2272 mo
402 2249 450 2273 est
466 2243 504 2275 de
521 2245 708 2274 hominibus
732 2245 848 2274 deditis
864 2245 1028 2281 ebrietati,

333 2285 389 2323 qui
415 2293 491 2315 sunt
515 2287 638 2316 ebriosi.
667 2286 764 2316 Ebrii
781 2297 846 2316 non
873 2287 1028 2316 insidian-

331 2331 399 2363 tur,
410 2338 606 2367 quamquain
622 2338 681 2358 nec
694 2329 885 2359 dormientes
896 2342 904 2358 .·
926 2329 981 2358 sed
995 2329 1026 2358 hi

332 2376 409 2399 sunt
433 2379 548 2400 somno
575 2370 688 2408 dediti,
706 2371 920 2410 negligentes,
935 2371 1027 2400 ineu-

331 2412 427 2448 riosi3
452 2412 614 2450 quomodo
640 2413 781 2443 dormire
801 2421 833 2443 et
848 2413 1027 2443 dormitare

332 2453 407 2488 dici,
426 2454 474 2483 vel
489 2454 607 2484 Lexica
622 2454 751 2484 docent.

377 2497 413 2525 16
435 2497 569 2536 emgl'eeti
584 2496 663 2535 cibo]
690 2497 742 2527 Sic
755 2497 825 2527 edd.
842 2506 890 2537 pr.
913 2496 1027 2526 Lectio

331 2540 494 2568 recentior
528 2538 665 2577 conserti.
685 2535 718 2568 'c.
747 2544 796 2568 est
824 2550 843 2568 a
871 2539 1024 2569 Mureto:

330 2581 413 2617 quod
437 2586 486 2610 est
505 2582 606 2619 pleni,
622 2586 661 2610 ut
682 2581 781 2611 Tusc.
798 2581 862 2616 111,
882 2584 929 2615 19.
946 2582 1025 2611 hiber

329 2622 493 2660 cmgs'ertus
508 2624 732 2663 vobaptatibus.
776 2623 839 2654 Sed
861 2622 942 2653 illud
958 2634 1025 2654 me-

331 2663 403 2694 lius.

377 2709 411 2740 17
440 2705 528 2735 Huic
551 2717 602 2736 me
625 2707 704 2736 bello
728 2708 842 2737 ducem
859 2705 947 2746 prqf.
964 2707 1022 2748 9.]

332 2747 396 2778 Hic·
410 2748 488 2777 ordo
504 2754 551 2777 est
566 2759 605 2778 ex
618 2749 666 2778 ed.
682 2749 779 2779 Rom.
797 2755 842 2779 at.
860 2749 913 2779 W.
934 2752 1023 2781 1480.

331 2790 447 2820 melius
460 2802 468 2818 τ
494 2790 539 2820 Η.
555 2800 606 2820 me
621 2792 698 2820 bello
713 2792 862 2832 Quirites
869 2792 1026 2832 prqfiteor

329 2832 454 2862 ducena.
487 2832 568 2862 Eud.
584 2833 623 2863 R.
643 2839 678 2863 et
692 2833 747 2863 ΒΓ.
764 2834 863 2863 etiam
878 2844 894 2863 o
909 2834 1026 2874 Quiri-

330 2879 386 2904 tes.
402 2874 489 2914 quod
511 2885 527 2905 o
542 2879 694 2905 exortum
717 2881 767 2906 est
786 2886 827 2907 ex
849 2875 970 2910 ultima.
991 2876 1026 2918 in

559 2934 578 2951 ἰλ

1120 2164 1153 2191 18
1176 2161 1312 2198 suscipio
1337 2159 1674 2198 inim.]Sc1-ibendum
1700 2169 1769 2189 esse

1072 2207 1153 2241 puto
1178 2203 1362 2242 suscipiam.
1384 2202 1416 2234 id
1435 2211 1547 2232 sensus
1561 2201 1720 2241 postulat,
1735 2207 1770 2232 et

1073 2244 1199 2274 Futura
1212 2245 1392 2283 sequentia.

1119 2290 1153 2320 19
1178 2287 1328 2326 manare]
1351 2287 1402 2316 Sic
1416 2284 1488 2316 edd.
1503 2285 1544 2316 R.
1559 2285 1615 2315 Br.
1631 2284 1719 2315 Med.
1733 2290 1768 2316 et

1073 2328 1145 2358 inde
1168 2334 1292 2358 ceteras.
1337 2329 1380 2358 At
1402 2327 1474 2358 edd.
1502 2327 1554 2357 W.
1581 2330 1671 2358 1480.
1697 2338 1769 2358 ‘ma-

1071 2381 1158 2407 net-e,
1174 2371 1259 2409 quod
1274 2377 1307 2401 et
1321 2370 1517 2401 Scholiastes
1534 2374 1624 2405 vetus
1640 2374 1674 2399 et
1689 2370 1766 2401 Mss.

1070 2413 1233 2443 Graeviani
1259 2412 1394 2443 habent.
1437 2412 1472 2442 ld
1489 2412 1627 2441 restitui.
1680 2411 1769 2443 Nam

1071 2465 1208 2486 manare
1233 2454 1354 2485 dicitur
1378 2454 1507 2493 quidem
1535 2453 1704 2492 eleganter
1727 2453 1767 2484 de

1070 2497 1163 2533 vitio,
1175 2496 1261 2535 quod
1274 2503 1387 2527 manat
1400 2496 1441 2526 ab
1456 2504 1521 2526 uno
1536 2496 1683 2525 membro
1696 2497 1767 2526 ani-

1071 2539 1165 2569 malis
1191 2539 1232 2569 ad
1258 2539 1343 2568 alia:
1368 2538 1423 2568 sed
1451 2547 1517 2567 non
1543 2537 1582 2568 de
1611 2538 1767 2568 membris

1068 2581 1155 2620 ipsis.
1200 2581 1245 2610 Et
1270 2581 1363 2615 mihi,
1380 2580 1526 2610 nondum
1549 2580 1704 2619 inspectis
1727 2580 1768 2610 li.

1068 2623 1146 2659 bris,
1158 2623 1203 2652 sic
1218 2623 1308 2652 venit
1321 2623 1354 2652 in
1365 2626 1522 2658 mentem,
1538 2632 1577 2652 ex
1592 2622 1769 2653 latinitatis

1070 2666 1197 2695 ratione
1212 2664 1386 2704 legendum
1402 2673 1481 2694 esse.

1111 2709 1152 2737 20
1177 2707 1281 2737 Homo
1303 2707 1390 2737 enim
1416 2706 1562 2736 videlicet
1583 2705 1622 2744 ἡ]
1649 2705 1768 2736 Patavi

1069 2750 1157 2780 enim
1172 2748 1344 2779 delendum
1361 2758 1440 2778 esse.
1486 2747 1573 2787 Quia
1585 2748 1631 2778 sie
1644 2747 1677 2777 in
1693 2747 1766 2780 edd.

1066 2791 1120 2821 W.
1140 2794 1229 2821 1480.
1246 2791 1362 2831 reperi,
1376 2790 1490 2820 delevi.
1530 2790 1615 2820 Sunt
1626 2789 1697 2821 haec
1711 2789 1766 2819 Ci-

1067 2833 1207 2870 caronis,
1221 2842 1287 2864 non
1310 2843 1328 2869 e
1351 2842 1490 2874 persona
1503 2831 1762 2874 adversariorum

1068 2875 1168 2908 dicta.
