1907 3231
512 114 637 154 ACT.
670 112 945 154 Il.·LIBER
976 111 1270 154 QUINTUS:
1529 117 1608 156 387⁷

161 213 237 267 tia,
258 223 302 257 et
331 216 537 273 cogitate,
556 219 600 260 in
632 219 698 261 his
729 218 1031 275 iniquitatibus
1052 232 1187 259 unum
1217 217 1394 259 haesisse
1423 217 1604 274 Apollo-

159 272 302 325 nium;
333 285 498 316 ceteros
520 276 716 332 profecto
751 277 908 319 multos
931 291 986 318 ex
1008 276 1075 317 his
1097 275 1384 316 incommodis
1418 277 1613 331 pecunia

160 343 205 371 se
225 331 460 383 liberasse,)
481 343 700 388 postremo
722 336 926 386 tencbrae,
946 333 1130 384 vincula,
1150 346 1307 381 carcer,
1330 334 1368 365 27
1386 332 1599 375 inclusum

158 388 434 443 supplicium,
457 400 587 445 atque
609 407 634 433 a
652 402 885 449 conspectu
919 401 1146 448 parentum
1175 404 1225 430 ac
1257 388 1456 440 liberum,
1479 390 1600 431 deni-

156 458 240 498 que
262 460 287 485 a
305 445 441 487 libero
463 449 617 503 spiritu
647 459 690 490 et
720 449 940 492 communi
962 449 1058 491 luce
1088 447 1321 489 seclusum:
1353 445 1449 487 haec
1482 460 1660 499 vero,fz4

158 516 255 555 quae
278 503 346 543 vel
377 504 465 544 vita
495 506 647 548 redimi
678 517 793 548 recte
824 516 1020 563 possunt,
1051 505 1265 548 aestimare
1294 504 1479 560 pecunia
1509 519 1596 546 non

154 573 281 612 queo.
343 560 455 602 Haec
478 564 624 605 omnia
654 579 746 606 sero
778 566 959 607 redemit
988 562 1262 620 Apollonius,
1280 562 1375 617 jam
1406 576 1596 603 moerore
1609 575 1640 605 b.

154 630 205 657 ac
226 617 409 659 miseriis
431 622 647 675 perditus:
680 622 753 663 sed
776 631 918 663 tamen
951 631 1114 663 ceteros
1145 620 1309 670 docuit,
1340 627 1439 660 aute
1472 619 1596 660 istius

152 675 346 716 avaritias
369 691 419 717 ac
441 678 587 720 sceleri
607 694 843 732 occurrere.
865 680 947 720 nisi
964 694 1063 720 vero
1086 677 1360 727 existimatis,
1375 676 1597 718 homiuem

153 733 557 786 pecuniosissimum
583 737 673 778 sine
709 737 852 792 aliqua
880 751 1010 777 causa
1041 744 1232 791 quaestus
1266 736 1305 765 28
1319 733 1503 774 electum
1540 735 1596 776 ad

150 797 242 829 tam
262 790 511 834 incredibile
532 795 709 846 crimen,
732 804 806 834 aut
825 794 916 835 sine
937 793 1086 834 eadem
1109 807 1239 833 causa
1259 801 1436 846 repente
1458 806 1481 832 e
1503 806 1596 833 car-

149 860 246 888 cere
268 849 490 902 emissum3
523 862 596 891 aut
617 851 701 893 hoc
732 851 953 906 praedandi
985 864 1121 906 genus
1144 850 1198 890 ab
1221 849 1303 889 isto
1337 849 1380 890 in
1412 848 1484 889 illo
1508 864 1594 890 uno

150 904 394 948 adhibitum
414 922 464 949 ac
483 917 710 959 tentatum,
733 917 776 948 et
798 922 884 949 non
907 923 982 964 per
1010 906 1131 948 illum
1153 906 1355 947 omnibus
1386 907 1595 962 pecunio-

151 961 207 1001 sis
231 962 388 1006 Siculis
408 974 570 1006 metum
590 966 861 1022 propositum
880 975 924 1006 et
945 965 1170 1020 injectum.

209 1019 353 1076 Cupio
375 1022 497 1072 mihi,
520 1023 707 1077 judices,
727 1024 831 1064 “29ab
866 1023 938 1064 illo
970 1022 1143 1078 subjici,
1166 1020 1373 1077 quoniam
1396 1020 1449 1062 de
1478 1021 1591 1062 mili-
1610 1014 1675 1060 10

148 1077 230 1117 tari
252 1079 344 1133 ejus
377 1079 515 1135 gloria
548 1081 661 1132 dico,
696 1081 729 1121 si
762 1081 866 1135 quid
896 1080 1007 1121 forte
1044 1088 1269 1136 praetereo.
1332 1078 1447 1119 Nam
1483 1079 1652 1120 mihim

149 1133 298 1175 videor
315 1135 368 1176 de
391 1137 591 1178 omnibus
607 1138 700 1193 jam
725 1140 850 1179 rebus
881 1139 974 1193 ejus
1007 1137 1139 1194 gestis
1170 1135 1346 1186 dixisse,
1370 1151 1467 1191 quae
1498 1137 1594 1192 qui-

146 1190 245 1232 dem
275 1193 326 1233 ad
361 1194 458 1235 belli
494 1194 780 1251 fugitivorum
810 1196 1075 1251 pertinerent
1119 1193 1435 1249 suspicionem:
1478 1203 1595 1235 certe

145 1247 255 1289 nihil
278 1251 415 1291 sciens
438 1253 708 1307 praetermisi.
770 1253 956 1294 Habetis
979 1252 1166 1293 hominis
1194 1250 1388 1302 consilia,
1411 1251 1596 1308 diligen—

146 1305 268 1358 tiam,
314 1308 600 1364 vigilantiam,
644 1311 885 1351 custodiam
917 1308 1300 1363 defensionemque
1339 1308 1591 1364 provinciae.

146 1362 327 1406 Summa
345 1366 445 1408 illuc
468 1368 669 1423 pertinet,
689 1377 738 1408 ut
760 1368 919 1418 sciatis,
940 1367 1145 1422 quoniam
1170 1366 1292 1421 plura
1314 1380 1471 1421 genera
1493 1377 1594 1408 sunt

143 1421 468 1477 imperatorum,
500 1439 554 1465 ex
577 1440 663 1479 quo
695 1439 850 1481 genere
881 1425 961 1465 iste
984 1425 1053 1465 sit.
1115 1424 1183 1464 Ne
1210 1423 1372 1463 diutius
1404 1423 1447 1464 in
1472 1432 1592 1465 tanta

144 1480 323 1533 penuria
352 1481 542 1522 virorum
574 1482 753 1523 fortium
775 1483 905 1523 talem
929 1482 1234 1539 imperatorem
1257 1480 1459 1535 ignorare
1491 1496 1590 1536 pos-

142 1535 260 1588 sitis3
290 1552 378 1578 non
400 1539 453 1579 ad
486 1540 543 1585 Q.
568 1538 758 1581 Maximi
791 1539 1061 1596 sapientiam,
1084 1553 1223 1594 neque
1255 1537 1306 1578 ad
1327 1537 1439 1578 illius
1463 1553 1590 1594 supe-

140 1592 264 1634 rioris
298 1594 496 1637 Africani
519 1597 563 1637 in
594 1612 638 1638 re
670 1598 864 1654 gerunda
885 1596 1163 1648 celeritatem,
1187 1609 1327 1649 neque
1358 1595 1410 1635 ad
1443 1595 1588 1651 hujus,

138 1651 214 1705 qui
247 1661 396 1707 postea
418 1653 515 1706 fuit,
538 1655 752 1712 singulare
770 1655 1012 1705 consilium,
1036 1668 1175 1709 neque
1205 1653 1260 1694 ad
1294 1651 1432 1693 Paulli
1455 1653 1588 1693 ratio-

138 1722 237 1749 nem
260 1724 310 1750 ac
330 1710 619 1767 disciplinam,
636 1727 775 1768 neque
799 1713 851 1754 ad
877 1712 1072 1753 C.Marii
1100 1712 1185 1753 vim
1209 1721 1338 1764 atque
1364 1710 1599 1762 virtutem,

137 1766 213 1806 sed
233 1770 274 1797 3⁰
289 1767 343 1808 ad
365 1768 480 1809 aliud
511 1784 645 1826 genus
677 1771 979 1827 imperatorem
1011 1784 1112 1810 sane
1133 1768 1364 1824 diligenter
1395 1768 1583 1809 retinen-

137 1823 240 1865 dum
273 1834 318 1866 et
347 1828 704 1879 conservandum,
737 1843 901 1884 quaeso,
933 1826 1201 1883 cognoscite.
1264 1825 1643 1881 Itinerumpri-ee

135 1895 255 1923 mum
279 1882 482 1937 laborem,
505 1885 577 1940 qui
601 1885 668 1927 vel
687 1887 904 1928 maximus
936 1896 1002 1926 est
1032 1884 1076 1926 in
1108 1898 1153 1925 re
1184 1882 1582 1938 militari,judices,

170 2063 214 2095 27
237 2063 402 2094 inclusum
426 2064 635 2104 supplicium]
674 2065 835 2096 Gruterus

129 2103 288 2143 megabat,
314 2116 347 2136 se
371 2106 433 2136 hoc
457 2107 657 2146 intelligere:
688 2108 834 2138 Graevius

134 2146 309 2178 delendum
327 2150 477 2188 putabat.
500 2150 596 2180 male.
642 2150 833 2181 Antitheto-

133 2198 206 2218 rum
231 2191 439 2221 concinnitas
458 2193 590 2232 periret.
635 2192 696 2222 Est
719 2198 831 2223 autem

131 2230 329 2271 supplicium
369 2234 531 2272 abditum,
569 2235 750 2272 occultum,
792 2241 831 2266 ut

129 2274 240 2304 odium
254 2275 417 2306 inclusum
431 2277 513 2317 Epp.
527 2277 567 2307 ad
581 2277 655 2307 Div.
677 2277 705 2313 I,
722 2281 752 2311 9.
782 2278 830 2307 Si-

127 2316 252 2347 militer
266 2317 351 2348 ludit
365 2319 398 2349 in
412 2320 558 2350 inclusus
581 2324 615 2350 et
629 2322 781 2351 ετοίμως
795 2322 830 2350 in

129 2358 225 2389 Brut.
238 2360 291 2394 96.

170 2404 209 2433 98
234 2403 371 2434 electum
398 2404 444 2434 ad
469 2408 492 2434 t.
519 2406 542 2435 i.
566 2404 705 2444 crimen]
736 2404 826 2436 Bene

126 2442 274 2475 Graevius
300 2448 438 2477 electum
462 2446 551 2478 dedit
576 2457 636 2488 pro
654 2447 825 2487 injectum,

126 2487 213 2525 quod
227 2488 357 2518 nullum
370 2498 500 2519 sensum
517 2490 625 2521 habet.
654 2490 693 2521 Id
708 2495 825 2520 natum

126 2528 279 2566 arbitror,
294 2531 345 2561 vel
360 2535 484 2562 temere
493 2532 557 2563 hnc
570 2534 771 2564 translatum
785 2543 824 2562 ex

126 2569 192 2642 gne
218 2573 355 2612 periodi.
397 2573 553 2605 Electum
579 2575 679 2606 habet
703 2580 736 2606 et
759 2575 822 2605 Ms.

160 2623 192 2643 u.

170 2657 211 2690 29
225 2658 346 2697 abillo]
364 2659 424 2691 int.
443 2660 635 2699 Hortensio,
652 2671 729 2691 nam
748 2670 823 2690 cum

123 2708 164 2728 eo
179 2697 337 2739 disputat.
353 2711 381 2731 v.
398 2713 425 2732 c.
438 2706 468 2736 9.
484 2704 557 2733 init.

165 2743 206 2771 30
222 2742 266 2772 ad
277 2743 372 2773 aliud
378 2755 484 2783 genus
495 2747 732 2785 imperatorum
747 2744 820 2784 Satn]

124 2782 226 2815 Hune
240 2785 348 2815 locum
362 2793 552 2828 corruptum
567 2788 751 2828 judicavere
764 2787 825 2817 viri

123 2825 223 2856 docti.
278 2827 458 2859 Lambinus
488 2831 648 2861 correxit:
682 2831 826 2870 impera—

119 2871 230 2900 torum
256 2879 320 2901 esse
345 2871 567 2912 referendum,
596 2882 736 2913 saneque
765 2873 823 2905 dil.

879 2065 938 2095 δερ.
963 2063 1168 2104 putabatque
1191 2071 1224 2092 se
1239 2061 1380 2092 feliciter
1394 2062 1581 2092 correxisse.

877 2107 1025 2137 Graevius
1040 2115 1152 2136 autem
1175 2105 1318 2134 correxit
1341 2105 1550 2142 imperatoris
1563 2116 1581 2134 e.

877 2148 942 2179 MS.
959 2149 1039 2187 Reg.
1055 2154 1088 2178 et
1103 2148 1148 2177 sic
1163 2148 1277 2177 omnia
1299 2146 1423 2185 liquida
1437 2148 1580 2186 putavit.

876 2192 920 2221 At
934 2191 1013 2231 quid
1029 2191 1160 2222 intersit
1177 2191 1264 2220 inter
1283 2198 1389 2227 genus
1404 2189 1580 2228 imperato-

874 2244 952 2264 rum
967 2239 999 2263 et
1011 2242 1117 2272 genus
1136 2232 1355 2272 imperatoris,
1384 2240 1451 2260 non
1473 2231 1578 2263 video.

874 2277 946 2315 Ego
961 2277 1089 2315 corrigo
1104 2279 1351 2314 imperatorem,
1367 2283 1410 2303 se.
1426 2273 1577 2311 Verrem,

873 2319 960 2357 quod
989 2330 1006 2349 e
1033 2318 1196 2357 principio
1227 2316 1280 2346 hic
1308 2316 1485 2355 repetitum
1513 2321 1577 2347 est.

874 2361 1113 2402 Compendium
1137 2361 1170 2390 in
1187 2359 1308 2389 ultima
1322 2357 1448 2398 syllaba
1461 2368 1575 2389 eorru-

869 2403 995 2444 ptelam
1017 2403 1162 2433 induxit:
1187 2402 1253 2431 sive
1276 2409 1367 2430 error
1391 2400 1580 2441 scribarum

869 2446 1082 2477 referentium
1098 2444 1138 2475 ad
1151 2453 1267 2482 genus·
1311 2443 1415 2472 Seria-s
1428 2446 1494 2472 est:
1521 2444 1575 2474 Ne

868 2489 970 2519 talem
990 2489 1224 2528 imperatorem
1247 2485 1406 2524 ignoretis
1427 2485 1571 2524 diutius;

867 2531 968 2571 agite,
1001 2529 1187 2569 cognoscite
1214 2529 1286 2567 jam
1322 2528 1570 2568 imperatorem,

868 2583 935 2604 non
962 2573 1105 2602 similem
1129 2572 1225 2601 illum
1251 2569 1382 2609 quidem
1405 2569 1568 2609 Maximo,

868 2616 1033 2652 Africano,
1051 2616 1109 2645 &cu
1124 2614 1179 2644 sed
1193 2613 1276 2644 anus
1289 2612 1416 2652 generis
1427 2617 1463 2642 et
1477 2615 1570 2651 novi,

869 2659 923 2697 qui
940 2657 1029 2688 vobis
1052 2657 1229 2697 diligenter
1250 2654 1493 2685 conservandus
1512 2656 1568 2694 sig.

869 2701 923 2731 lta
937 2700 1026 2730 clara
1037 2704 1116 2730 sunt
1130 2698 1254 2729 omnia.
1291 2698 1336 2728 Et
1351 2697 1397 2728 ad
1407 2697 1570 2737 aliudge-

869 2753 931 2773 oms
945 2748 994 2772 est
1010 2742 1050 2772 ad
1064 2742 1162 2772 aliam
1178 2741 1347 2772 virtutem.
1384 2740 1484 2770 Plane
1498 2751 1570 2772 rem

869 2785 1050 2824 decernunt
1075 2784 1145 2814 haec
1167 2794 1185 2814 e
1199 2794 1228 2813 e.
1245 2785 1296 2814 1⁶2.
1310 2784 1371 2814 iste
1393 2792 1472 2814 novo
1494 2793 1570 2827 quo·

867 2829 948 2859 dam
961 2838 1002 2860 ex
1013 2836 1133 2867 genere
1144 2827 1331 2868 imperator.

818 2917 946 2956 002
