1907 3231
638 149 755 187 PRO
787 147 843 186 M.
876 147 1160 187 FONTEIO.
1526 153 1603 188 453

161 252 310 295 mitius
341 260 385 295 et
417 253 474 300 Q..
494 251 737 306 Maximus,
759 254 833 310 qui
863 253 1085 295 nationem
1108 252 1411 310 Allobrogum,
1433 263 1476 296 et
1508 255 1605 298 reli·
1617 268 1648 300 b.

162 325 270 365 quas
293 312 380 353 suis
403 311 559 352 iterum
583 313 712 353 armis
733 311 939 353 conficiat
960 321 1089 366 atque
1111 311 1355 366 opprimat:
1388 322 1476 364 aut,
1499 328 1605 368 quo,

160 368 279 409 niam
317 369 362 409 id
397 368 571 423 quidem
616 384 704 410 non
747 379 905 425 potest,
937 369 1122 409 orandus
1164 368 1247 409 erit
1283 369 1407 410 nobis
1441 372 1605 412 amicus

158 439 295 477 meus,
329 425 396 467 M.
418 425 662 478 Plaetorius,
686 436 732 468 ut
755 442 852 468 suos
886 441 1022 467 novos
1054 426 1232 467 clientes
1263 440 1288 466 a
1310 426 1421 467 bello
1445 427 1606 468 facien-

160 482 217 523 do
239 483 465 534 deterreat,
488 493 537 524 ut
558 498 705 525 eorum
730 486 860 526 iratos
883 485 1050 525 animos
1073 494 1203 538 atque
1222 483 1448 524 horribiles
1471 485 1608 540 impe-

160 548 229 580 tus
251 540 527 596 deprecetur:
561 552 649 593 aut,
669 542 704 582 si
727 557 812 583 non
834 542 1007 598 poterit,
1040 540 1108 582 M.
1134 541 1316 582 Fabium
1341 542 1608 597 subscripto-

158 610 250 637 rem
282 599 375 654 ejus
406 599 671 655 rogabimus,
694 610 743 640 ut
775 599 1061 655 Allobrogum
1092 599 1258 639 animos
1289 600 1476 656 mitiget,
1501 614 1609 655 quo÷=

134 654 277 696 ⁴niam
317 656 430 713 apud
466 656 559 697 illos
593 656 827 698 Fabiorum
863 671 1021 697 nomen
1063 667 1128 697 est
1166 657 1504 713 amplissimum:
1557 666 1607 698 ut

156 711 293 754 velint
327 714 399 756 isti
432 724 506 755 aut
539 715 773 770 quiescere,
804 714 847 755 id
879 715 996 769 quod
1031 714 1135 755 victi
1169 729 1219 755 ac
1253 715 1421 756 subacti
1445 715 1606 768 solent;

158 778 247 820 aut,
270 785 370 812 cum
392 772 626 823 minantur,
650 772 903 827 intelligere,
927 786 970 811 se
993 771 1155 827 populo
1180 771 1381 814 Romano
1404 787 1490 813 non
1518 787 1608 815 me-

157 834 252 868 tum
276 829 389 879 belli,
413 829 485 870 sed
509 844 629 886 spem
653 829 860 884 triumphi
881 829 1121 869 ostendere.

215 885 384 932 Quodsi
419 888 462 927 in
496 888 612 943 turpi
644 901 717 927 reo
747 886 1001 942 patiendum
1033 901 1119 927 non
1143 895 1269 937 esset,
1299 896 1348 927 ut
1369 887 1668 943 quidquam‘27

158 941 230 983 isti
254 958 298 984 se
333 945 461 985 minis
493 944 727 1000 profecisse
761 943 1099 985 arbitrarentur:
1133 944 1237 998 quid
1261 943 1506 986 faciendum
1530 961 1608 987 vo-

157 1000 224 1041 bis
257 1001 301 1042 in
335 1001 402 1042 M.
439 1001 622 1042 Fonteio
655 1001 951 1042 arbitramini?
996 1001 1049 1042 de
1081 1016 1167 1056 quo
1202 1001 1392 1054 homine,
1419 1003 1608 1058 judices,

155 1058 265 1113 (jam
294 1060 410 1100 enim
432 1059 539 1100 mihi
564 1060 713 1100 videor
735 1059 833 1109 hoc,
865 1073 1001 1115 prope
1023 1073 1153 1099 causa
1173 1059 1340 1100 duabus
1363 1061 1608 1102 actionibus

156 1126 370 1171 perorata,
403 1116 558 1158 debere
594 1118 771 1167 slice1·e,)
794 1117 846 1157 de
879 1132 966 1172 quo
990 1131 1065 1157 vos
1097 1116 1287 1169 homine,
1311 1132 1364 1158 ne
1387 1120 1441 1159 ab
1464 1119 1609 1160 inimi-

154 1173 217 1213 cis
251 1174 426 1229 quidem
462 1175 594 1216 ullum
617 1175 819 1215 ssdfictum
856 1175 1112 1230 probrosum
1144 1189 1231 1215 non
1267 1175 1397 1216 modo
1430 1177 1608 1228 crimen,

154 1230 229 1271 sed
251 1246 305 1272 ne
326 1232 606 1273 maledictum
628 1233 799 1288 quidem
826 1231 1020 1273 audistis.
1083 1231 1242 1287 Ecquis
1266 1248 1471 1289 umquam
1496 1249 1607 1286 reus,

153 1290 394 1344 praesertim
418 1290 461 1330 in
481 1290 562 1331 hac
584 1290 687 1331 vitae
709 1290 875 1330 ratione
898 1297 1105 1340 versatus,
1128 1290 1170 1330 in
1195 1289 1434 1332 honoribus
1458 1300 1609 1349 peten-

156 1346 236 1398 dis,
269 1347 311 1387 in
336 1349 641 1403 potestatibus,
665 1348 709 1388 in
742 1347 933 1403 imperiis
959 1347 1173 1402 gerendis,
1197 1348 1258 1389 sic
1280 1359 1506 1391 accusatus
1529 1360 1608 1402 est,

156 1413 204 1444 ut
235 1404 412 1446 nullum>
433 1406 655 1461 probrum,
678 1404 845 1445 nullum
877 1404 1059 1456 facinus,
1090 1404 1207 1445 nulla
1239 1407 1478 1462 turpitudo,
1510 1423 1609 1464 quae

154 1476 180 1502 a
201 1460 395 1514 libidine,
419 1472 494 1503 aut
521 1478 545 1503 a
578 1462 832 1519 petulantia,
856 1471 930 1502 aut
962 1462 1016 1502 ab
1049 1462 1229 1503 audacia
1261 1472 1363 1504 nata
1395 1473 1520 1516 esset,
1555 1466 1610 1506 ab

152 1528 401 1561 accusatore
423 1520 699 1575 objiceretur,
715 1520 747 1560 si
768 1535 855 1560 non
878 1533 992 1570 vera,
1014 1528 1206 1560 attamen
1224 1520 1326 1562 ficta
1341 1536 1440 1562 cum
1458 1522 1602 1578 aliqua

152 1576 319 1617 ratione
332 1593 382 1619 ac
402 1578 670 1634 suspicione?
704 1577 772 1618 M.
791 1576 1018 1618 AEmilium
1038 1577 1263 1629 Scaurum,
1286 1593 1502 1621 summum
1523 1595 1600 1621 no·
1621 1584 1685 1632 13

152 1642 252 1675 strae
275 1635 465 1676 civitatis
498 1636 651 1687 virum,
684 1635 842 1676 scimus
864 1644 1114 1676 accusatum
1146 1650 1171 1676 a
1203 1635 1272 1676 M.
1296 1636 1450 1678 Bruto.
1512 1637 1665 1690 EX-QS

154 1701 270 1733 stant
302 1693 534 1745 orationes,
566 1708 619 1734 ex
652 1694 811 1749 quibus
842 1692 1026 1749 intelligi
1059 1702 1218 1749 potest,
1239 1694 1377 1735 multa
1406 1695 1450 1735 in
1482 1695 1602 1742 illum

151 1749 292 1805 ipsum
318 1750 528 1792 Scaurum
551 1765 642 1792 esse
664 1752 804 1792 dicta:
838 1749 960 1791 falso.
991 1751 1087 1806 quis
1109 1754 1270 1808 negat?
1302 1761 1601 1795 verumtamen

152 1807 208 1848 ab
242 1807 419 1849 inimico
458 1808 575 1850 dicta
604 1818 648 1849 et
678 1808 866 1864 objecta.
930 1809 1074 1855 Quam
1104 1810 1241 1850 multa
1275 1808 1355 1851 M'.
1385 1809 1603 1866 Aquillius

151 1865 319 1906 audivit
351 1866 394 1906 in
425 1881 502 1907 suo
529 1866 729 1922 judicio?
762 1881 890 1922 quam
914 1866 1051 1907 multa
1075 1866 1123 1907 L.
1149 1866 1310 1909 Cotta?
1342 1868 1527 1924 denique
1551 1869 1602 1911 P.

153 1921 368 1964 Rutilius:
403 1924 492 1979 qui,
511 1925 592 1965 etsi
614 1925 842 1965 damnatus
864 1933 943 1974 est,
974 1924 1082 1965 mibi
1116 1924 1284 1966 videtur
1315 1934 1459 1968 tamen
1490 1928 1604 1969 inter
1617 1944 1647 1974 p.
1663 1937 1735 1968 285²„

149 1980 266 2022 viros
288 1982 477 2037 optimos
499 1991 628 2038 atque
653 1982 1029 2023 innocentissimos
1052 1996 1142 2023 esse
1165 1984 1470 2024 numerandus.
1524 1984 1603 2027 Ille
1615 1987 1645 2007 a.

150 2037 286 2094 igitur
313 2039 405 2094 ipse
435 2039 567 2080 homo
597 2039 893 2081 sanctissimus
928 2054 978 2080 ac
1014 2041 1429 2096 temperantissimus
1463 2042 1601 2085 multa

150 2096 318 2137 audivit
340 2097 384 2137 in
419 2112 494 2137 sua
523 2112 666 2149 causa,
696 2113 794 2154 quae
816 2100 855 2131 37
870 2097 923 2138 ad
947 2098 1237 2153 suspicionem
1261 2108 1523 2155 stuprorum,
1546 2101 1600 2142 ad

147 2152 374 2195 libidinem
411 2155 687 2210 pertinerent.
750 2154 908 2196 Exstat
945 2155 1085 2196 oratio
1120 2155 1310 2196 hominis
1344 2161 1412 2209 (ut
1449 2159 1661 2214 opini029

148 2225 247 2253 mea
278 2211 381 2262 fert)
414 2222 659 2254 nostrorum
691 2212 919 2257 hominum
948 2212 1078 2269 longe
1112 2213 1447 2270 ingeniosissimi
1470 2225 1601 2272 atque

149 2268 508 2325 eloquentissimi,
534 2270 585 2311 C.
600 2271 789 2312 Gracchi
809 2288 818 2312 ε
852 2285 938 2326 qua
959 2270 1004 2311 in
1027 2271 1222 2312 oratione
1245 2272 1458 2327 permulta
1480 2275 1524 2314 in
1549 2274 1599 2323 L,

150 2326 357 2369 Pisonem
381 2330 524 2384 turpia
542 2344 591 2370 ac
615 2329 834 2385 flagitiosa
855 2329 1074 2370 dicuntur.
1133 2328 1195 2369 At
1212 2330 1255 2371 in
1279 2345 1409 2385 quem
1429 2331 1601 2375 virum?

122 2385 224 2441 “qui
248 2395 370 2427 tanta
399 2385 560 2429 virtute
581 2396 711 2443 atque
743 2387 995 2443 integritate
1028 2386 1126 2438 fuit,
1147 2396 1195 2427 ut
1228 2388 1358 2428 etiam
1382 2388 1464 2430 illis
1487 2390 1602 2446 opti-

131 2537 133 2539 -
189 2517 230 2547 36
232 2516 360 2557 fictum
368 2518 561 2558 probrosum
586 2527 650 2548 non
671 2517 762 2547 modo
784 2515 845 2556 en]

147 2558 267 2590 Fateor
281 2561 414 2591 auribus
428 2561 510 2591 meis
524 2561 644 2591 durum
654 2560 852 2601 essefictum

140 2603 340 2641 probrosum
356 2605 415 2634 ἃς.
433 2613 493 2633 nec
509 2604 576 2644 ipse
599 2603 645 2633 sic
668 2602 774 2633 dicere
799 2612 851 2632 me

147 2654 241 2683 posse
257 2649 382 2685 putem.
427 2646 501 2676 Scio
526 2645 673 2676 excusari
688 2655 780 2685 posse
797 2655 851 2674 ex-

146 2686 265 2727 emplis
280 2688 486 2727 quibusdam,
502 2688 654 2727 inprimis
663 2691 851 2727 poetarum,

148 2729 203 2768 qui
228 2729 292 2759 duo
316 2731 466 2770 epitheta
487 2731 614 2762 faciunt
638 2730 684 2760 sic
707 2730 776 2760 sine
794 2739 848 2758 co-

147 2770 238 2810 pula,
252 2777 292 2802 ut
303 2772 446 2804 alterum
458 2773 502 2803 sit
515 2773 740 2814 participium.
786 2771 849 2802 Sed

145 2813 179 2843 id
191 2815 298 2854 ipsum
313 2814 345 2845 h.
362 2815 384 2845 l.
408 2815 520 2846 durius
534 2821 595 2846 est.
634 2814 719 2845 Mihi
723 2815 849 2856 fictum

145 2861 337 2897 suspectum
358 2861 421 2895 est,
447 2858 549 2889 etiam
575 2857 653 2898 quia
677 2858 849 2888 maledicto

892 2526 961 2547 non
976 2517 1059 2547 bene
1077 2519 1246 2549 convenit.
1292 2519 1324 2549 Si
1341 2529 1409 2550 non
1433 2519 1530 2561 plane
1545 2520 1602 2552 de-

894 2559 961 2590 lere
989 2560 1141 2598 velimus,
1166 2571 1327 2601 ponamus
1355 2568 1431 2603 post
1461 2564 1602 2602 crimen,

893 2602 980 2632 belle
996 2602 1090 2632 cadet
1106 2605 1224 2634 oratio.
1268 2604 1442 2644 Legantur
1465 2604 1601 2646 seduen-

894 2645 955 2681 tia,
970 2645 1004 2674 in
1022 2646 1139 2683 quibus
1155 2650 1204 2677 est
1219 2646 1335 2677 eadem
1351 2649 1527 2680 sententia.

937 2690 976 2720 37
1001 2688 1046 2716 ad
1059 2689 1272 2728 suspicionem
1283 2694 1488 2730 stuprorum,
1502 2692 1549 2722 ad
1561 2693 1601 2722 li·

892 2729 1047 2768 bidinem]
1085 2731 1138 2761 Sic
1169 2731 1244 2762 libri
1281 2742 1407 2764 omnes.
1452 2733 1600 2764 Graevius

890 2782 966 2845 guni
993 2772 1117 2804 Faerno
1136 2783 1176 2805 ac
1197 2775 1391 2806 libidinum.-
1414 2776 1500 2816 quod
1521 2787 1599 2809 saue

906 2815 1018 2845 acilius
1033 2820 1093 2846 est.

802 2905 939 2956 GgS
