1907 3231
712 149 1082 192 DIVINATI‘O.
1565 154 1615 190 91

188 260 424 317 cognitam,
445 256 730 314 confugiunt:
763 257 972 299 auxilium
1003 254 1085 296 sibi
1107 268 1183 310 per
1212 268 1281 295 me
1302 269 1327 294 a
1347 254 1469 295 vobis
1492 262 1620 310 atque

187 333 213 358 a
225 317 372 374 populi
387 315 574 356 Romani
588 315 754 371 legibus
768 325 941 371 petunt:
966 327 1035 353 me
1047 312 1313 353 defensorem
1327 310 1620 353 calamitatum

188 388 374 424 suarum,
405 387 473 414 me
500 372 683 413 ultorem
711 372 980 428 injuriarum,
1007 385 1075 411 me
1104 369 1374 425 cognitorem
1399 369 1510 423 juris
1540 369 1620 419 sui,

187 446 257 473 me
278 440 467 472 actorem
497 444 637 471 causae
660 429 793 471 totius
817 444 908 470 esse
936 428 1176 468 voluerunt.
1235 426 1408 476 Utrum,
1433 426 1489 471 Q.
1523 424 1621 465 Cae-
1636 436 1683 469 152

188 488 274 540 cili,
296 488 379 529 hoc
409 487 539 538 dices,
562 501 631 527 me
659 502 746 528 non
777 486 1019 528 Siculorum
1044 493 1199 541 rogatu
1228 484 1281 525 ad
1303 497 1475 524 causam
1501 495 1622 523 acce-

188 546 301 596 dere,
344 559 398 586 an
433 545 697 600 optimorum
739 544 1170 597 fidelissimorumque
1215 542 1429 582 sociorum
1470 539 1623 580 volun-

189 611 322 644 tatem
350 602 463 659 apud
492 602 571 642 hos
601 616 776 658 gravem
806 616 896 642 esse
922 615 1009 642 non
1035 602 1260 656 oportere?
1293 598 1337 639 Si
1373 597 1416 638 id
1445 597 1622 637 audebis

187 660 344 710 dicere,
366 659 482 714 quod
511 658 562 700 C.
593 659 761 709 Verres,
784 659 853 700 cui
881 669 922 699 te
952 658 1175 698 inimicum
1204 670 1294 697 esse
1325 654 1511 704 simulas,
1534 668 1624 694 ma-

189 717 306 759 xime
320 716 560 757 existimari
576 716 683 768 vult,
703 716 870 757 Siculos
890 716 973 757 hoc
991 731 1016 755 a
1034 728 1101 754 me
1117 729 1204 754 non
1222 713 1404 769 petisse;
1436 712 1623 767 primum

188 789 361 815 causam
378 773 542 815 inimici
567 774 628 815 tui
651 773 908 824 sublevabis,
929 772 982 813 de
1000 786 1085 826 quo
1104 786 1191 811 non
1211 770 1528 826 praejudicium,
1551 768 1623 809 sed

189 831 315 888 plane
339 831 557 887 judicium
578 831 674 887 jam
702 830 865 872 factum
889 832 1082 886 putatur,
1101 829 1214 883 quod
1248 828 1308 868 ita
1330 833 1348 863 7
1366 826 1623 883 percrebuit,

191 889 358 930 Siculos
397 903 544 930 omnes
582 898 771 930 actorem
809 902 896 928 suae
933 901 1073 928 causae
1109 895 1260 926 contra
1297 883 1408 925 illius
1446 883 1622 938 injurias
1634 898 1666 928 p.
1678 890 1731 922 57.

190 947 409 1002 quaesisse.
456 946 556 987 Hoc
587 947 620 986 si
650 954 711 996 tn,
734 945 934 987 inimicus
959 945 1066 1000 ejuS,
1092 942 1253 983 factum
1284 941 1479 998 negabis,
1508 940 1623 995 quod
1635 941 1664 960 a·

191 1005 298 1060 ipse,
321 1005 391 1045 cui
407 1003 596 1044 maxime
618 1003 714 1044 haec
736 1017 800 1043 res
818 1002 977 1052 obstat,
994 1014 1151 1057 negare
1174 1015 1262 1041 non
1284 1003 1433 1051 audet3
1464 997 1624 1048 videto,

189 1076 244 1102 ne
263 1062 445 1102 nimium
463 1060 731 1101 familiariter
748 1060 996 1101 inimicitias
1019 1072 1219 1099 exercere
1241 1057 1424 1098 videare.
1457 1055 1628 1096 Deinde

193 1127 292 1160 sunt
324 1128 466 1169 testes,
495 1119 575 1159 viri
609 1118 831 1159 clarissimi
863 1127 1020 1158 nostrae
1056 1116 1259 1166 civitatis,
1289 1129 1396 1170 quos
1426 1127 1574 1154 omnes
1603 1128 1630 1154 a.

191 1190 261 1217 me
292 1176 506 1217 nominari
535 1191 623 1216 non
653 1185 717 1216 est
747 1189 940 1216 necesse:
972 1189 1059 1223 eos,
1082 1174 1154 1228 qui
1180 1173 1349 1223 adsunt,
1377 1170 1629 1227 appellabo:

192 1248 315 1289 quos,
339 1234 372 1274 si
397 1234 613 1283 mentirer,
637 1242 765 1273 testes
791 1247 881 1272 esse
904 1232 1182 1286 impudentiae
1214 1244 1320 1270 meae
1344 1230 1521 1269 minime
1544 1227 1631 1268 vel-

193 1291 292 1332 lem.
355 1292 448 1332 Scit
480 1291 543 1341 is,
564 1291 637 1346 qui
670 1299 735 1330 est
766 1290 811 1330 in
847 1289 1043 1338 consilio,
1079 1286 1129 1328 C.
1163 1286 1419 1327 Marcellus:
1463 1286 1544 1326 scit
1580 1285 1630 1336 is,

193 1363 322 1404 quem
345 1349 490 1389 adesse
512 1348 652 1398 video,
676 1347 760 1388 Cn.
783 1345 986 1387 Lentulus
1011 1344 1289 1385 Marcellinus
1309 1361 1318 1386 :
1341 1358 1523 1398 quorum
1548 1342 1632 1383 fide

194 1415 323 1461 atque
345 1405 547 1462 praesidio
571 1405 704 1446 Siculi
728 1405 916 1445 maxime
939 1403 1148 1452 nituntur,
1172 1401 1286 1456 quod
1310 1401 1487 1441 omnino
1512 1400 1632 1440 Mar-

195 1463 400 1505 cellorum
421 1463 587 1504 nomini
611 1472 703 1503 tota
722 1462 791 1502 illa
810 1461 1033 1518 provincia
1055 1460 1260 1515 adjuncta
1281 1469 1359 1499 est.
1394 1457 1454 1498 Hi
1475 1458 1629 1509 sciunt,
1645 1464 1695 1497 14

193 1521 278 1562 hoc
300 1535 386 1562 non
409 1520 539 1561 modo
566 1535 590 1561 a
611 1534 679 1560 me
706 1520 891 1576 petitum
914 1532 1017 1569 esse,
1041 1518 1112 1558 sed
1136 1517 1196 1558 ita
1221 1530 1334 1572 saepe
1356 1525 1400 1556 et
1423 1515 1483 1555 ita
1505 1515 1633 1555 vehe-

194 1587 361 1619 menter
382 1592 473 1618 esse
502 1577 702 1634 petitum,
726 1588 773 1618 ut
802 1586 876 1617 aut
907 1591 1035 1617 causa
1056 1575 1161 1615 mihi
1193 1573 1467 1629 suscipienda
1491 1572 1635 1622 fuerit,

195 1646 270 1677 aut
292 1636 485 1677 officium
507 1635 834 1676 necessitudinis
856 1633 1183 1690 repudiandum.
1233 1631 1316 1672 Sed
1339 1631 1441 1686 quid
1465 1644 1546 1686 ego
1569 1630 1636 1670 his

196 1694 378 1734 testibus
409 1703 521 1744 utor,
544 1693 664 1748 quasi
695 1707 760 1733 res
789 1693 920 1732 dubia
949 1700 1021 1732 aut
1045 1691 1227 1731 obscura
1250 1689 1329 1730 sit?
1360 1687 1531 1729 Adsunt
1558 1687 1639 1728 ho·-

196 1752 334 1792 mines
353 1765 408 1792 ex
429 1759 521 1791 tota
538 1750 762 1806 provincia
781 1748 1052 1798 nobilissimi,
1072 1749 1143 1803 qui
1164 1757 1396 1803 praesentes
1419 1760 1494 1786 vos
1513 1748 1638 1786 orant

196 1818 326 1864 atque
352 1809 592 1859 obsecrant,
609 1808 796 1863 judices,
820 1816 867 1847 ut
890 1807 934 1847 in
959 1815 1104 1847 actore
1127 1819 1267 1846 causae
1296 1819 1383 1845 suae
1408 1803 1638 1859 deligendo

197 1876 387 1907 vestrum
413 1865 630 1921 judicium
659 1866 713 1906 ab
747 1879 824 1905 suo
851 1864 1021 1920 judicio
1053 1878 1108 1903 ne
1138 1863 1366 1918 discrepet.
1427 1860 1637 1902 Omnium

197 1923 425 1965 civitatum
444 1923 576 1964 totius
600 1922 758 1964 Siciliae
778 1922 1015 1979 legationes
1037 1921 1207 1971 adsunt,
1225 1929 1381 1977 praeter
1402 1918 1506 1960 duas
1529 1917 1636 1959 civi-

199 1990 308 2022 tates
325 1998 333 2022 :
356 1995 538 2036 quarum
556 1981 751 2031 duarum,
771 1981 805 2020 si
825 1980 1035 2029 adessent,
1055 1979 1139 2019 duo
1158 1977 1339 2019 crimina
1356 1976 1423 2017 vel
1444 1975 1637 2016 maxima

197 2039 508 2089 minuerentur,
530 2053 626 2093 quae
658 2052 757 2078 cum
786 2038 852 2078 his
884 2037 1135 2078 civitatibus
1168 2035 1220 2077 C.
1248 2034 1370 2076 Verri
1396 2033 1637 2076 communi-

199 2105 297 2138 cata
321 2106 434 2137 sunt.
493 2094 554 2136 At
585 2094 700 2136 enim
724 2110 800 2136 cur
830 2110 856 2135 a
878 2109 946 2135 me
972 2093 1244 2151 potissimum
1274 2093 1359 2133 hoc
1388 2091 1637 2149 praesidium
1652 2093 1700 2126 15

200 2154 477 2211 petiverunt?
517 2154 562 2194 Si
598 2162 710 2194 esset
741 2153 936 2204 dubium,
970 2151 1179 2208 petissent
1213 2166 1238 2192 a
1269 2164 1339 2191 me
1374 2148 1638 2206 praesidhzm,

199 2226 350 2262 necne,
373 2211 574 2262 dicerem,
597 2225 673 2252 cur
696 2210 918 2267 petissent.
981 2209 1110 2250 Nunc
1139 2223 1252 2260 vero,
1275 2222 1374 2249 cum
1397 2207 1440 2247 id
1462 2206 1524 2246 ita
1543 2219 1640 2262 per-

201 2269 399 2326 spicuum
416 2270 485 2320 sit,
503 2278 551 2309 ut
566 2268 700 2310 oculis
717 2268 915 2324 judicare
937 2267 1133 2323 possitis3
1166 2266 1310 2307 nescio
1333 2279 1408 2306 cur
1425 2264 1509 2305 hoc
1532 2262 1639 2304 mihi

201 2327 462 2368 detrimento
478 2340 569 2368 esse
587 2326 756 2376 debeat,
777 2325 811 2365 si
831 2325 874 2366 id
890 2324 998 2365 mihi
1017 2323 1264 2380 objiciatur,
1280 2336 1349 2363 me
1365 2322 1640 2379 potissimum

202 2398 294 2425 esse
322 2384 550 2425 delectum.
612 2383 773 2424 Verum
803 2382 846 2423 id
875 2382 982 2424 mihi
1012 2397 1099 2423 non
1124 2395 1260 2431 sumo,
1282 2380 1469 2436 judiceS,
1491 2387 1534 2420 et
1554 2378 1638 2419 hoc
1654 2378 1701 2412 16

202 2456 291 2483 non
320 2442 449 2483 modo
472 2442 517 2483 in
546 2441 740 2483 oratione
769 2454 866 2481 mea
897 2454 984 2480 non
1014 2439 1248 2496 pono,vsed
1279 2452 1332 2478 ue
1361 2437 1405 2478 in
1435 2436 1642 2493 opinione

203 2499 377 2554 quidem
396 2500 652 2555 cujusquam
671 2498 880 2553 relinquo,
900 2511 968 2537 me
990 2497 1192 2538 omnibus
1212 2495 1404 2552 patronis
1422 2508 1513 2535 esse
1531 2508 1643 2550 prae-

204 2557 409 2612 positum.
471 2557 572 2598 Non
591 2557 652 2597 ita
672 2566 757 2597 est:
791 2555 863 2596 sed
886 2554 1224 2609 uniuscujusque
1244 2553 1465 2609 temporiS,
1479 2552 1642 2592 valetu-

205 2613 332 2665 dinis,
365 2614 583 2655 facultatis
615 2614 668 2655 ad
704 2613 935 2669 agendum,
968 2612 1099 2653 ducta
1133 2611 1243 2652 ratio
1279 2619 1357 2651 est.
1418 2608 1525 2650 Mea
1558 2608 1686 2650 fuitb.

208 2672 374 2728 Semper
394 2671 490 2714 haec
509 2672 554 2712 in
575 2668 657 2712 hac
679 2685 724 2711 re
746 2669 943 2711 voluntas
965 2678 1009 2710 et
1030 2668 1258 2719 sententia,
1273 2667 1468 2723 quemvis
1490 2676 1538 2707 ut
1558 2666 1645 2707 hoc

208 2728 376 2769 mallem
405 2729 458 2770 de
486 2729 552 2780 iis,
574 2729 648 2784 qui
677 2736 820 2768 essent
839 2727 1000 2777 idonei,
1030 2726 1260 2782 suscipere,
1291 2740 1421 2780 quam
1451 2739 1544 2766 me:
1576 2737 1645 2764 me
1671 2754 1694 2766 μ

210 2795 259 2837 ut
288 2786 474 2840 mallem,
507 2801 638 2843 quam
670 2785 901 2826 neminem.
964 2783 1198 2839 Reliquum
1229 2792 1295 2824 est
1319 2783 1429 2839 jam,
1464 2791 1511 2824 ut
1542 2779 1647 2823 illud
1661 2767 1715 2867 3137

469 2920 488 2952 7
504 2916 705 2958 percrebuit*
731 2916 784 2948 Sic
806 2915 877 2948 edd.
893 2925 942 2958 pr.
958 2915 1021 2947 Ms.
1037 2914 1100 2945 Gu.
1118 2923 1184 2946 non
1193 2913 1390 2955 percrebuit.
