1907 3231
456 114 576 155 ACT.
606 116 659 154 ΙΙ.
694 114 881 160 LIBER
906 114 1235 155 SECUNDUS.
1483 120 1561 155 5105

135 219 293 262 Siciliae
315 219 476 261 clarum·
495 228 539 260 et
560 228 773 261 ornatum.
818 219 980 275 Scipio,
1002 219 1075 274 qui
1097 219 1180 260 hoc
1202 219 1381 275 dignum
1400 219 1561 276 populo

133 276 333 318 Romano
349 277 639 328 arbitraretur,
664 277 774 318 bello
795 277 995 319 confecto
1018 277 1156 317 socios
1178 291 1254 317 sua
1274 290 1349 332 per
1370 288 1556 319 nostram

132 334 356 375 victoriam
386 348 661 389 recuperare;
693 334 847 375 Siculis
878 334 1092 383 omnibus,
1117 333 1386 388 Karthagine
1417 343 1557 388 capta,

132 406 229 446 quae
252 391 406 446 potuit,
428 391 692 431 restituenda
711 392 890 432 curavit.
942 390 1123 432 Himera
1142 390 1296 441 deleta,
1316 404 1422 444 quos
1444 392 1558 431 cives

132 448 230 489 belli
252 448 470 488 calamitas
493 448 678 504 reliquos
700 449 872 499 fecerat,
895 448 923 488 ii
947 462 1037 488 sese
1058 446 1254 488 Thermis
1284 446 1557 497 collocaram,

131 504 175 545 in
207 504 398 559 ejusdem
431 506 523 561 agri
557 506 728 557 finibus,
762 521 899 561 neque
932 505 1059 562 longe
1090 506 1145 546 ab
1173 503 1335 560 oppido
1365 503 1557 557 antiquo.

133 559 196 602 Hi
218 575 262 602 se
290 571 457 617 patrum
490 562 705 603 fortunam
736 578 785 604 ac
814 563 1070 619 dignitatem
1100 575 1349 617 recuperare
1376 560 1558 600 arbitra-

130 617 300 670 bantur,
321 633 419 659 cum
451 618 522 659 illa
542 619 754 674 majorum
780 629 1030 661 ornamenta
1051 619 1095 659 in
1117 633 1264 660 eorum
1286 617 1447 673 oppido
1469 617 1556 657 col-

127 674 394 717 locabantur.
427 675 561 717 Erant
582 678 705 732 signa
725 692 779 718 ex
803 692 886 718 aere
906 677 1150 732 complura:
1182 676 1226 716 in
1247 675 1313 716 his
1335 675 1441 715 mira
1465 674 1554 730 pul·
1566 685 1618 724 8¹7

128 731 372 774 ch-ritudine
393 734 484 789 ipsa
509 734 702 785 Himera,
723 735 768 775 in
793 734 1045 775 muliebrem
1071 733 1254 789 figuram
1275 732 1556 786 habitumque

128 788 328 841 formata,
358 805 412 832 ex
451 792 599 847 oppidi
633 792 806 832 nomine
835 801 877 831 et
908 790 1112 831 fluminis.
1141 799 1232 831 erat
1263 789 1393 830 etiam
1425 789 1558 830 Stesi-

128 846 249 888 chori
280 847 422 903 po'etae
452 859 593 889 statua
621 848 778 899 senilis,
809 849 998 898 incurva,
1027 862 1126 888 cum
1153 847 1278 898 libro,
1306 861 1488 897 summo,
1510 856 1558 887 ut

128 915 298 959 putant,
332 905 515 947 artificio
547 905 686 957 tacta,
718 908 756 940 93
771 906 844 961 qui
878 905 962 946 fuit
993 904 1202 955 Himerae,
1235 904 1307 945 sed
1338 913 1381 944 et
1413 913 1490 954 est,
1514 914 1557 945 et

127 960 212 1003 fuit
240 965 282 996 9⁴
297 971 388 1002 tota
408 962 581 1004 Graecia
601 977 767 1004 summo
791 973 964 1020 propter
985 962 1207 1019 ingenium
1228 961 1389 1002 honore
1414 971 1457 1001 et
1478 975 1555 1001 no-

126 1019 257 1059 mine.
319 1019 431 1061 Haec
462 1020 541 1061 iste
572 1020 625 1060 ad
656 1020 864 1061 insaniam
897 1020 1188 1076 concupierat.
1249 1018 1407 1068 Etiam,
1438 1018 1555 1073 quod

127 1090 252 1131 paene
273 1078 474 1131 praeterii,
497 1077 658 1133 capella
679 1078 876 1132 quaedam
898 1086 977 1128 est,
999 1092 1049 1118 ea
1078 1077 1250 1132 quidem
1280 1075 1401 1126 mire,
1423 1086 1470 1116 ut
1491 1085 1555 1116 et-

124 1133 210 1173 iam
241 1147 334 1184 nos,
355 1135 428 1190 qui
460 1135 583 1176 rudes
612 1134 763 1175 harum
795 1150 932 1176 rerum
964 1150 1122 1184 sumus,
1152 1133 1389 1189 intelligere
1419 1133 1555 1188 possi-

125 1205 235 1241 muS‚
258 1191 364 1232 scite
389 1191 504 1233 facta
521 1200 564 1233 et
587 1202 778 1233 venuste.
839 1193 951 1234 Haec
973 1202 1016 1232 et
1037 1192 1120 1232 alia
1141 1191 1287 1247 Scipio
1310 1205 1394 1231 non
1416 1189 1555 1246 negli-

125 1257 278 1302 genter
298 1249 528 1304 abjecerat,
552 1259 599 1290 ut
618 1249 746 1289 homo
767 1249 1011 1305 intelligens
1033 1249 1184 1289 Verres
1204 1248 1368 1289 auferre
1385 1257 1527 1303 posset
1541 1256 1595 1299 ;b.

125 1305 197 1346 sed
219 1303 506 1349 Thermitanis
528 1307 794 1347 restituerat:
826 1321 911 1347 non
939 1321 1024 1362 quo
1056 1306 1146 1361 ipse
1176 1305 1338 1355 hortos,
1360 1314 1433 1345 aut
1455 1305 1555 1345 sub-

125 1363 349 1415 urbanum,
380 1374 454 1404 aut
483 1364 625 1405 locum
656 1363 847 1415 omnino,
880 1364 953 1404 ubi
985 1378 1034 1404 ea
1065 1371 1256 1419 poneret,
1287 1361 1449 1403 nullum
1479 1362 1556 1403 ha-

125 1419 269 1462 beret:
303 1421 374 1462 sed
394 1421 427 1461 si
447 1422 623 1462 domum
645 1420 904 1472 abstulisset,
926 1435 1014 1462 non
1035 1421 1107 1461 diu
1132 1419 1346 1475 Scipionis
1369 1418 1556 1474 appella-

123 1487 283 1528 rentur,
307 1478 379 1518 sed
401 1493 563 1529 eorum,
587 1479 639 1519 ad
670 1492 964 1534 quoscumque
994 1478 1127 1533 ipsius
1148 1486 1286 1518 morte
1315 1477 1554 1517 venissent:

121 1549 237 1576 nunc
255 1535 322 1576 his
344 1535 449 1577 locis
471 1537 613 1592 posita
630 1543 743 1585 sunt,
767 1546 815 1576 ut
835 1537 938 1577 mihi
961 1550 1127 1591 semper
1149 1534 1362 1590 Scipionis
1385 1533 1475 1574 fore
1492 1533 1555 1573 vi-

100 1608 103 1611 ·
121 1591 315 1643 deantur,
329 1593 474 1649 itaque
487 1594 698 1634 dicantur.
725 1592 836 1634 Haec
847 1608 944 1634 cum
963 1595 1042 1635 iste
1054 1602 1262 1648 posceret,
1272 1600 1553 1647 agereturque
1566 1587 1637 1641 36

121 1663 173 1690 ea
185 1664 250 1691 res
264 1650 306 1691 in
321 1660 468 1692 senatu
484 1669 496 1704 ς
516 1651 718 1692 Sthenius
735 1651 1106 1692 vehementissime
1120 1649 1300 1701 restitit;
1319 1648 1552 1703 multaque,
1564 1664 1614 1698 33

122 1715 171 1747 ut
190 1707 233 1748 in
252 1708 400 1764 primis
424 1708 663 1750 Siculorum
684 1709 727 1750 in
741 1708 923 1750 dicendo
941 1708 1142 1763 copiosus
1155 1717 1232 1758 est,
1246 1720 1555 1747 commemora-

123 1764 186 1805 vit
200 1768 264 1806 :95
279 1767 427 1807 urbem
438 1766 673 1821 relinquere
682 1766 984 1807 Thermitanos
995 1780 1085 1806 esse
1098 1764 1331 1814 honestius,
1341 1778 1469 1819 quam
1480 1778 1555 1819 pa-

122 1820 170 1873 ti,
193 1821 283 1864 tolli
306 1836 362 1864 ex
383 1824 488 1865 urbe
505 1834 785 1865 monumenta
800 1825 1028 1879 majorum,
1052 1822 1187 1878 spolia
1202 1821 1404 1873 hostium,
1426 1822 1556 1862 bene-

122 1878 221 1920 ficia
244 1879 465 1921 clarissimi
488 1882 583 1932 viri,
606 1882 766 1923 indicia
795 1882 1012 1923 societatis
1034 1879 1182 1936 populi
1209 1879 1395 1920 Romani
1426 1887 1556 1934 atque

120 1936 340 1978 amicitiae.
374 1937 594 1980 Commoti
613 1940 743 1980 animi
768 1949 866 1980 sunt
887 1939 1095 1979 omnium.
1118 1946 1309 1993 repertus
1330 1946 1392 1976 est
1410 1950 1553 1986 nemo,

119 1994 224 2048 quin
247 1996 356 2035 mori
379 1996 540 2037 diceret
562 1997 692 2037 satius
715 2011 820 2037 esse.
882 1996 1034 2051 Itaque
1065 1994 1148 2036 hoc
1173 1995 1313 2035 adhuc
1343 1993 1553 2050 oppidum

121 2051 274 2092 Verres
307 2052 473 2094 invenit
503 2068 636 2110 prope
668 2054 804 2094 solum
836 2054 879 2094 in
910 2055 1014 2094 orbe
1046 2060 1266 2103 terrarum,
1296 2052 1409 2092 unde
1444 2050 1555 2091 nihil

119 2108 332 2164 ejusmodi
354 2125 493 2152 rerum
516 2111 568 2152 de
590 2111 763 2167 publico
781 2125 855 2167 per
877 2112 979 2161 vim,
1002 2109 1110 2150 nihil
1140 2110 1322 2160 occulte,
1345 2107 1452 2149 nihil
1474 2108 1555 2149 im-

119 2167 254 2223 peri0,
284 2168 443 2209 96nihil
464 2169 617 2226 gratia,
640 2168 767 2223 [nihil
788 2169 946 2225 pretio]
968 2176 1111 2225 posset
1133 2167 1313 2208 auferre.
1372 2165 1410 2207 V
1414 2179 1554 2207 erum-

159 2315 200 2348 93
222 2314 278 2353 qui
291 2313 369 2354 fuit
395 2314 553 2353 Himeroe]
581 2313 662 2344 Edd.
686 2323 735 2354 pr.
759 2312 815 2343 ad·
857 2317 915 2343 ant
930 2312 984 2343 hic
998 2313 1084 2343 libri.
1100 2312 1233 2352 quidam
1249 2321 1316 2342 non
1330 2311 1455 2343 habent
1468 2311 1554 2342 nihil

118 2354 203 2386 dunt
217 2357 258 2386 ab
272 2366 318 2393 eo,
333 2357 419 2395 quod
431 2361 517 2387 esset
530 2357 568 2387 de
584 2356 710 2386 artifice
727 2356 813 2395 capi·
854 2357 984 2393 gralia,
997 2361 1036 2386 ut
1051 2356 1114 2385 Ms-
1133 2354 1245 2385 Franc-
1263 2359 1297 2385 et
1312 2355 1382 2385 edd.
1399 2364 1447 2394 pr.
1462 2353 1552 2385 addi-

117 2398 238 2429 endum
253 2409 262 2436 3
304 2399 358 2438 qui
390 2399 500 2429 nuilus
535 2406 814 2429 commemoratur
857 2397 906 2428 dit
931 2398 1055 2437 primus
1080 2397 1193 2428 Aldus.
1235 2397 1300 2427 Alii
1321 2397 1444 2427 habent
1465 2396 1555 2432 nihil

116 2440 205 2480 apud
221 2446 355 2472 veteres.
399 2442 602 2472 Stesichorus
616 2441 680 2471 fuit
699 2440 813 2470 Hime-
849 2441 1012 2478 precario.
1049 2440 1089 2470 N
1088 2442 1148 2470 ihil
1155 2440 1271 2478 gratia
1283 2449 1360 2470 sane
1374 2448 1486 2477 veru-m
1500 2443 1552 2470 est

117 2492 212 2513 raeus.
256 2484 306 2514 Ab
320 2494 354 2514 eo
373 2493 439 2514 non
454 2484 518 2513 suit
532 2484 566 2513 in
589 2483 653 2514 Ms.
675 2483 812 2521 Nannss,
857 2486 892 2512 et
907 2483 1122 2512 necessarium
1138 2494 1144 2512 τ
1167 2491 1244 2512 nam
1260 2482 1437 2522 opponitur
1450 2481 1551 2520 impe·

118 2533 213 2564 quem
228 2526 388 2556 Gruterus
402 2532 532 2557 secutus
547 2531 597 2556 est
610 2532 708 2556 recte.
855 2525 905 2554 rio
915 2537 924 2554 .·
943 2526 1029 2554 m'hz'l
1036 2526 1144 2564 pretio
1158 2525 1305 2564 spurium
1321 2529 1412 2564 puto.
1426 2522 1551 2554 addidit

159 2571 201 2602 94
223 2573 290 2599 tota
308 2569 448 2609 Groecz’a]
474 2568 556 2599 Edd.
571 2574 654 2599 vett.
667 2569 702 2598 in
723 2567 812 2598 Groe-

88 2622 91 2623 ⁷
117 2610 181 2648 eia,
197 2610 282 2650 quod
293 2616 327 2642 et
349 2611 494 2642 Graevius
517 2618 647 2642 secutus
661 2618 721 2640 est.
745 2615 812 2640 tota

125 2652 251 2685 Gaea-ia
267 2654 385 2684 rectius
401 2653 480 2683 mihi
496 2653 636 2684 videtur.
672 2651 810 2683 Facilius

118 2694 240 2726 librarii
255 2695 437 2726 addiderint
450 2698 497 2733 in,
510 2705 608 2737 quam
622 2695 811 2726 demserint.

158 2741 199 2771 95
221 2746 254 2768 u.
268 2748 298 2768 r.
315 2737 545 2769 Thermitanus
555 2748 621 2769 esse
633 2737 808 2776 homas-tius]

118 2778 202 2810 Mihi
217 2779 344 2810 videtur
357 2780 472 2811 melius
486 2782 555 2811 fore
573 2780 810 2817 Thermitanis,

116 2826 154 2852 ut
169 2822 209 2852 ad
223 2823 385 2853 honestius
397 2823 566 2853 reseratur.

156 2864 198 2898 96
219 2865 303 2895 m‘kil
319 2866 449 2904 gratia,
472 2865 557 2896 nihil
571 2863 694 2906 pretio]
718 2863 812 2896 Vari-

855 2567 1028 2606 glossator,
1056 2572 1095 2596 ut
1125 2567 1252 2606 opinor,
1283 2566 1364 2597 nihil
1384 2567 1547 2605 precibus,

855 2619 972 2650 nempe
995 2610 1129 2648 gratita,
1155 2609 1238 2639 alius
1254 2610 1415 2648 precario.
1460 2608 1548 2639 Con-

854 2652 995 2682 cinnitas
1007 2652 1163 2681 orationis
1178 2656 1325 2681 servatur
1339 2651 1454 2690 mag-is,
1470 2651 1548 2681 siut

855 2699 932 2724 ante
947 2698 997 2724 est
1008 2695 1161 2733 nihilper
1174 2693 1250 2729 erim,
1263 2694 1348 2723 nillil
1358 2695 1491 2729 occulte,
1503 2692 1550 2722 sic

855 2737 908 2767 hic
922 2737 977 2773 sit,
986 2737 1072 2766 nihil
1077 2737 1223 2775 imperio,
1236 2737 1321 2766 nihil
1327 2736 1454 2774 gratia.
1465 2734 1551 2765 Pre-

854 2780 937 2810 tium
950 2778 1079 2817 quidem
1088 2787 1220 2818 prorsus
1232 2785 1282 2808 est
1293 2777 1449 2808 alienum.
1470 2776 1552 2807 ver-

855 2830 905 2851 res
928 2831 995 2851 non
1018 2821 1144 2851 solebat
1172 2830 1292 2856 emere,
1315 2824 1374 2850 aut
1396 2818 1552 2860 pecunias

853 2863 931 2895 dare
946 2863 986 2895 ad
999 2862 1121 2903 aliquid
1136 2862 1393 2903 impetrandum.
