1907 3231
575 127 773 167 ACTIO
803 127 1024 166 PRIMA.
1505 135 1577 171 115

145 234 374 277 convenire
395 231 606 288 coepistis.
666 231 799 274 Hunc
818 231 932 274 diem
946 231 1043 287 jam
1064 246 1118 273 ne
1139 240 1365 275 numerant
1386 234 1576 290 quidem.

147 291 310 334 Decem
345 290 435 331 dies
458 299 557 331 sunt
587 297 686 330 ante
717 290 838 331 ludos
873 290 1055 340 votivos,
1085 304 1193 344 quos
1227 289 1308 331 Cn.
1342 290 1576 348 Pompeius

147 349 336 390 facturus
358 355 437 388 est.
461 347 505 388 hi
536 346 625 387 ludi
647 346 737 388 dies
759 347 1007 402 quindecim
1029 347 1238 388 auferent.
1261 347 1414 389 deinde
1435 350 1575 389 conti-

143 420 230 447 nuo
253 403 439 446 Romani
465 413 794 459 consequentur.
856 403 925 445 Ita
954 418 1088 460 prope
1108 417 1171 445 x1.
1202 403 1353 446 diebus
1383 405 1574 461 interpo-

143 463 250 512 sitis,
273 470 365 502 tum
395 461 580 516 denique
611 475 654 502 36
691 460 744 501 ad
774 476 838 512 ea,
866 476 964 517 quae
995 475 1020 502 6
1046 461 1171 503 nobis
1192 461 1313 502 dicta
1340 471 1481 513 erunt,
1509 477 1574 503 re-

142 533 376 576 sponsuros
398 533 487 559 esse
510 517 792 560 arbitrantur:
807 569 810 572 ι
825 518 978 560 deinde
1003 532 1048 558 se
1065 518 1269 560 ducturos
1300 529 1344 560 et
1374 518 1573 571 dicendo,

139 586 185 617 et
221 578 261 607 38
275 575 537 626 excusando,
569 574 694 616 facile
724 576 777 617 ad
807 575 929 617 ludos
960 575 1183 618 Victoriae.
1244 575 1357 617 Cum
1387 576 1454 617 his
1485 576 1576 632 ple-

140 632 260 675 beios
282 647 373 674 esse
394 632 674 687 conjunctos:
709 634 943 675 secundum
966 648 1074 689 quos
1096 642 1172 674 aut
1199 633 1319 684 nulli,
1342 642 1417 674 aut
1448 634 1574 689 pauci

140 689 232 731 dies
253 689 306 733 ad
329 690 543 746 agendum
567 689 700 730 futuri
723 699 836 732 sunt.
886 689 954 731 Ita
974 689 1141 732 defessa
1162 705 1211 732 ac
1233 689 1484 746 refrigerata
1504 705 1575 737 ac-

140 746 378 798 cusatione,
407 760 497 787 rem
529 747 743 803 integram
773 747 826 788 ad
857 745 926 788 M.
963 745 1191 788 Metellum
1223 756 1453 804 praetorem
1483 762 1574 789 esse

139 814 378 846 venturam.
410 818 539 859 quem
561 818 643 860 ego
673 804 908 855 hominem,
931 803 966 845 si
997 803 1090 858 ejus
1112 805 1212 845 fidei
1234 804 1399 846 diffisus
1422 819 1572 856 essem,

130 860 327 917 judicem
349 876 437 903 non
466 861 751 902 retinuissem.
811 861 940 902 Nunc
972 869 1114 902 tamen
1136 876 1187 902 eo
1218 861 1362 902 animo
1394 877 1502 914 sum,
1525 866 1633 903 ut32

136 933 189 960 eo
212 918 378 976 ι11111166,
400 933 529 975 quam
560 927 758 974 praetore,
781 918 892 960 hanc
915 933 1004 959 rem
1028 918 1208 975 transigi
1229 919 1401 972 malim3
1433 929 1476 960 et
1499 919 1573 975 ju-

136 984 230 1019 rato
253 991 388 1027 suam,
409 990 538 1031 quam
562 975 749 1030 injurato
769 975 949 1017 aliorum
972 975 1148 1017 tabellas
1170 976 1457 1017 committere.

191 1037 231 1070 39
249 1033 379 1075 Nunc
399 1047 496 1090 ego,
513 1033 699 1088 judices,
718 1033 813 1090 jam
838 1048 914 1075 vos
939 1032 1131 1083 consulo,
1155 1033 1259 1089 quid
1280 1032 1388 1074 mihi
1410 1032 1571 1075 facien·
1589 1036 1650 1084 11

133 1089 439 1147 dumputetis.
471 1090 513 1131 id
544 1090 659 1131 enim
690 1088 859 1132 consilii
887 1090 995 1131 mihi
1018 1089 1215 1146 profecto
1248 1091 1369 1131 taciti
1397 1091 1570 1143 dabitis,

132 1147 246 1203 quod
272 1156 445 1204 egomet
467 1148 573 1188 mihi
596 1148 835 1202 necessario
857 1147 1115 1203 capiendum
1136 1147 1347 1204 intelligo.
1409 1148 1455 1189 Si
1478 1158 1572 1190 utar

134 1205 187 1246 ad
209 1204 439 1246 dicendum
461 1219 557 1246 meo
582 1204 777 1261 legitimo
800 1214 1019 1262 tempore3
1050 1205 1135 1245 mei
1153 1204 1326 1255 laboris,
1349 1205 1572 1247 industria:

132 1261 457 1317 diligentiaeque
486 1263 655 1318 capiam
683 1261 894 1304 fructum:
926 1265 966 1292 40
980 1271 1024 1302 et
1050 1276 1104 1302 ex
1138 1263 1411 1303 accusatione
1445 1263 1574 1319 perfi-

132 1320 258 1369 ciam,
283 1330 329 1360 ut
349 1335 476 1361 nemo
499 1334 703 1373 umquam
724 1329 824 1375 post
844 1318 1071 1359 hominum
1092 1320 1344 1360 memoriam
1367 1321 1573 1375 paratior,

125 1376 397 1433 'vigilantion
419 1376 703 1432 compositior
723 1376 777 1417 ad
792 1375 1012 1432 judicium
1034 1376 1200 1417 venisse
1223 1376 1434 1418 videatur.
1488 1378 1570 1418 Sed

131 1435 175 1476 111
197 1434 276 1475 hac
298 1434 650 1476 laudeindustriae
672 1448 797 1485 meae,
819 1448 915 1474 reus
934 1448 989 1474 ne
1009 1432 1216 1485 elabatur,
1239 1448 1455 1475 summum
1479 1449 1575 1490 per-

131 1491 292 1532 1611111111
321 1501 400 1532 est.
462 1491 580 1538 Quid
598 1501 664 1531 est
686 1490 834 1547 igitur,
856 1490 969 1546 quod
988 1490 1080 1531 fieri
1103 1491 1264 1547 possit?
1306 1506 1395 1532 non
1417 1492 1571 1532 obscu-

133 1563 240 1600 rum,
271 1549 440 1606 opinor,
470 1563 608 1604 neque
636 1547 955 1590 absconditum.
1016 1547 1224 1589 Fructum
1256 1547 1387 1589 istum
1417 1548 1631 1600 laudis,33

130 1606 203 1662 qui
225 1621 278 1647 ex
302 1615 509 1663 perpetua
529 1606 724 1647 oratione
744 1605 910 1663 percipi
938 1605 1096 1662 potuit,
1118 1604 1162 1646 in
1184 1605 1267 1646 6116
1289 1614 1486 1662 tempora
1507 1621 1572 1647 re-

130 1678 364 1706 servemus:
397 1679 511 1706 nunc
541 1663 762 1705 hominem
793 1662 966 1715 tabulis,
995 1663 1193 1715 testibus,
1217 1662 1396 1719 privatis
1429 1663 1574 1720 publi-

128 1721 276 1777 cisque
316 1721 471 1764 litteris
517 1720 933 1776 auctoritatibusque
974 1734 1239 1763 accusemus.
1300 1719 1388 1761 Res
1430 1721 1571 1762 omnis

129 1779 236 1820 1111111
265 1788 409 1821 16611111
436 1779 532 1831 erit,
556 1778 780 1821 Hortensi.
843 1777 1002 1820 Dicam
1032 1787 1192 1835 aperte.
1256 1777 1301 1819 Si
1331 1786 1375 1819 te
1399 1792 1571 1821 mecum
1584 1777 1614 1807 b·

127 1836 312 1878 dicendo
342 1852 392 1877 ac
420 1835 632 1878 diluendis
669 1835 921 1878 criminibus
958 1836 1003 1876 in
1031 1835 1114 1877 hac
1149 1850 1280 1877 causa
1311 1835 1572 1877 contendere

129 1906 347 1950 putarem3
385 1908 467 1951 ego
500 1908 672 1950 quoque
702 1893 746 1936 in
776 1893 1035 1945 accusando,
1065 1901 1195 1950 atque
1224 1892 1269 1933 in
1301 1892 1572 1949 explicandis

127 1951 378 1993 criminibus
415 1966 591 2008 operam
625 1965 938 1994 consumerem.
976 1965 1107 2002 nunc,
1138 1950 1345 2006 quoniam
1378 1964 1573 2006 pugnare

127 2019 279 2050 contra
294 2023 362 2050 me
384 2009 624 2061 instituisti,
645 2024 734 2051 non
752 2018 843 2050 tam
863 2023 918 2050 ex
947 2018 1023 2050 tua
1038 2017 1205 2060 natura,
1224 2022 1354 2063 quam
1371 2022 1426 2048 ex
1450 2007 1574 2048 istius

127 2076 321 2123 tempore
350 2076 394 2108 et
414 2081 557 2119 causa,
582 2066 821 2119 malitiose;
850 2080 1024 2108 necesse
1052 2075 1118 2107 631
1141 2064 1385 2106 istiusmodi
1414 2065 1569 2106 rationi

125 2125 270 2181 aliquo
292 2123 472 2166 consilio
498 2125 720 2166 obsistere.
761 2123 855 2167 Tua
875 2124 985 2166 ratio
1007 2132 1086 2174 est,
1109 2132 1158 2165 ut
1179 2122 1415 2163 secundum
1447 2123 1569 2163 binos
1583 2126 1633 2158 34

126 2182 248 2224 ludos
269 2181 376 2223 mihi
408 2183 665 2238 respondere
687 2181 883 2238 incipias.
942 2196 1051 2233 mea,
1073 2190 1122 2221 ut
1142 2189 1242 2221 ante
1264 2179 1425 2235 primos
1448 2179 1570 2220 ludos

124 2239 517 2297 comperendinem.
561 2240 630 2282 Ita
651 2240 739 2291 fiet,
761 2247 810 2280 ut
831 2247 905 2280 tua
926 2239 1009 2281 ista
1023 2237 1427 2291 ratioexistimetur
1453 2246 1570 2278 astu-

127 2307 191 2340 ta:
222 2311 367 2338 meum
395 2297 478 2338 1106
503 2297 745 2350 6011311111111,
762 2297 1065 2339 necessarium.
1124 2294 1286 2336 Verum
1311 2293 1430 2345 illud,
1455 2294 1570 2350 quod
1589 2285 1652 2332 1⁶2

125 2355 395 2399 institueram
434 2354 590 2408 dicere,
622 2353 730 2396 mihi
767 2368 857 2395 rem
892 2363 1036 2396 tecum
1066 2367 1172 2404 esse,
1208 2351 1458 2408 hujusmodi
1493 2360 1572 2393 est.

165 2510 206 2539 38
229 2507 422 2547 excusando]
448 2505 561 2538 Veluti
589 2505 822 2538 valetudinem.
868 2504 1014 2545 ruptioni
1036 2504 1141 2534 facere
1167 2503 1290 2543 potuit,
1314 2501 1401 2542 quod
1427 2501 1575 2543 proxime

122 2549 302 2582 Lambinus
324 2550 413 2580 dedit
434 2551 622 2585 recusando,
645 2559 713 2580 non
734 2548 825 2579 bene.
869 2547 1024 2588 praecedit
1039 2545 1152 2576 Nemo.

124 2592 187 2623 Ms.
201 2594 264 2623 Gu.
280 2593 471 2622 accusando.
910 2593 951 2620 40
973 2595 1004 2620 et
1021 2599 1061 2620 ex
1080 2589 1284 2619 accusatione
1297 2586 1400 2626 perf]
1427 2586 1485 2617 Eae
1499 2585 1532 2617 11.
1548 2586 1573 2617 1.

164 2638 206 2669 39
228 2633 332 2665 Nunc
354 2644 411 2673 ego
435 2631 507 2673 &c.]
546 2634 649 2665 Valde
671 2634 826 2664 tentabar
869 2641 936 2662 non
965 2631 1004 2662 de
1030 2631 1137 2660 latina
1165 2629 1400 2661 consuetudine
1427 2629 1569 2659 dicitur:

123 2678 305 2716 corrigere:
331 2678 409 2707 AVon
425 2678 519 2718 egoj.
562 2677 651 2708 Nam
666 2686 732 2706 non
745 2685 823 2706 con·
865 2679 978 2713 estque
1006 2672 1087 2704 mihi
1116 2678 1315 2713 suspectum.
1358 2672 1410 2702 An
1438 2672 1503 2702 fuit
1532 2681 1571 2701 ea

121 2717 223 2750 sulit’:
255 2729 315 2750 nec
342 2719 448 2749 voluit
475 2719 656 2756 consulere,
684 2723 723 2749 ut
749 2718 823 2749 sub·
867 2726 934 2747 uec.
958 2715 1021 2746 Ms.
1045 2715 1107 2745 Gu.
1127 2714 1312 2745 nonhabet
1330 2718 1371 2744 ee.
1415 2713 1496 2744 Mox
1512 2723 1572 2754 pro

119 2761 207 2799 jecta
220 2761 305 2792 ratio
325 2762 430 2792 docet.
454 2771 571 2801 nempe
587 2768 658 2791 erat
671 2769 824 2801 Superva-
867 2759 1068 2798 compositior
1087 2757 1233 2788 Graevius
1249 2756 1392 2786 malebat
1411 2765 1450 2785 ex
1465 2754 1574 2786 Inter-

122 2812 234 2833 cuum.
274 2803 318 2833 Et
329 2813 414 2843 saepe
430 2804 464 2833 in
479 2803 568 2834 libris
584 2804 661 2834 Non
675 2807 709 2833 et
723 2803 827 2833 Nune
868 2809 959 2841 prete
974 2805 1082 2830 vetere
1099 2801 1258 2839 ουρὶοεὶον.
1293 2799 1377 2828 Saue
1389 2797 1474 2837 quod
1488 2808 1572 2828 com*

121 2851 157 2874 et
170 2845 264 2875 Num
280 2846 539 2882 conf-induntur,
552 2850 591 2875 ut
607 2847 678 2885 jam
701 2845 827 2884 aliquo·
865 2844 999 2884 positior
1012 2842 1196 2881 significare
1218 2845 1340 2882 potest,
1355 2839 1388 2870 id
1402 2844 1452 2870 est
1466 2840 1499 2870 in
1509 2850 1571 2880 pa-

122 2887 184 2917 ties
199 2895 296 2928 supra
308 2887 455 2918 vidimus.
494 2888 619 2919 Locum
633 2888 734 2919 etiam
757 2897 827 2918 cor·
871 2887 976 2917 ratior
990 2897 999 2914 .·
1021 2884 1075 2915 sed
1092 2890 1124 2914 et
1139 2884 1251 2924 copiosi
1264 2882 1476 2925 suntparati.

827 2941 839 2968 1
865 2935 890 2972 2
