1907 3231
298 116 345 151 52
883 110 1133 154 ORATIO

299 216 506 272 sanguine
528 218 817 267 versabantur,
842 219 943 260 Sex.
968 219 1128 260 Roscio
1153 216 1354 273 temporis
1375 214 1486 256 illius
1516 211 1725 254 acerbita-

301 282 387 314 tem
410 274 763 330 iniquitatemque
785 276 1020 330 objicient?
1051 287 1090 316 et
1118 275 1230 315 illam
1262 273 1509 314 sicariorum
1533 269 1725 310 multitu-

299 330 457 380 dinem,
490 334 638 386 inqua
669 333 746 387 ipsi
779 333 907 372 duces
938 347 986 373 ae
1018 332 1230 387 principes
1259 340 1393 379 erant,
1425 329 1523 369 liuic
1555 324 1725 367 crimini

302 388 514 442 putabunt
538 388 652 429 sore?
683 389 753 443 qui
779 404 862 429 non
887 389 1014 429 modo
1040 388 1191 428 Romae
1216 402 1300 428 non
1323 386 1417 436 fuit,
1441 385 1511 426 sed
1535 383 1726 432 omnino,

301 444 405 498 quid
427 444 578 485 Romae.
597 456 806 499 ageretur,
825 446 1020 494 nesciret,
1039 454 1262 500 propterca
1279 443 1391 497 quod
1414 443 1495 482 ruri
1519 440 1727 487 assiduus,

242 501 659 555 &quemadmodum
685 513 774 542 tute
792 502 1023 550 confiteris,
1043 502 1138 542 suit.
1165 501 1335 549 Vereor,
1358 514 1411 539 ne
1431 508 1504 539 aut
1527 496 1727 537 molestus

304 557 383 598 sim
404 558 738 611 vobis‚1u(liees,
761 568 834 598 aut
856 572 908 598 ne
930 558 1111 608 ingeniis
1133 557 1280 597 vestris
1304 555 1444 596 videar
1463 554 1669 603 diffidere,
1692 552 1726 592 si

299 614 352 654 de
376 624 460 655 tam
486 616 718 670 perspicuis·
742 615 864 655 rebus
887 610 1045 654 (liutius
1068 615 1286 654 disseram.
1320 611 1463 652 Erucii
1483 609 1727 651 criminatio

301 678 406 720 tota,
430 681 476 711 ut
497 672 692 721 arbitror,
714 672 918 712 dissoluta
939 681 999 711 est
1019 688 1026 711 ε
1060 671 1139 711 nisi
1164 670 1273 710 forte
1295 668 1570 724 exspectatis,
1590 677 1636 706 ut
1657 665 1730 706 illa

299 728 473 777 diluam,
496 743 591 782 qua»
616 729 667 768 de
692 729 902 783 peculatu,
925 743 974 768 ae
1005 728 1057 768 de
1087 726 1297 782 ejusmodi
1329 727 1452 766 rebus
1474 723 1728 765 commenti·

300 784 392 834 ciis,
415 785 605 825 inaudita
629 787 750 826 nobis
774 796 870 826 ante
895 785 975 825 hoc
1001 794 1166 840 tempus
1189 799 1237 824 ac
1267 797 1392 833 nova,
1414 780 1600 836 objecit:
1631 793 1728 834 quae

301 841 406 882 mihi
429 842 506 882 iste
527 842 637 882 visus·
657 853 716 882 est
737 858 789 883 ex
811 842 892 883 alia
910 842 1102 882 oratione
1121 841 1371 889 declamare,
1390 852 1517 893 quam
1537 838 1579 878 in
1598 836 1728 877 alium

301 912 418 939 reum
440 909 822 940 commentaretur:
848 899 907 939 ita
929 913 1064 953 neque
1087 898 1138 939 ad
1158 898 1318 939 crimen
1341 894 1571 952 parricidii,
1592 907 1730 948 neque

300 955 351 996 ad
377 970 489 1006 eum,
510 956 582 1010 qui
606 971 776 997 causant
799 956 918 1005 dicit,
944 955 1227 1010 pertinebant.
1262 953 1328 995 De
1350 953 1505 1007 quibus
1526 950 1730 1006 quoniam

301 1013 432 1052 verbo
455 1013 610 1067 arguit,
636 1013 763 1053 verbo
787 1013 886 1052 satis
909 1022 973 1052 est
1003 1026 1172 1067 negare.
1233 1011 1278 1051 Si
1308 1009 1409 1065 quid
1432 1018 1510 1058 est,
1532 1006 1646 1063 quod
1677 1007 1730 1047 ad

306 1079 433 1109 testes
457 1079 663 1119 reservet,
696 1069 754 1110 ibi
778 1084 855 1109 nos
877 1083 1061 1123 quoque,
1086 1078 1131 1109 ut
1158 1069 1200 1108 in
1223 1068 1315 1123 ipsa
1336 1081 1477 1116 causa,
1499 1064 1731 1120 paratiores

221 1122 498 1181 30reperiet,
521 1141 647 1180 quant
671 1127 864 1181 putabat.
928 1125 1062 1165 Venio
1086 1140 1197 1165 nunc
1219 1139 1285 1174 eo,
1307 1138 1392 1178 quo
1414 1137 1482 1163 me
1503 1136 1589 1162 non
1611 1120 1733 1177 eupi-

270 1182 414 1232 3ditas
437 1182 570 1233 ducit,
593 1183 661 1223 sed
688 1183 805 1224 fides.
829 1197 927 1223 nam
951 1182 983 1222 si
1007 1182 1112 1222 mibi
1145 1182 1294 1222 liberet
1324 1192 1537 1229 accusare,
1559 1192 1732 1220 accusa-

302 1253 391 1280 rem
421 1239 525 1280 alios
556 1240 713 1295 potiusz,
735 1256 788 1281 ex
812 1240 967 1294 quibus
999 1254 1166 1295 possem
1188 1251 1399 1279 erescere:
1431 1235 1545 1292 quod
1568 1245 1738 1276 certum

301 1305 366 1336 est
389 1311 473 1336 non
498 1295 650 1346 faeere,
672 1297 774 1337 dum
798 1297 1005 1337 utrumvis
1028 1296 1188 1336 licebit.
1238 1294 1279 1335 [s
1301 1295 1412 1335 enim
1437 1292 1541 1334 mihi
1567 1292 1734 1333 videtur

301 1353 602 1408 amplissimus,
633 1354 706 1408 qui
745 1369 820 1394 sua
855 1353 1009 1393 virtute
1044 1353 1088 1393 in
1122 1352 1313 1393 altiorem
1354 1351 1496 1391 locum
1526 1348 1734 1405 pervenit,

300 1424 403 1460 non,
426 1410 498 1465 qui
530 1410 751 1451 adscendit
782 1424 854 1465 per
887 1410 1058 1450 alterius
1093 1409 1413 1450 incommodum
1445 1417 1489 1447 et
1517 1406 1736 1448 calamita-

304 1476 431 1507 tem.'
466 1466 722 1508 Desinamus
753 1467 980 1521 aliquando
1009 1482 1059 1508 ea
1089 1466 1280 1516 serutari,
1312 1480 1409 1520 quae
1441 1473 1540 1504 sunt
1568 1463 1733 1505 inania:

301 1538 557 1578 quaeramus,
580 1524 653 1564 ubi
685 1524 941 1565 maleficium
965 1533 1008 1564 et
1031 1533 1108 1573 est,
1131 1533 1174 1564 et
1205 1522 1387 1563 inveniri
1420 1530 1575 1576 potest.
1633 1520 1735 1563 Jam

304 1580 530 1636 intellige5‚
564 1579 708 1631 Eruci,
738 1584 951 1622 53certum
984 1580 1145 1621 crimen
1183 1594 1311 1635 quam
1349 1578 1494 1620 multis
1528 1577 1736 1633 suspicio-

302 1637 429 1678 nibus
460 1647 732 1694 coarguatur.
766 1638 934 1678 tametsi
972 1652 1109 1693 neque
1143 1637 1289 1678 omnia
1320 1636 1476 1687 dicam,
1508 1645 1552 1676 et
1588 1634 1737 1676 leviter

302 1694 638 1750 unumquodque
661 1704 851 1750 tangam.
881 1708 1018 1749 neque
1040 1694 1152 1735 enim
1176 1694 1219 1734 id
1241 1694 1441 1742 facerem,
1463 1692 1545 1733 nisi
1565 1705 1738 1733 neeesse

303 1761 429 1792 esset.
459 1761 502 1792 et
532 1751 573 1792 id
603 1752 684 1792 erit
714 1751 840 1807 signi,
874 1766 942 1792 me
975 1751 1158 1792 invitum
1189 1751 1342 1800 faeere,
1371 1749 1486 1804 quod
1518 1764 1604 1790 non
1639 1763 1738 1805 pro-

307 1822 458 1863 sequar
488 1808 672 1864 longius,
699 1823 828 1863 quam
858 1807 968 1849 salus
1002 1808 1128 1863 hujus
1159 1816 1202 1848 et
1231 1821 1327 1848 mea
1355 1806 1459 1847 fides
1488 1805 1739 1862 postulabit.

245 1871 296 1905 84
309 1864 494 1906 Causam
525 1876 568 1906 tu
603 1865 762 1906 nullam
794 1879 837 1906 re
871 1865 1032 1906 eriebas
1073 1866 1115 1906 in
1150 1865 1250 1905 Sex.
1286 1863 1472 1905 Roscio:
1503 1873 1548 1904 at
1578 1877 1660 1919 ego
1693 1863 1738 1904 in

260 1932 292 1964 b.
307 1920 357 1962 T.
390 1921 550 1963 Roscio
584 1922 763 1978 reperio.
822 1879 983 1963 'IPeeum
1016 1922 1130 1963 enim
1162 1921 1268 1962 mihi
1304 1935 1369 1961 res
1397 1930 1476 1971 est,
1505 1919 1556 1961 T.
1590 1919 1738 1970 Rosci,

304 1979 508 2033 quoniam
532 1979 628 2019 istic
660 1979 793 2029 sedes,
817 1993 866 2019 ac
894 1988 932 2019 te
965 1979 1102 2034 palam
1135 1978 1422 2019 adversarium
1442 1991 1534 2018 esse
1564 1977 1740 2033 profite-

303 2036 377 2076 ris.
438 2035 507 2077 De
536 2035 749 2091 Capitone
780 2045 877 2091 post
907 2036 1152 2086 viderimus,
1183 2036 1232 2086 si,
1265 2034 1626 2090 quemadmodum
1663 2049 1739 2090 pa-

303 2101 443 2133 ratum
474 2107 565 2133 esse
597 2093 741 2143 audio,
773 2093 892 2133 testis
927 2093 1155 2148 prodierit:
1189 2101 1279 2133 tum
1311 2092 1413 2132 alias
1443 2105 1614 2147 quoque
1642 2105 1739 2132 suas

304 2149 466 2204 palmas
485 2159 732 2204 cognoscet,
755 2149 808 2190 de
828 2149 984 2204 quibus
1003 2164 1071 2190 me
1094 2165 1145 2190 ne
1168 2150 1333 2190 audisse
1354 2149 1527 2204 quidem
1550 2148 1740 2204 suspica-

302 2218 386 2247 tur.
448 2206 498 2247 L.
527 2206 700 2247 Cassius
733 2205 816 2257 ille,
847 2220 974 2261 quem
1003 2207 1186 2262 populus
1222 2206 1442 2246 Romanus
1472 2205 1739 2246 verissimum

302 2273 346 2303 et
388 2264 750 2319 sapientissimum
780 2263 975 2318 judicem
1015 2264 1207 2319 putabat,
1249 2263 1482 2304 identidem
1522 2262 1566 2303 in
1600 2261 1739 2303 causis

303 2335 495 2374 quaerere
527 2320 704 2371 solebat,
727 2321 795 2361 cui
825 2320 939 2361 bono
962 2319 1125 2362 fuisset.
1186 2321 1257 2361 Sic
1289 2320 1377 2360 vita
1407 2319 1630 2360 hominum
1660 2327 1738 2369 est,

307 2388 354 2416 ut
376 2377 427 2417 ad
450 2377 708 2418 maleficium
730 2391 856 2418 nemo
879 2389 1057 2417 conetur
1082 2379 1171 2418 sine
1193 2391 1267 2432 spe
1297 2388 1426 2431 atque
1447 2376 1738 2417 emolumento

246 2439 293 2471 85
307 2434 522 2475 accedere.
582 2433 714 2475 Hunc
745 2434 1019 2489 quaesitorem
1050 2450 1100 2475 ac
1124 2434 1317 2489 judicem
1351 2433 1577 2488 fugiebant
1608 2443 1737 2488 atque

304 2490 536 2531 horrebant
569 2491 612 2542 ii,
645 2491 801 2546 quibus
840 2491 1073 2546 perieulum
1104 2491 1351 2532 creabatur:
1385 2491 1479 2531 ideo
1513 2490 1642 2545 quod,
1675 2499 1738 2530 ta-

306 2547 429 2588 metsi
455 2548 643 2589 veritatis
665 2558 756 2588 erat
786 2548 962 2597 amicus,
987 2557 1129 2588 tamen
1160 2558 1311 2587 natura
1332 2561 1417 2586 non
1441 2556 1527 2587 tam
1555 2561 1740 2603 propen-

306 2618 374 2644 sus
398 2605 450 2644 ad
472 2605 824 2655 misericordiam,
847 2619 977 2659 quam
995 2604 1288 2660 ⁵⁴implicatus
1310 2604 1361 2643 ad
1386 2603 1654 2644 severitatem
1677 2603 1740 2644 vi-

347 2720 386 2749 53
408 2721 533 2748 certum
547 2717 684 2757 crimen]
710 2728 740 2748 v.
755 2718 789 2748 in
804 2717 902 2748 Clave
918 2717 950 2747 in
967 2727 996 2747 v.
1041 2718 1108 2748 etio
1122 2717 1284 2748 librorum
1299 2717 1524 2755 antiquorum,
1541 2725 1614 2756 quae
1625 2722 1741 2747 tamen

309 2759 435 2797 Cereus,
457 2759 533 2799 quia
550 2758 729 2790 Lambinus
745 2769 812 2790 non
832 2766 998 2790 assecutus
1042 2760 1076 2789 in
1104 2759 1272 2790 nonnullis
1294 2758 1363 2789 edd.
1388 2759 1507 2790 mediis
1527 2762 1656 2789 mutata
1675 2763 1738 2795 est,

305 2810 365 2833 est.
1042 2811 1109 2832 non
1122 2803 1156 2831 in
1171 2801 1297 2831 melius.
1341 2801 1539 2840 Coniectura
1552 2800 1690 2840 optima,
1703 2807 1739 2831 et

349 2847 388 2874 54
409 2844 596 2883 implicatus
616 2843 662 2875 ad
679 2842 758 2884 reu]
786 2843 866 2875 Haec
882 2849 932 2875 est
954 2844 999 2876 le-
1042 2849 1082 2876 ut
1099 2844 1231 2883 opinor,
1242 2853 1329 2883 vera,
1343 2847 1395 2874 est
1409 2843 1529 2875 Graevii
1543 2843 1744 2883 implacatus
