1907 3231
311 145 389 183 7⁴26
907 142 1155 181 ORATIO

314 244 498 285 haedinis
530 244 738 300 pelliculis
761 255 948 301 praetura
969 248 1161 302 dejectus
1182 255 1260 288 est.
1321 248 1429 290 Odit
1451 251 1633 307 populus
1658 251 1751 295 Ro-

314 316 465 342 manus
482 303 692 357 privatam
709 302 938 355 luxuriam,
959 305 1175 359 publicam
1194 306 1559 360 magnificentiam
1579 309 1720 366 diligit
1736 327 1746 353 :

314 372 400 398 non
421 369 536 398 amat
555 359 748 415 profusas
762 361 907 416 epulas
925 378 936 412 3
961 361 1104 402 sordes
1118 372 1162 401 et
1182 364 1220 392 33
1237 363 1595 406 inhumanitatem
1609 367 1747 408 multo

312 415 469 456 minus.
493 416 722 472 distinguit
734 419 944 469 rationem
964 419 1207 459 officiorum
1225 433 1274 459 ac
1293 430 1533 477 temporum
1550 439 1560 473 ;
1583 423 1748 464 vicissi-

313 472 507 513 tudinem
527 473 684 515 laboris
697 489 749 515 ac
770 474 1018 529 voluptatis.
1083 475 1211 525 Nam,
1233 478 1348 530 quod
1382 480 1457 530 ais,
1480 479 1595 520 nulla
1622 494 1666 520 re
1687 481 1748 522 al-

312 529 383 569 lici
407 530 627 571 hominum
648 539 813 571 mentes
832 541 1030 587 oportere
1049 533 1102 573 ad
1123 533 1424 588 magistratum
1439 537 1748 588 mandandum,

313 586 393 627 nisi
418 588 630 644 dignitate
650 604 659 628 :
692 586 775 628 hoc
794 597 839 629 tu
863 590 967 644 ipse,
985 589 1029 629 in
1051 604 1137 645 quo
1161 604 1327 631 summa
1347 600 1412 632 est
1434 593 1638 649 dignitas,
1661 608 1747 635 non

314 658 468 685 servas.
531 645 620 685 Cur
650 645 763 685 enim
796 659 1071 701 quemquam,
1094 656 1142 687 ut
1169 647 1339 689 studeat
1368 648 1464 700 tibi,
1485 658 1534 690 ut
1560 660 1601 691 te
1625 650 1749 706 adju·

312 710 399 752 vet,
427 703 578 757 rogas?
623 701 770 756 Rogas
796 712 842 743 tu
872 717 955 754 me,
987 713 1035 744 ut
1066 703 1171 745 mihi
1204 705 1367 761 praesis,
1399 716 1447 746 ut
1477 707 1746 749 committam

313 772 395 813 ego
424 773 492 799 me
524 758 618 799 tibi.
679 759 797 805 Quid
829 761 1029 802 tandem?
1060 762 1172 802 istuc
1202 774 1270 802 me
1297 763 1437 818 rogari
1469 771 1641 819 oportet
1669 765 1746 814 abs

314 824 370 866 te,
393 829 445 856 an
470 825 510 855 te
533 816 675 872 potius
693 831 717 856 a
739 832 820 867 ine,
840 827 888 857 ut
910 832 987 873 pro
1006 833 1101 859 mea
1122 817 1256 859 salute
1277 818 1466 860 laborem
1489 820 1749 876 periculum-

250 882 394 926 77'que
425 873 660 928 suscipias?
717 874 858 921 Quid?
895 876 1008 930 quod
1041 876 1172 917 habes
1203 877 1582 929 nomenclatorem,
1613 877 1658 919 in
1693 892 1747 919 eo

311 930 485 983 quidem
518 929 626 970 fallis
658 939 701 971 et
730 931 908 987 decipis.
940 947 1054 983 nam,
1087 932 1121 973 si
1152 934 1326 974 nomine
1357 934 1560 990 appellari
1592 935 1667 976 abs
1705 944 1748 976 te

310 987 427 1027 cives
453 996 565 1038 tuoS,
586 987 816 1029 honestum
838 999 902 1030 est
921 1006 930 1030 ;
962 1000 1087 1046 turpe
1111 999 1175 1030 est
1198 1005 1270 1031 eos
1296 991 1487 1033 notiores
1509 1005 1600 1032 esse
1623 1006 1746 1033 servo

311 1053 387 1085 tuo
410 1059 537 1099 quam
562 1045 656 1085 tibi.
689 1047 801 1087 3⁴sin
826 1046 956 1087 etiam
981 1047 1110 1099 noris,
1131 1058 1274 1088 tamen
1296 1062 1372 1104 per
1389 1048 1647 1091 monitorem
1669 1064 1747 1105 ap-

310 1100 496 1157 pellandi
520 1112 632 1153 sunt,
656 1117 731 1143 cur
762 1113 860 1145 ante
883 1104 1008 1159 petis,
1039 1120 1168 1159 quam
1192 1106 1498 1148 insusurravit?
1522 1115 1597 1148 aut
1625 1107 1746 1162 quid,
1777 1148 1781 1152 ,

310 1173 409 1199 cum
437 1160 693 1211 admoneris,
721 1170 877 1211 tumen,
900 1162 1020 1216 quasi
1053 1171 1145 1202 tute
1166 1162 1297 1213 noris,
1318 1163 1380 1203 ita
1410 1163 1594 1206 salutas?
1624 1163 1744 1218 quid,

308 1226 590 1272 posteaquam
637 1232 681 1257 es
727 1218 991 1274 designatus,
1042 1220 1178 1260 multo
1222 1220 1378 1261 salutas
1429 1220 1745 1278 negligentius?

310 1272 423 1314 Haec
446 1274 591 1314 omnia
610 1275 662 1315 ad
687 1276 896 1316 rationem
917 1276 1106 1317 civitatis
1131 1277 1164 1318 si
1187 1277 1363 1333 dirigaS,
1384 1287 1501 1319 recta
1523 1287 1644 1320 sunt:
1677 1279 1743 1320 sin

307 1332 569 1387 perpendere
592 1332 643 1372 ad
663 1333 766 1375 disci
773 1333 903 1390 plinae
922 1343 1141 1390 praecepta
1166 1334 1281 1385 velis,
1299 1335 1564 1390 reperiantur
1580 1335 1746 1391 pravis-

309 1388 430 1429 sima.
492 1389 636 1436 Quare
658 1405 736 1431 nec
760 1390 874 1447 plebi
899 1389 1110 1437 Romanae
1132 1392 1338 1448 eripiendi
1363 1392 1526 1434 fructus
1548 1392 1620 1433 isti
1643 1402 1743 1434 sunt

307 1446 519 1497 ludorum,
558 1446 860 1502 gladiatorum,
892 1449 1206 1499 conviviorum,
1243 1464 1340 1504 quae
1377 1451 1524 1491 omnia
1557 1449 1743 1505 majores

307 1504 441 1545 nostri
473 1515 851 1559 comparaverunt:
884 1520 962 1546 nec
993 1506 1232 1547 candidatis
1264 1508 1345 1547 ista
1377 1507 1621 1564 benignitas
1652 1507 1744 1548 adi-

305 1562 462 1603 menda
482 1571 560 1613 est,
583 1576 678 1616 qua:
701 1562 1001 1604 liberalitatem
1025 1564 1161 1618 magis
1184 1563 1402 1620 significat
1423 1579 1551 1620 quam
1574 1564 1741 1621 largiti-

304 1633 446 1660 onem.

218 1662 288 1716 37
359 1675 420 1717 At
439 1677 554 1717 enim
578 1685 619 1718 te
648 1676 700 1718 ad
734 1676 1020 1718 accusandum
1055 1677 1296 1733 respublica
1325 1678 1522 1719 adduxit.
1583 1678 1740 1731 Credo,

241 1735 290 1773 78
306 1732 432 1785 Cato,
455 1744 496 1774 te
519 1735 602 1775 isto
633 1735 792 1785 animo,
815 1744 944 1789 atque
976 1748 1027 1774 ea
1057 1734 1262 1790 opinione
1285 1735 1464 1778 venisse.
1495 1734 1568 1776 sed
1591 1746 1635 1776 tu
1659 1735 1742 1776 im-

304 1791 531 1846 prudentia
553 1791 721 1832 laberis.
784 1790 879 1847 Ego
902 1791 1018 1846 quod
1040 1790 1169 1843 facio,
1194 1792 1380 1847 judice5‚
1402 1807 1501 1834 cum
1531 1792 1736 1834 amicitiae

303 1848 616 1904 dignitatisque
648 1849 696 1890 L.
720 1847 919 1889 Murenae
956 1849 1095 1904 gratia
1123 1849 1251 1900 facio,
1276 1860 1364 1891 turn
1398 1864 1465 1890 me
1488 1849 1621 1906 pacis,
1642 1850 1738 1901 otii,

303 1906 562 1956 concordiae,
602 1906 828 1957 libertatis,
859 1906 1022 1957 salutis,
1058 1907 1158 1948 vitae
1199 1907 1385 1962 denique
1426 1907 1620 1966 omnium
1661 1922 1741 1949 no-

169 1970 200 2000 P·
218 1960 289 1989 ¹43·
304 1962 440 2004 strum
463 1978 593 2004 causa
613 1963 754 2004 facere
775 1962 914 2017 clamo
928 1973 1057 2019 atque
1079 1972 1226 2005 testor.
1244 1986 1253 2001 2
1267 1962 1621 2016 ³Audite,‘audite
1633 1979 1737 2006 con-

258 2010 288 2031 a.
303 2019 451 2071 sulem,
466 2020 653 2076 judices,
673 2020 779 2061 nihil
801 2018 940 2062 dicam
956 2021 1241 2077 arrogantius,
1261 2030 1430 2063 tantum
1447 2021 1604 2072 dicam,
1621 2030 1735 2063 totos

301 2078 391 2118 dies
413 2088 542 2132 atque
564 2090 712 2119 noctes
734 2077 787 2118 de
809 2078 1030 2134 republica
1059 2079 1342 2134 cogitantem.
1403 2079 1506 2120 Non
1527 2093 1661 2134 usque
1682 2094 1734 2120 eo

301 2134 351 2175 L.
383 2134 571 2176 Catilina
602 2135 912 2191 rempublicam
945 2135 1144 2191 despexit
1178 2145 1308 2191 atque
1336 2136 1582 2188 contemsit,
1616 2146 1665 2178 ut
1684 2151 1736 2178 ea

298 2192 439 2248 copia,
462 2207 590 2247 quam
614 2190 762 2234 secum
779 2192 947 2244 eduxit,
970 2206 1014 2233 se
1047 2193 1157 2234 hanc
1186 2194 1409 2235 civitatem
1431 2207 1734 2250 oppressurum

299 2250 592 2290 arbitraretur.
644 2250 771 2291 latius
813 2259 934 2306 patet
976 2249 1088 2291 illius
1130 2251 1299 2292 sceleris
1343 2251 1566 2307 contagiO,
1606 2266 1737 2307 quam

297 2307 525 2362 quisquam
548 2317 697 2364 putat3
729 2307 781 2348 ad
803 2307 943 2364 plures
966 2308 1167 2363 pertinet.
1227 2308 1368 2360 Intus,
1390 2308 1520 2359 intus,
1542 2308 1733 2364 inquam,

297 2373 363 2404 est
394 2379 527 2420 equus
559 2364 796 2420 Trojanus:
840 2380 866 2406 a
897 2379 983 2420 quo
1017 2379 1268 2421 numquam,
1300 2380 1371 2407 me
1411 2364 1601 2415 consule,
1633 2365 1732 2406 dor-

236 2421 480 2462 79mientes
515 2421 836 2478 opprimemini.
899 2422 1070 2469 Quaeris
1099 2437 1124 2463 a
1155 2437 1239 2473 nie,
1261 2422 1365 2478 quid
1390 2437 1472 2478 ego
1497 2421 1730 2464 Catilinam

298 2489 502 2520 metuam.
565 2478 712 2520 Nihil:
744 2488 788 2521 et
817 2480 979 2530 curavi,
1002 2494 1055 2520 ne
1085 2480 1180 2535 quis
1212 2489 1445 2522 metueret:
1478 2479 1550 2520 sed
1582 2479 1734 2535 copias

298 2536 425 2587 illius,
448 2551 552 2592 quas
574 2536 646 2578 hic
665 2536 804 2586 video,
826 2536 925 2578 dico
947 2550 1039 2578 esse
1060 2538 1331 2579 metuendas:
1364 2551 1443 2578 nec
1465 2545 1553 2577 tam
1575 2535 1732 2577 timen-

297 2593 376 2633 dus
403 2604 467 2634 est
497 2609 609 2634 nunc
639 2594 855 2635 exercitus
890 2593 938 2634 L.
969 2593 1187 2646 Catilinae,
1214 2609 1343 2650 quam
1377 2594 1462 2644 isti,
1499 2592 1572 2648 qui
1608 2593 1730 2635 illum

295 2651 534 2691 exercitum
557 2651 791 2692 deseruisse
820 2651 1037 2693 dicuntur.
1069 2666 1156 2693 non
1178 2653 1294 2693 enim
1325 2651 1621 2693 deseruerunt:
1654 2651 1728 2691 sed

329 2809 369 2837 33
401 2807 693 2847 inhumanitatem]
721 2808 893 2847 Quomodo
921 2808 984 2838 hoc
1028 2808 1208 2839 Lambinus
1233 2807 1368 2847 corrigit
1397 2809 1525 2838 etiamsi
1551 2805 1649 2837 noris.
1672 2805 1727 2836 alii

286 2850 420 2879 vei-'oum
436 2849 488 2879 liic
501 2849 641 2887 dicatur,
657 2861 687 2881 v.
703 2851 736 2880 in
753 2850 845 2881 Clav.
1028 2851 1125 2881 aliter
1147 2851 1346 2881 sententiam
1374 2851 1563 2892 expediunt,
1586 2847 1641 2880 sed
1664 2847 1725 2879 hoc

328 2893 369 2922 24
390 2892 439 2921 siu
466 2893 565 2923 eciam
591 2893 691 2930 noris,
721 2892 846 2933 tanen]
884 2893 986 2925 Recte
1029 2892 1308 2934 simplicissimum
1322 2897 1382 2923 est.
