1907 3231
305 117 357 156 76
896 119 1153 158 ORATIO

304 218 464 270 videar,
493 234 569 262 cur
601 223 832 264 secundum
866 222 1071 266 Roscium
1098 224 1284 280 judicari
1315 224 1480 267 debeat.
1542 224 1731 268 Pecunia

305 275 442 330 petita
462 286 528 318 est
552 289 691 322 certa:
723 294 820 321 cum
845 282 970 322 tertia
1001 291 1119 337 parte
1149 283 1322 337 sponsio
1344 282 1457 323 saeta
1478 291 1555 323 est.
1618 282 1729 324 Haec

304 333 487 428 fecunia
515 349 684 377 neccsse
714 348 793 386 est,
816 348 889 377 aut
915 338 1028 388 data,
1051 351 1123 378 aut
1153 353 1342 394 expensa
1372 339 1468 389 lata,
1491 347 1564 380 aut
1595 338 1731 395 stipu-

319 398 391 430 ata
412 391 481 431 sit.
543 392 699 434 Datam
742 408 827 434 non
863 409 952 435 csse
991 395 1176 435 Fannius
1213 396 1465 437 confltetur:
1497 410 1729 452 expensam

305 444 434 488 latam
458 462 541 489 non
572 464 676 500 esse,
698 451 867 491 codices
892 450 1040 492 Fannii
1064 452 1342 493 confirmant:
1376 453 1619 508 stipulatam
1642 466 1730 493 non

247 509 397 544 15esse
419 505 686 547 taciturnitas
710 508 878 547 testium
903 508 1114 549 concedit.
1175 509 1290 555 Quid
1315 523 1417 564 ergo
1439 513 1530 551 est?
1565 513 1600 540 ¹5
1613 509 1730 565 quod

305 569 349 600 et
372 574 465 601 reus
491 561 523 602 is
553 572 631 614 cst,
653 564 721 604 cui
745 574 788 604 et
819 565 1000 618 pecunia
1031 565 1244 605 levissima
1266 575 1309 606 et
1338 566 1602 607 existimatio
1633 580 1729 607 san·

306 617 499 658 ctissima
525 618 606 659 fuit
629 634 818 675 semper:
851 620 1044 675 etjudex
1068 631 1132 661 est
1154 622 1202 672 is,
1224 636 1350 676 quem
1373 637 1449 663 nos
1479 638 1565 663 non
1587 623 1728 664 minus

306 674 416 714 bene
436 674 490 715 de
512 677 636 716 nobis
658 677 917 727 existimare,
940 692 1066 733 quam
1092 679 1323 719 secundum
1346 693 1422 719 nos
1438 679 1634 734 judicare
1657 694 1729 720 ve-

304 729 451 771 limus:
475 732 701 774 advocatio
718 747 769 774 ea
787 742 865 784 est,
883 750 1009 790 quam
1034 745 1208 790 propter
1229 736 1436 776 eximium
1459 736 1727 793 splendorem

309 787 346 818 ¹⁶
359 796 403 827 ut
418 787 609 841 judicem
631 805 760 831 unum
784 793 916 832 vereri
939 792 1193 833 debeamus:
1228 792 1401 847 perinde
1421 807 1471 834 ac
1493 793 1527 834 si
1550 793 1592 834 in
1616 793 1727 835 hanc

304 842 529 886 formulam
553 847 697 888 omnia
712 847 879 902 judicia
899 849 1105 905 legitima,
1125 851 1271 890 omnia
1288 849 1464 890 arbitria
1485 850 1727 901 honoraria,

301 900 449 942 omnia
490 903 634 945 officia
656 904 1095 947 domesticaconclusa
1119 915 1162 946 et
1183 906 1490 962 comprehensa
1511 907 1609 958 sint,
1633 921 1727 963 per-

300 957 402 999 inde
432 958 636 1001 dicemus.
700 960 777 1001 Illa
819 963 1009 1018 superior
1047 963 1130 1003 fuit
1166 964 1303 1004 oratio
1341 963 1591 1015 necessaria,
1633 965 1728 1006 baec

300 1015 384 1054 erit
408 1016 669 1058 voluntaria:
703 1018 772 1058 ilia
795 1019 847 1059 ad
871 1019 1080 1073 judicem,
1112 1019 1205 1061 liaec
1236 1020 1288 1061 ad
1321 1019 1372 1061 C.
1400 1020 1623 1062 Pisonem:
1655 1020 1727 1062 illa

301 1085 489 1135 proreo,
511 1073 606 1115 haec
637 1089 714 1130 pro
747 1074 927 1118 Roscio:
963 1077 1033 1117 illa
1063 1077 1271 1128 victoriae,
1293 1076 1388 1118 haec
1420 1078 1545 1119 bonae
1575 1076 1726 1119 existi-

302 1138 504 1170 mationis
526 1145 667 1182 causa,
688 1143 949 1187 comparata.

256 1174 293 1228 6
363 1185 595 1228 Pecuniam
627 1189 751 1244 petis,
783 1188 934 1241 Fanni,
965 1205 990 1231 a
1021 1189 1206 1233 Roscio:
1237 1193 1394 1246 quam?
1425 1191 1496 1232 dic
1524 1191 1726 1233 audacter

245 1252 292 1286 16
304 1251 347 1282 et
368 1253 526 1298 aperte.
574 1245 727 1287 Utrum
751 1261 847 1301 quae
871 1247 948 1288 tibi
971 1262 1025 1288 ex
1051 1249 1255 1289 socictate
1275 1248 1507 1290 debeatur?
1537 1263 1605 1300 an,
1627 1263 1724 1304 quae

303 1313 356 1340 ex
380 1300 632 1343 liberalitate
662 1302 789 1358 hujus
817 1305 1023 1359 promissa
1051 1306 1104 1345 sit
1126 1315 1169 1345 et
1189 1308 1432 1346 ostentata?
1462 1319 1643 1360 quorum
1665 1305 1726 1346 al·

303 1366 439 1398 terum
472 1370 535 1399 est
565 1361 736 1415 gravius
767 1372 809 1401 et.
843 1361 1059 1402 odiosius:
1094 1362 1272 1402 alterum
1304 1362 1436 1402 levius
1465 1371 1509 1402 et
1541 1361 1723 1404 facilius.

256 1415 287 1444 b·
304 1413 413 1460 Quae
435 1429 489 1456 ex
513 1417 717 1458 societate
746 1418 978 1459 debeatur?
1010 1419 1127 1465 Quid
1149 1420 1238 1460 ais?
1272 1418 1371 1460 Hoc
1390 1419 1482 1474 jam
1508 1433 1646 1474 neque
1666 1419 1724 1460 le·

298 1471 408 1512 viter
430 1472 649 1514 ferendum
672 1484 750 1526 est,
770 1490 906 1531 neque
925 1475 1191 1532 negligenter
1212 1476 1541 1517 defendendum.
1573 1476 1618 1518 Si
1640 1491 1726 1532 qua

295 1528 411 1569 enim
443 1540 541 1571 sunt
566 1532 731 1586 privata
753 1533 920 1587 judicia
952 1547 1129 1574 summas
1159 1533 1505 1583 existimationis,
1528 1541 1570 1574 et
1602 1547 1725 1589 paene

296 1585 438 1627 dicam
471 1588 639 1644 capitis,
674 1589 754 1630 tria
790 1589 884 1630 haec
922 1600 1034 1641 sunt,
1070 1590 1256 1640 fidueiae,
1295 1590 1455 1640 tutelae‚
1490 1590 1722 1632 societatis.

297 1641 439 1699 AEquc
470 1646 585 1685 enim
619 1646 894 1701 perfidiosum
924 1657 966 1688 et
999 1646 1209 1688 nefarium
1238 1658 1316 1697 est,
1349 1646 1477 1688 fidem
1511 1645 1722 1703 frangere,

297 1715 394 1756 quae
417 1702 609 1743 continet
641 1703 797 1755 vitam3
829 1714 871 1744 et
895 1704 1100 1760 pupillum
1133 1703 1342 1754 fraudare,
1369 1704 1442 1759 qui
1474 1704 1515 1744 in
1545 1704 1721 1746 tutelam

298 1759 516 1812 pervenit:
548 1772 591 1800 et
623 1760 786 1801 socium
821 1760 977 1812 fallere,
1010 1761 1082 1816 qui
1117 1775 1159 1802 se
1193 1762 1235 1801 in
1270 1761 1446 1815 negotio
1478 1761 1723 1816 conjunxit.

240 1818 289 1857 17
302 1815 412 1862 Quae
435 1830 533 1857 cum
557 1817 616 1858 ita
638 1817 736 1867 sint,
758 1818 831 1872 qui
853 1818 921 1869 sit,
940 1819 1012 1873 qui
1037 1819 1199 1860 socium
1220 1817 1426 1858 fraudarit
1446 1827 1490 1858 ct
1510 1818 1722 1870 fefellerit,

298 1873 629 1914 consideremus.
653 1874 774 1915 dabit
786 1875 900 1916 enim
913 1875 1143 1931 nobisjam
1168 1875 1296 1916 tacite
1319 1875 1408 1916 vita
1424 1884 1521 1916 acta
1539 1875 1580 1916 in
1595 1875 1721 1917 alter-

298 1938 438 1971 utram
468 1939 629 1986 partem
653 1931 822 1972 firmum
845 1941 888 1973 et
909 1946 1038 1987 grave
1069 1932 1376 1974 testimonium.
1420 1932 1477 1978 Q.
1511 1931 1722 1974 Roscius?

300 1987 417 2033 Quid
450 1989 536 2030 ais?
568 1988 738 2038 Nonne,
768 1999 815 2030 ut
846 1989 958 2044 ignis
989 1990 1029 2030 in
1063 2004 1216 2045 aquam
1247 1989 1484 2044 conjectus,
1513 1990 1721 2031 continuo

296 2045 577 2100 restinguitur
602 2056 645 2086 et
669 2046 968 2102 refrigeratur3
1000 2047 1061 2088 sic
1084 2046 1296 2087 refervens
1320 2045 1472 2087 falsum
1494 2047 1655 2088 crimen
1678 2047 1722 2088 in

296 2102 562 2157 purissimam
587 2112 631 2143 et
656 2103 937 2144 castissimam
960 2104 1092 2145 vitam
1115 2103 1332 2153 collatum,
1355 2103 1499 2144 statim
1532 2103 1723 2146 concidit

295 2168 340 2198 et
359 2159 677 2216 exstinguitur?
703 2159 886 2201 Roscius
909 2161 1072 2201 socium
1096 2160 1336 2201 fraudavit?
1367 2159 1517 2201 Potest
1538 2160 1621 2203 hoc
1644 2161 1722 2203 bo-

294 2216 400 2256 mini
436 2215 535 2257 huic
565 2216 725 2258 haerere
755 2220 1004 2273 peccatum?
1046 2218 1117 2273 qui
1148 2217 1312 2258 medius
1345 2216 1470 2258 fidius
1503 2218 1723 2270 (audacter

295 2272 412 2323 dico)
436 2272 528 2328 plus
548 2273 662 2326 fidei,
684 2288 812 2329 quam
836 2275 953 2324 artis,
976 2275 1068 2330 plus
1095 2274 1301 2325 veritatis,
1323 2288 1450 2329 quam
1481 2275 1718 2331 disciplinas

296 2330 486 2386 possidet
515 2331 557 2372 in
590 2345 654 2373 se:
685 2346 813 2387 quem
844 2332 1026 2387 populus
1063 2331 1284 2373 Romanus
1316 2330 1535 2373 meliorem
1567 2332 1720 2384 virum,

295 2401 424 2441 quam
454 2387 705 2429 histrionem
736 2403 826 2429 esse
856 2389 1109 2431 arbitratur:
1149 2388 1222 2444 qui
1256 2388 1317 2428 ita
1348 2388 1624 2444 dignissimus
1656 2399 1722 2431 est

297 2457 424 2485 scena
462 2454 635 2501 propter
676 2445 919 2497 artificium,
959 2456 1006 2487 ut
1046 2445 1322 2503 dignissimus
1365 2445 1419 2486 sit
1459 2447 1577 2487 curia
1622 2460 1721 2502 pro-

235 2511 283 2548 18
298 2511 391 2556 pter
421 2502 741 2544 abstinentiam.
773 2503 855 2544 Sed
887 2504 989 2558 quid
1021 2518 1102 2559 ego
1133 2503 1302 2558 ineptus
1333 2502 1386 2544 de
1416 2501 1576 2544 Roscio
1607 2504 1721 2559 apud

297 2557 498 2599 Pisonem
529 2559 650 2601 dico?
685 2560 883 2615 ignotum
916 2560 1133 2602 hominem
1165 2559 1327 2601 scilicet
1356 2558 1548 2615 pluribus
1581 2561 1720 2603 verbis

335 2685 372 2713 15
395 2683 480 2722 quod
499 2687 530 2713 et
552 2693 626 2714 reus
646 2685 674 2713 is
697 2684 758 2723 est]
785 2685 835 2714 Sic
859 2684 984 2723 primus
1027 2685 1120 2715 scrib.
1146 2688 1202 2714 aut
1215 2684 1363 2724 judicem
1385 2685 1531 2722 unicum,
1552 2683 1572 2715 i.
1589 2694 1617 2715 e.
1637 2694 1720 2725 prae-

288 2725 391 2755 edidit
414 2725 448 2754 P.
464 2725 634 2756 Manutius
660 2729 745 2757 1540.
764 2736 829 2756 nun
850 2727 889 2756 R.
913 2727 984 2756 Ste-
1026 2727 1278 2763 stantissimum,
1295 2726 1582 2765 religiosissimum.
1597 2733 1655 2757 aut
1670 2728 1720 2759 in..

289 2767 426 2807 phanuS.
443 2772 540 2798 recte.
583 2768 670 2798 Ante
683 2774 767 2806 erat,
786 2769 870 2809 quod
881 2773 912 2798 et
933 2778 986 2799 res
1027 2775 1128 2806 verte,
1149 2774 1185 2798 ut
1199 2778 1301 2799 unum
1311 2769 1471 2808 judicem,
1487 2778 1545 2808 pro
1564 2768 1719 2808 aliquem,

287 2808 360 2849 ejus
372 2813 426 2839 est.
528 2828 532 2831 ι
1027 2812 1059 2841 in
1075 2822 1137 2851 quo
1152 2811 1233 2842 solet
1250 2811 1493 2841 substantivum
1508 2811 1697 2851 praecedere.

335 2851 372 2881 16
395 2856 433 2882 ut
450 2849 599 2892 judicem
625 2851 742 2894 unum]
775 2852 881 2892 Friget
911 2853 982 2884 hoc.
