1907 3231
590 128 708 166 PRO
735 127 777 164 C.
806 125 1076 164 RABIRIO.
1481 131 1556 166 633

113 238 119 273 Ῐ
160 249 204 274 ex
221 237 372 285 antiquo
391 245 500 276 more,
519 234 581 270 sed
601 237 698 269 sorte
725 246 747 268 a
772 236 928 280 praetore
955 232 1071 272 datos,
1091 241 1162 265 non
1191 243 1212 266 a
1239 231 1387 281 populo,
1407 243 1506 268 more
1521 237 1557 269 et

158 292 330 326 instituto
351 288 516 323 Romano
534 290 685 322 creatos.
741 285 775 321 Iz
803 289 907 320 erant
930 283 1055 321 Julius
1076 283 1195 319 Caesar
1212 289 1246 319 et
1266 284 1401 320 Lucius
1423 285 1555 322 Caesar.

157 342 282 378 Julius
300 341 494 377 Rabirium
513 339 742 386 cupidissime
760 339 984 373 condemnat.
1040 336 1122 371 Hac
1150 336 1347 372 acerbitate
1370 343 1556 384 permotus

157 393 332 430 Rabirius
357 396 531 440 pro-vocat
561 392 609 426 ad
633 391 822 438 populum.
878 389 1009 437 Itaque
1036 400 1146 424 causa
1169 393 1297 435 postea
1325 394 1409 424 acta
1427 395 1480 425 est
1507 391 1556 426 ad

152 446 331 495 populum
350 447 388 480 in
410 444 544 503 Caiiipo
564 443 706 478 Martio
726 443 916 478 comitiatu
934 443 1104 478 maximo.
1157 440 1230 476 Hic
1248 445 1312 476 aut
1328 443 1452 488 potius
1470 447 1556 478 ante

158 499 307 534 comitia
330 498 367 532 in
387 498 555 532 concione
578 496 709 543 populi
728 494 891 543 defendit
919 494 1111 530 Rabirium
1130 493 1253 529 consul
1273 493 1409 535 Cicero,
1429 495 1490 529 sed
1516 497 1556 530 in

155 549 342 586 semihorae
362 551 515 584 curricu
510 549 579 583 'um
599 552 742 583 coactus
768 560 790 582 α
814 547 971 582 Tribuno
990 546 1163 583 Labieno.
1219 545 1293 581 Sed
1318 545 1555 582 nihilominus

157 615 181 638 a
203 602 341 650 populo
361 603 616 637 condemnatus
639 604 740 642 esset,
766 601 835 634 nisi
863 598 1036 634 Metellus
1057 599 1169 640 Celer,
1199 610 1317 645 augur
1344 602 1379 633 et
1401 603 1552 646 proetor,

155 667 237 690 cum
260 666 283 689 α
315 654 549 689 multitudine
570 665 607 688 se
631 665 701 688 non
725 653 860 692 audiri,
886 655 920 686 et
949 651 1139 687 Rabirium
1170 652 1298 699 cupide
1322 652 1564 691 condemnari?

154 708 304 746 videret,
326 707 496 742 vexillum
525 707 567 741 de
585 705 756 741 Janiculo
777 704 1004 745 detraxisset,
1023 709 1064 739 ut
1081 702 1163 749 jam
1191 703 1286 739 nihil
1311 705 1460 739 sciscere
1482 716 1550 751 po-

150 759 241 808 pulo
261 759 395 794 liceret.
453 759 617 794 Comitiis
635 769 720 804 ergo
740 761 824 791 tunc
839 756 980 796 solutis,
1001 754 1131 802 abjecit
1151 756 1331 792 Labienus
1357 757 1551 801 actionem,

156 816 193 847 et
210 811 384 847 Rabirius
402 813 457 847 ita
475 816 527 847 est
546 811 729 846 liberatus

106 902 295 988 ETSI,
319 935 528 985 Quirites,
545 947 634 975 non
655 941 720 973 est
740 946 849 974 meae
872 933 1357 985 consuetudinis,'1nitio
1376 933 1547 976 dicendi
1566 935 1593 982 1

101 993 316 1035 rationem
351 993 540 1043 1··edde1e,
574 1006 660 1047 qua
690 990 743 1031 de
773 1005 904 1032 causa
932 1005 1147 1047 quemque
1173 990 1417 1044 defendam,
1450 1006 1582 1048 prlo-

102 1051 263 1106 pterea,
276 1051 401 1116 'qu-od
423 1064 523 1091 cum
546 1048 748 1091 omnibus
771 1048 971 1090 civibus
962 1063 1006 1089 ln
1028 1063 1176 1090 eorum
1208 1049 1410 1105 periculis
1440 1064 1551 1091 sem-

100 1122 178 1164 per
206 1109 308 1149 satis
332 1108 500 1172 justam
524 1106 630 1148 mihi
653 1120 827 1147 causam
845 1106 1176 1148 necessitudinis
1199 1121 1290 1148 esse
1321 1107 1454 1160 duxi3
1487 1117 1552 1148 ta-

99 1172 200 1206 men
231 1166 275 1206 in
309 1166 390 1207 hac
422 1164 672 1206 defensione
703 1163 873 1220 capitiS,
904 1164 1048 1215 famae,
1072 1163 1430 1220 fortunaiumque
1461 1180 1554 1206 om-

98 1223 221 1264 nium
246 1223 298 1265 C.
324 1221 813 1287 Rabi1ii‚p1optonenda
834 1222 944 1262 ratio
967 1222 1138 1263 xidetur
1160 1237 1250 1264 esse
1273 1222 1408 1264 officii
1440 1223 1551 1265 mei:

99 1290 329 1338 propterea
351 1281 482 1336 quod,
505 1295 601 1336 quae
626 1280 870 1336 justissima
891 1279 999 1320 mihi
1021 1295 1151 1321 causa
1180 1280 1233 1321 ad
1265 1280 1380 1321 hunc
1403 1280 1552 1322 defen-

97 1338 288 1380 dendum
319 1353 410 1380 esse
441 1338 533 1379 visa
557 1346 635 1388 est,
659 1337 808 1378 eadem
840 1338 964 1378 vobis
996 1338 1049 1378 ad
1077 1337 1388 1379 absolvendum
1419 1338 1549 1379 debet

98 1396 250 1437 videri.
312 1396 427 1438 Nam
458 1410 527 1436 me
549 1410 648 1437 eum
679 1394 884 1436 amicitiae
908 1404 1113 1447 vetustas,
1137 1405 1228 1436 tum
1255 1395 1446 1453 dignitas
1469 1396 1583 1442 ho-2

97 1453 242 1504 minis,
266 1462 356 1495 tum
381 1454 491 1494 ratio
514 1453 812 1502 humanitatis,
836 1461 928 1492 tum
951 1467 1059 1494 meae
1082 1453 1185 1494 vitae
1213 1464 1422 1510 perpetua
1444 1469 1549 1496 con-

100 1511 300 1563 suetudo,
323 1511 377 1552 ad
401 1510 453 1552 C.
481 1510 708 1551 Rabirium
732 1509 1049 1551 defendendum
1074 1520 1139 1551 est
1169 1511 1422 1553 adhortata:
1456 1521 1550 1553 tum

98 1583 214 1620 velo,
238 1578 286 1609 ut
316 1568 359 1610 id
393 1567 706 1609 studiosissime
737 1567 938 1618 facerem,
962 1568 1073 1608 salus
1103 1568 1371 1625 reipublicae,
1394 1585 1550 1611 consu-

98 1625 186 1667 lare
208 1626 420 1676 officium,
442 1625 692 1667 consulatus
714 1625 930 1680 denique
920 1640 1027 1681 ipse,
1050 1625 1158 1666 mihi
1187 1629 1301 1667 luna
1325 1627 1550 1670 vobiscum

96 1698 195 1724 cum
237 1683 373 1724 salute
412 1683 664 1739 ieipublicae
697 1683 1040 1734 commendatus,
1072 1683 1236 1740 coligit.
1298 1684 1400 1726 Non
1433 1686 1550 1728 enim

97 1740 150 1782 C.
174 1741 405 1782 Rabirium
429 1742 557 1797 culpa
578 1739 784 1791 delicti,⁰
765 1764 782 1771 -
800 1755 883 1781 non
917 1741 1080 1782 invidia
1110 1742 1227 1794 vitae,
1253 1757 1338 1783 non
1362 1743 1549 1799 denique

95 1801 275 1864 veteres,
301 1798 453 1854 justae,
487 1812 725 1856 gravesque
758 1797 1015 1840 inimicitiae
1033 1799 1210 1850 civium,
1239 1799 1284 1841 in
1315 1800 1548 1844 discrimen

95 1857 251 1913 capitis
286 1867 573 1898 vocav:erunt
605 1857 676 1896 sed
711 1867 757 1896 ut
788 1855 892 1896 illud
923 1871 1140 1898 summum
1171 1857 1383 1899 auxilium
1413 1860 1548 1915 maje-

94 1914 217 1955 statis
249 1922 379 1970 atque
409 1914 594 1969 imperii,
617 1915 733 1969 quod
761 1914 886 1955 nobis
919 1929 943 1954 a
973 1914 1212 1970 majoribus
1235 1926 1300 1956 est
1323 1917 1546 1970 traditum,

93 1971 147 2012 de
168 1973 391 2028 republica
413 1972 651 2013 tolleretur:
692 1982 739 2012 ut
760 1971 866 2012 nihil
892 1972 1073 2027 posthac
1095 1973 1331 2014 auctoritas
1355 1985 1542 2028 senatus,

92 2029 200 2070 nihil
232 2029 456 2071 consulare
489 2030 733 2085 imperium,
765 2029 873 2070 nihil
904 2031 1131 2070 consensio
1155 2031 1369 2072 bonorum
1391 2045 1655 2086 contrap.91.

94 2096 259 2142 pestem
283 2103 332 2128 ae
356 2087 589 2143 perniciem
614 2087 804 2128 civitatis
830 2086 1001 2139 valeret,
1021 2088 1184 2128 idcirco
1207 2089 1302 2143 3[in
1325 2088 1391 2130 his
1415 2092 1584 2132 rebusa-

92 2145 354 2199 evertendis]
387 2145 513 2185 unius
545 2145 733 2186 hominis
764 2155 976 2196 senectuS,
1008 2146 1237 2187 infirmitas
1270 2147 1545 2205 solitudoque

137 2288 151 2316 l
176 2296 246 2317 una
262 2287 421 2317 vobiscum
440 2296 514 2316 eum
529 2287 591 2316 sal.
612 2286 710 2326 reip]
728 2286 796 2316 Ne-

91 2338 159 2365 m0‚
179 2329 265 2368 quod
288 2329 400 2365 sciam,
420 2328 474 2359 hie
498 2328 605 2358 haesit.
651 2329 708 2359 Me
731 2329 796 2369 pri-

93 2381 183 2401 mum
207 2372 343 2402 offendit
365 2381 464 2401 sonus
479 2372 513 2401 in
536 2372 697 2401 vobisc-um
720 2382 796 2401 cum

92 2423 117 2443 s.
133 2413 249 2444 deinde
264 2414 373 2444 locum
390 2413 610 2444 consideranti
627 2415 732 2443 visum
746 2419 797 2444 est

90 2466 165 2486 cum
175 2458 283 2487 salute
291 2457 428 2496 reipubl.
439 2466 507 2486 non
515 2465 583 2486 esse
594 2467 614 2486 a
623 2457 779 2487 Cicerone
788 2468 794 2486 :

92 2508 169 2528 nam
183 2505 260 2529 ante
267 2501 339 2537 jam
353 2501 444 2529 salue
464 2499 543 2538 reip.
559 2509 797 2529 commemora-

91 2544 128 2570 ta
141 2547 202 2578 est,
218 2543 306 2572 inter
326 2552 376 2576 ea,
392 2551 466 2581 quae
481 2542 541 2572 sibi
565 2541 798 2580 commendata

93 2583 186 2619 dicit,
201 2585 378 2624 putavique
388 2594 456 2615 esse
468 2590 583 2615 notam
593 2584 795 2623 glossatoris,

90 2635 164 2664 quae
190 2626 224 2656 in
251 2633 381 2657 textum
407 2628 544 2657 venerit.
588 2627 719 2657 Ferrem
745 2633 795 2658 ta-

92 2677 182 2704 men,
198 2669 225 2699 si
242 2675 340 2705 esset,
361 2671 442 2700 mihi
457 2679 478 2700 a
492 2670 579 2700 vobis
592 2679 668 2700 cum
687 2671 797 2701 salute

90 2711 172 2749 reip.
195 2713 452 2748 commendatus,
479 2712 540 2749 vel,
568 2723 612 2743 m.
636 2722 658 2742 a
676 2722 707 2742 v.
724 2722 796 2744 una

91 2763 119 2785 e.
130 2763 155 2782 s.

133 2798 152 2826 2
175 2805 239 2825 non
257 2772 385 2827 invidia
397 2797 486 2836 υἱέα]
513 2798 566 2827 Sic
581 2797 707 2828 habent
723 2797 795 2828 edd.

89 2836 188 2868 Rom.
217 2839 273 2869 ΒΓ.
301 2839 390 2869 Med.
412 2839 509 2870 Junt.
534 2846 570 2870 et
594 2839 657 2870 hoc
681 2846 797 2871 verum

88 2888 157 2910 est:
183 2881 228 2912 sic
250 2891 309 2923 par
329 2889 379 2912 est
399 2881 462 2912 hoc
479 2883 667 2915 membrum
681 2879 795 2924 priori,

838 2288 936 2326 eulpa
951 2287 1060 2318 delicti
1069 2301 1080 2320 ‚·
1104 2288 1150 2318 sie
1164 2293 1235 2318 erat
1251 2293 1284 2319 et
1302 2289 1334 2319 in
1349 2289 1413 2320 Ms.
1429 2289 1546 2322 Franc.

839 2329 922 2359 Aliae
932 2329 1003 2360 edd.
1020 2335 1101 2360 vett.
1117 2331 1241 2361 invidia
1258 2332 1392 2371 vimque
1403 2346 1412 2362 .·
1429 2343 1467 2363 ex
1481 2343 1546 2372 quo

839 2372 958 2402 Aldina
968 2372 1047 2402 feeit
1058 2374 1196 2410 invidia,
1209 2375 1344 2413 zritoeqne
1355 2376 1525 2415 turpitudo
1535 2388 1544 2406 .-

840 2415 874 2444 in
890 2425 954 2454 qno
973 2415 1024 2445 vel
1037 2416 1108 2456 ipsa
1124 2416 1298 2456 disparitas
1318 2419 1545 2449 membrorum

840 2467 909 2488 rem
924 2465 1109 2497 suspectam
1123 2460 1214 2489 facit.

882 2503 900 2530 3
917 2501 950 2530 in
965 2501 1015 2530 his
1030 2502 1123 2531 rebus
1136 2501 1329 2541 evertendis]
1350 2502 1431 2532 Haec
1446 2502 1546 2534 verba

839 2552 892 2573 me
907 2552 1036 2583 semper
1049 2544 1270 2580 offenderunt,
1281 2554 1352 2583 quae
1365 2555 1431 2575 non
1446 2545 1545 2576 modo

839 2585 928 2615 salvo
943 2595 1039 2616 sensu
1062 2587 1172 2617 abesse
1194 2592 1344 2627 possunt,
1367 2588 1422 2618 sed
1441 2589 1544 2618 etiam

839 2637 906 2657 non
921 2630 1136 2659 consentiunt
1150 2640 1224 2659 cum
1242 2629 1366 2669 reliqua
1380 2632 1541 2661 oratione.

838 2670 943 2710 Ouale
957 2671 1045 2701 enim
1060 2678 1122 2707 est,
1138 2676 1176 2702 ut
1193 2673 1258 2702 ista
1274 2674 1479 2710 tollerentur,
1495 2674 1544 2703 id-

838 2715 922 2743 circo
944 2714 979 2743 in
1001 2715 1041 2743 iis
1062 2715 1244 2745 evertendis
1257 2715 1418 2745 Rabirius
1437 2720 1547 2746 tenta-

840 2760 913 2785 tur.
910 2756 923 2777 7
946 2756 1007 2786 Est
1029 2767 1049 2786 a
1065 2757 1179 2805 *glossa
1200 2758 1290 2788 verbi
1312 2758 1543 2788 idcirco.1n-

839 2799 1029 2838 terpunctio
1042 2799 1162 2830 vitiosa
1179 2801 1425 2841 corruptionem
1449 2800 1544 2831 indu-

839 2841 900 2877 xit,
914 2840 1001 2880 quod
1021 2841 1057 2871 in
1075 2842 1146 2873 edd.
1162 2853 1212 2882 pr.
1234 2849 1310 2883 post
1332 2847 1544 2882 vocaverunt,

838 2889 873 2914 et
887 2888 962 2925 post
976 2884 1100 2916 valeret
1115 2891 1278 2930 punctum
1291 2892 1353 2917 est.
