1907 3231
491 116 616 153 ACT.
648 115 699 154 11.
742 112 926 152 LIBER
953 112 1237 154 QUINTUS.
1515 117 1592 153 419

137 227 328 262 §centem
366 219 559 270 audistiS,
593 234 637 260 se
669 220 728 261 ‘ob
759 219 888 261 hunc·
910 218 1127 274 virgarum
1158 225 1323 263 metum
1356 217 1586 274 pecuniam

138 276 404 319 Timarchidi
426 290 685 318 numerasse.
731 277 864 319 Levia
885 285 985 317 sunt
1006 275 1101 317 haec
1123 275 1168 315 in
1189 274 1274 315 hoc
1296 288 1368 315 reo
1390 276 1584 316 crimina.
1600 280 1675 321 11¹7

140 344 305 375 metum
328 334 546 390 virgarum
567 334 808 376 navarchus
837 333 1117 375 nobilissimae
1140 331 1330 373 civitatis
1363 332 1500 386 pretio
1521 347 1588 373 re-

136 391 298 443 demitu3
331 391 583 432 humanum.
615 391 736 443 alius,
766 407 821 433 ne
845 392 1222 441 condemnaretur,
1254 389 1483 444 pecuniam
1513 390 1588 430 de-

135 448 226 501 dit;
257 448 465 491 usitatum
502 458 580 490 est.
642 449 745 490 Non
779 449 872 490 vult
901 448 1086 505 populus
1123 446 1346 488 Romanus
1380 446 1586 487 obsoletis

136 506 390 547 criminibus
422 506 614 548 accusari
638 506 840 548 Verrem:
873 521 987 548 nova
1015 504 1220 562 postulat,
1252 503 1448 544 inaudita
1473 503 1604 544 desi-⁴

134 563 280 604 deratz
312 578 400 604 non
421 564 474 605 de
498 572 682 621 praetore
707 564 885 616 Siciliae,
910 564 982 605 sed
1004 564 1057 605 de
1078 561 1372 604 crudelissimo
1396 569 1581 616 tyranno

135 619 226 662 fieri
262 620 481 676 judicium
519 622 766 663 arbitratur.
827 621 1113 663 Includuntur
1150 620 1195 661 in
1230 609 1664 660 earceremcon-45

132 677 350 720 demnati:
383 679 643 735 supplicium
665 679 945 720 constituitur
974 679 1020 720 -in
1051 678 1170 719 illos:
1203 675 1386 717 sumitur
1416 676 1469 717 de
1499 677 1581 717 mi-

133 735 236 776 seris
269 736 311 767 36
323 737 574 791 parentibus
605 737 944 778 navarchorum:
979 734 1263 791 prohibentur
1293 733 1410 775 adire
1440 733 1493 774 ad
1531 733 1581 774 fi-

131 791 236 835 lios:
271 793 556 848 prohibentur
576 794 720 834 liberis
744 794 831 834 suis
851 793 998 834 cibum
1022 792 1312 846 vestitumque
1332 790 1457 831 ferre.
1498 790 1581 832 Pa.
1596 796 1668 829 118

131 858 218 891 tres
249 850 449 906 hisquos
481 851 651 902 videtis,
678 850 888 906 jacebant
921 850 966 890 in
998 849 1160 899 limine,
1182 858 1426 903 matresque
1454 848 1583 889 mise-

132 922 191 949 rae
223 910 540 964 pernoctabant
568 908 621 948 ad
652 908 812 949 ostium
834 906 1032 963 carceris,
1053 907 1108 947 ab
1131 914 1327 947 extremo
1350 905 1585 961 complexu

131 964 315 1007 liberum
339 966 552 1008 exelusae:
585 980 684 1021 quae
708 965 814 1006 nihil
845 965 960 1006 aliud
983 964 1180 1015 orabant,
1201 963 1284 1003 nisi
1315 971 1364 1003 ut
1395 962 1583 1004 filiorum

132 1024 170 1056 37
186 1034 430 1064 extremum
452 1023 652 1078 spiritum
675 1037 748 1063 ore
774 1022 976 1078 excipere
1007 1022 1089 1062 sibi
1111 1020 1273 1063 liceret.
1333 1019 1496 1061 Aderat
1511 1020 1583 1075 ja-

129 1080 246 1121 nitor
267 1081 465 1131 carceris,
487 1079 682 1121 carnifex
714 1082 938 1136 praet01·is;
969 1093 1084 1120 mors
1112 1088 1333 1133 terrorque
1364 1077 1582 1119 sociorum

131 1145 177 1178 et
207 1137 385 1189 civium,
419 1137 546 1179 lictor
580 1138 769 1190 Sestiu53
800 1138 870 1178 cui
903 1152 957 1178 ex
997 1137 1116 1177 omni
1150 1136 1316 1192 gemitu
1347 1135 1582 1190 doloreque
1610 1171 1613 1173 .

131 1203 249 1236 certa
277 1209 441 1236 merces
473 1195 820 1250 comparabatur.
881 1194 943 1236 Ut
974 1194 1115 1244 adeas,
1151 1203 1320 1234 tantum
1351 1192 1500 1234 dabis:
1532 1202 1583 1234 ut

130 1252 279 1293 cibum
301 1253 381 1293 tibi
404 1253 518 1294 intro
541 1252 651 1293 ferre
673 1252 814 1303 liceat,
835 1260 1019 1292 tantum.
1039 1265 1165 1292 nemo
1189 1250 1429 1292 recusabat.
1450 1250 1580 1305 quid?

129 1318 178 1350 ut
209 1325 296 1351 uno
320 1310 409 1350 ictu
441 1310 600 1351 securis
629 1309 804 1350 afferam
836 1318 1019 1350 mortem
1049 1309 1138 1349 filio
1170 1318 1259 1360 tuo,
1293 1307 1397 1362 quid
1431 1307 1580 1349 dabis?

128 1381 184 1408 ne
205 1368 277 1409 diu
300 1367 542 1410 crucietur?
574 1381 627 1407 ne
657 1367 815 1422 saepius
837 1366 1042 1407 feriatur?
1074 1381 1128 1407 ne
1148 1380 1248 1406 cum
1272 1379 1395 1406 sensu
1418 1364 1578 1406 doloris

128 1424 274 1480 aliquo
309 1435 384 1466 aut
423 1425 617 1466 cruciatu
657 1424 831 1480 spiritus
873 1422 1121 1465 auferatur?
1164 1422 1336 1463 Etenim
1369 1423 1426 1463 ob
1465 1422 1577 1464 hanc

127 1496 301 1523 causam
322 1481 506 1538 pecunia
535 1481 677 1523 lictori
699 1482 896 1523 dabatur.
957 1480 999 1522 O
1021 1495 1228 1536 magnum
1259 1489 1389 1534 atque
1419 1480 1664 1521 intole-ll9

126 1540 306 1581 randum
345 1540 561 1581 dolorem!
594 1553 620 1580 o
659 1553 834 1595 gravem
871 1539 1156 1593 acerbamque
1194 1537 1436 1578 fortunam!
1472 1537 1574 1579 Non

127 1597 263 1639 vitam
295 1597 496 1648 liberum,
527 1596 600 1638 sed
630 1597 782 1638 mortis
813 1596 1076 1638 celeritatem
1108 1595 1248 1652 pretio
1271 1594 1478 1635 redimere
1499 1610 1573 1636 co-

127 1655 341 1707 gebantur
380 1657 594 1711 parentes.
656 1653 801 1710 Atque
848 1654 931 1710 ipsi
972 1655 1103 1695 etiam
1142 1652 1433 1694 adolescentes
1474 1668 1573 1694 cum
1587 1650 1705 1690 1»ssssss-

129 1712 272 1754 Sestio
293 1713 347 1754 de
368 1713 517 1753 eadem
548 1711 677 1769 plaga
698 1722 742 1753 et
771 1713 825 1753 de
855 1726 941 1753 uno
961 1711 1033 1752 illo
1056 1711 1145 1752 ictu
1177 1710 1478 1766 loquebantur.
1511 1711 1574 1752 id-
1586 1703 1615 1723 ἃ·

75 1806 77 1808 ,
126 1783 211 1824 que
242 1779 518 1826 postremum=
544 1780 741 1826 parentes
781 1784 880 1810 suos
918 1769 1039 1810 liberi
1078 1768 1276 1817 orabant,
1316 1776 1364 1809 ut
1404 1767 1576 1809 levandi

126 1828 342 1869 cruciatus
367 1827 432 1869 sui
464 1827 603 1884 gratia
624 1827 766 1868 lictori
790 1827 975 1883 pecunia
997 1827 1183 1868 daretur.
1246 1824 1381 1866 Multi
1403 1834 1447 1866 et
1477 1841 1574 1882 gra-

100 1907 105 1910 ·
124 1899 198 1925 ves
219 1885 387 1926 dolores
410 1885 574 1926 inventi
599 1885 848 1941 parentibus
870 1894 914 1926 et
936 1883 1215 1941 propinquis:
1239 1882 1380 1924 multi.
1405 1897 1573 1924 verum-

125 1952 270 1984 tamen
292 1958 407 1984 mors
430 1943 486 1984 sit
507 1951 714 1984 extrema.
738 1957 824 1984 non
847 1942 943 1983 erit.
998 1941 1130 1982 Estne
1153 1939 1311 1995 aliquid
1337 1939 1462 1991 ultra,
1484 1955 1572 1995 quo

122 2000 325 2057 progredi
358 2000 588 2042 crudelitas
621 2001 785 2056 possit?
817 1999 1066 2056 reperietur.
1096 2013 1212 2048 nam,
1246 1997 1416 2038 illorum
1447 1997 1571 2038 liberi

123 2072 222 2099 cum
244 2067 371 2099 erunt
393 2059 530 2100 securi
552 2058 743 2114 percussi
773 2072 824 2098 ac
852 2058 1010 2107 necati,
1032 2070 1215 2112 corpora
1235 2055 1336 2096 feris
1359 2055 1572 2109 objicien-

122 2125 205 2157 tur.
267 2115 369 2158 Hoc
401 2116 436 2157 si
468 2115 713 2158 luctuosum
734 2124 799 2156 est
831 2115 1013 2171 parenti,
1037 2114 1219 2155 redimat
1250 2112 1389 2169 pretio
1416 2112 1569 2168 sepeli-

73 2221 75 2223 ‚
120 2173 220 2214 endi
243 2182 518 2230 potestatem.
574 2172 768 2214 Onasum
793 2173 1093 2229 Segestanum,
1119 2170 1338 2212 hominem
1362 2170 1567 2222 nobilem,
1583 2185 1658 2219 1‘20

121 2230 264 2272 dicere
295 2231 490 2282 audistis,
525 2244 569 2271 se
598 2231 655 2271 ob
686 2230 948 2286 sepulturam
981 2228 1183 2270 Heraclii·
1207 2227 1411 2268 navare-lii
1440 2242 1569 2283 pecu-

117 2288 304 2343 niamffl}
317 2287 584 2330 Timarchidi
617 2301 878 2329 numerasse.
937 2289 977 2320 39
994 2286 1094 2328 Hoc
1126 2291 1199 2340 (ne
1232 2285 1370 2341 possis
1402 2285 1569 2328 dicere:

161 2413 203 2445 36
219 2415 414 2454 parentibus
441 2413 701 2455 navarchorum]
729 2415 821 2445 Nav.

119 2455 295 2488 delendum
319 2467 389 2488 esse
417 2458 578 2488 assentior
605 2457 766 2488 Memmio
788 2461 823 2487 et

865 2417 991 2455 potest.

907 2459 948 2488 38
989 2454 1193 2487 Timarchidi
1233 2452 1470 2492 dinumerasse]
1519 2453 1572 2483 Sic

118 2497 295 2537 Lamffino,
323 2504 505 2540 natumque
533 2511 550 2531 e
581 2500 695 2539 glossa.
741 2499 823 2530 Mox

117 2545 154 2574 et
177 2540 284 2577 ¹delevi
310 2552 389 2581 suosv
410 2553 451 2573 ex
485 2542 654 2573 latinitate
679 2549 715 2573 et
741 2542 823 2573 Mss.

118 2590 202 2659 1227
204 2583 313 2614 Guelf.
330 2589 367 2615 ut
381 2584 415 2615 et
429 2585 577 2667 Graexziirs
586 2584 683 2658 gecit3
779 2624 803 2656 H

126 2656 129 2657 γ
224 2636 251 2655 e.
318 2651 324 2656 .
351 2637 406 2658 ore
425 2637 492 2658 exc.
530 2650 536 2657 .
615 2638 650 2658 re
671 2637 707 2657 m
732 2635 776 2656 nu
807 2637 825 2656 a

117 2663 173 2698 ed(
197 2672 263 2698 vet.
277 2635 356 2706 {sn
384 2679 443 2700 nec
471 2675 521 2699 est
558 2671 591 2700 in
621 2670 685 2700 Ms.
712 2669 822 2699 Guelf.

117 2709 258 2750 Recepit
282 2710 407 2750 primus
435 2711 616 2742 Lambinus
636 2724 653 2742 e
680 2711 822 2752 Quintil.

117 2750 178 2782 IX.
199 2757 283 2782 extr.
307 2758 342 2783 et
366 2763 434 2784 uno
463 2754 527 2786 Ms.
575 2755 636 2785 Est
663 2755 765 2785 etiam
788 2754 824 2783 in

118 2793 201 2834 Reg.
247 2787 333 2825 {tem
369 2796 415 2826 sic
450 2797 575 2836 profert
615 2797 745 2827 Servius
783 2795 822 2826 ad

116 2835 210 2876 Virga
241 2837 317 2867 AEn.
347 2837 403 2869 lv.
436 2839 508 2869 625.
554 2839 671 2878 Itaque
705 2838 745 2870 de
770 2847 825 2869 ve-

116 2879 220 2910 ritate
255 2878 355 2920 hujus
388 2880 541 2913 lectionis
577 2881 720 2914 dubitari
757 2889 825 2912 non

865 2498 938 2529 edd.
965 2499 1163 2529 recentiores
1189 2497 1267 2528 fere.
1312 2497 1356 2526 At
1383 2505 1508 2532 vereor,
1529 2505 1572 2526 ne

866 2543 974 2581 prima
1007 2541 1042 2571 in
1071 2541 1295 2570 dinumerasse
1322 2549 1339 2568 e
1369 2537 1461 2568 finali
1488 2547 1572 2578 prae-

867 2583 1012 2614 cedentis
1039 2582 1214 2612 adhaeserit
1239 2583 1274 2612 in
1304 2580 1353 2611 ed.
1379 2580 1466 2610 vict.
1493 2590 1572 2611 nam

868 2627 1080 2656 dinumerare
1096 2633 1153 2665 pro
1170 2633 1357 2658 numerare,
1378 2623 1522 2652 insolens
1537 2628 1572 2653 et

865 2677 983 2709 parum
1020 2672 1213 2698 accuratum
1242 2671 1303 2697 est.
1332 2675 1392 2695 nec
1421 2664 1573 2705 exempla

866 2711 997 2751 prolata
1025 2714 1115 2740 certa
1151 2714 1248 2739 sunt:
1284 2713 1319 2739 et
1344 2708 1397 2738 ubi
1430 2707 1476 2737 sic
1502 2716 1572 2738 esse

868 2752 1010 2788 videtur,
1040 2752 1085 2781 sic
1114 2756 1176 2788 est,
1206 2755 1243 2782 ut
1270 2751 1453 2786 dissolvere,
1484 2748 1572 2788 quod

867 2801 917 2826 est
945 2794 1093 2835 pluribus
1121 2794 1256 2825 solvere.
1314 2792 1397 2824 Edd.
1428 2802 1476 2831 pr.
1505 2791 1569 2821 ΜΞ.

868 2837 976 2868 Guelf.
993 2837 1116 2867 habent
1131 2845 1333 2872 numerasse,
1348 2836 1393 2865 sic
1407 2834 1504 2865 edidi.

912 2883 953 2915 39
977 2879 1050 2912 Hoc
1076 2889 1118 2910 m
1138 2879 1243 2920 possis
1270 2876 1394 2917 dicere]
1421 2877 1572 2907 Scriben-

788 2929 908 2964 Ee2
