1907 3231
287 112 340 147 20
876 110 1123 151 ORATIO

291 210 449 252 nemini
474 219 642 268 potest;
675 213 776 255 illud
797 223 911 256 certe
937 215 1107 270 probari
1129 214 1330 256 omnibus
1356 229 1526 258 necesse
1548 228 1627 269 est,
1644 215 1718 259 de-

292 265 458 309 fensum
477 283 567 310 esse
582 269 750 325 judicio
773 271 992 312 absentem
1016 271 1261 319 Quintium.
1294 271 1423 319 Quod
1442 287 1540 315 cum
1562 274 1623 315 ita
1639 283 1720 325 est,

292 339 344 365 cx
367 324 510 367 edicto
534 327 646 368 bona
677 342 869 383 possessa
890 343 976 369 non
999 337 1110 369 sunt.
1169 327 1230 369 At
1251 329 1365 371 enim
1395 329 1554 372 tribuni
1582 329 1720 387 plebis

294 394 346 422 ne
368 382 595 425 audierunt
620 384 808 439 quidem.
869 385 1037 436 Fateor,
1060 385 1094 426 si
1122 385 1181 426 ita
1204 395 1282 436 est,
1305 397 1622 442 procuratorem
1646 387 1720 428 de-

293 449 409 481 creto
438 440 478 473 ⁶⁷
493 441 687 496 praetoris
709 442 947 505 oportuisse
970 456 1130 499 parere.
1189 441 1307 489 Quid
1328 443 1361 484 si
1387 442 1453 485 M.
1477 444 1636 486 Brutus
1658 443 1723 485 in-

298 505 577 538 tercessurum
599 512 642 538 se
659 498 772 539 dixit
794 498 948 554 palam,
967 499 1047 540 nisi
1066 499 1169 554 quid
1190 499 1299 540 inter
1317 499 1454 556 ipsum
1475 500 1722 557 Alphenum

299 560 343 593 et
375 553 576 595 Naevium
605 555 885 598 conveniret?
923 556 1146 598 videturne
1176 556 1461 598 intercessisse
1491 573 1515 598 a
1549 555 1724 613 pellatio

220 590 283 645 ‘21
303 610 584 661 tribunorum,
614 611 653 643 63
668 627 752 652 non
784 627 931 663 morae,
953 613 1025 654 sed
1056 612 1206 654 auxilii
1235 615 1389 654 causa?
1421 572 1545 661 Quid)
1570 613 1724 655 deinde

233 666 375 708 ffiflt?
406 666 641 724 Alplicnus,
665 678 711 709 ut
732 683 880 710 omnes
904 669 1140 726 intelligere
1193 670 1528 726 ossent‚judicio
1550 669 1723 712 defendi

299 724 542 776 Quintium,
564 739 617 766 ne
646 741 730 781 qna
760 726 930 768 subesse
962 736 1105 784 posset
1134 684 1273 768 aliena
1301 737 1375 767 aut
1405 726 1537 783 ipsius
1561 726 1725 779 officio,

297 791 369 822 aut
392 781 519 836 hujus
535 782 855 824 existimatione
877 785 1079 840 suspicio,
1099 785 1211 825 viros
1234 784 1370 825 bonos
1389 783 1628 841 complures
1649 783 1725 826 ad-

299 847 436 879 vocat.
462 848 653 891 testatur,
674 840 754 880 isto
777 841 990 892 audiente,
1010 856 1053 882 se
1075 856 1152 906 pro
1173 840 1392 882 communi
1411 840 1724 882 necessitudine

297 895 338 936 id
365 896 548 951 primum
574 905 731 952 petere,
753 912 805 938 ne
835 898 937 952 quid
962 908 1148 940 atrocius
1173 898 1216 939 in
1246 897 1295 938 P.
1320 897 1549 944 Quintium
1573 899 1726 939 absen-

299 961 384 993 tem
406 953 496 993 sine
520 969 648 994 causa
677 954 816 996 facere
846 965 1038 996 conetur.
1070 956 1134 996 sin
1157 963 1300 996 autern
1331 953 1638 1007 inimicissime,
1659 965 1724 996 at-

298 1024 380 1064 que
412 1009 684 1052 infestissime
721 1012 978 1053 contendere
1020 1021 1276 1068 perseveret,
1316 1026 1359 1052 se
1397 1021 1592 1067 paratum
1633 1025 1727 1058 esse

299 1066 415 1106 omni
447 1076 562 1108 recta
599 1076 727 1122 atque
757 1068 938 1109 honesta
973 1069 1137 1110 ratione
1172 1068 1413 1119 defendere,
1444 1068 1558 1124 quod
1590 1077 1725 1126 petat,

233 1134 384 1177 (37non
415 1123 583 1166 deberi:
613 1125 711 1165 ⁶9se
735 1124 951 1180 judicium
982 1125 1039 1175 id,
1070 1125 1185 1181 quod
1215 1125 1329 1175 edat,
1351 1125 1559 1181 accipere.
1621 1124 1728 1181 Ejus

300 1180 373 1230 rei,
392 1179 736 1236 conditionisque
760 1181 934 1223 tabellas
952 1183 1289 1238 obsignaverunt
1308 1182 1386 1223 viri
1410 1182 1511 1224 boni
1533 1182 1729 1240 complu-

302 1252 378 1277 res.
402 1251 467 1278 res
490 1237 532 1278 in
551 1237 730 1278 dubium
752 1239 896 1280 venire
918 1254 1004 1280 non
1027 1248 1184 1295 potest.
1206 1240 1269 1289 fit,
1293 1239 1417 1279 rebus
1439 1238 1639 1280 omnibus
1660 1239 1727 1281 in-

301 1294 445 1350 tegris,
479 1308 617 1349 neque
649 1295 899 1352 proscriptis
925 1310 1062 1351 neque
1087 1296 1304 1352 possessis,
1332 1295 1471 1346 bonis,
1496 1305 1544 1336 ut
1565 1294 1728 1352 Alphe-

300 1365 378 1391 nus
393 1351 617 1407 promittat
640 1352 810 1403 Naevio,
824 1353 913 1394 sisti
936 1353 1181 1400 Quintium.
1214 1351 1344 1393 Venit
1360 1352 1413 1393 ad
1437 1352 1730 1395 vadimonium

303 1408 523 1454 Quintius.
548 1408 668 1463 jacet
692 1424 755 1450 res
782 1410 824 1451 in
849 1410 1164 1460 controversiis,
1189 1410 1273 1450 isto
1296 1408 1585 1450 calumniante
1609 1409 1729 1451 bien-

302 1466 435 1515 nium,
468 1479 600 1520 usque
638 1466 739 1507 dum
778 1466 1052 1518 inveniretur,
1083 1482 1168 1522 qua
1198 1465 1362 1507 ratione
1393 1479 1456 1506 res
1487 1467 1542 1508 ab
1571 1467 1730 1510 usitata

301 1522 610 1563 consuetudine
634 1523 861 1574 recederet,
883 1533 926 1565 et
949 1524 991 1565 in
1014 1523 1098 1565 hoc
1126 1523 1338 1580 singulare
1361 1522 1578 1577 judicium
1602 1537 1731 1565 causa

235 1572 288 1612 68
302 1579 441 1620 omnis
471 1579 809 1621 concluderetur.
872 1581 1000 1628 Quod
1030 1581 1236 1632 officium,
1263 1579 1315 1621 C.
1341 1579 1519 1636 Aquini,
1542 1594 1732 1622 comme·

304 1637 459 1677 morari
474 1638 759 1692 procuratoris
779 1646 934 1694 potest,
948 1638 1062 1694 quod
1077 1638 1130 1679 ab
1145 1637 1344 1693 Alpheno
1363 1638 1627 1693 praeteritum
1639 1649 1733 1678 esse

263 1693 294 1723 b.
307 1693 522 1735 videatur?
547 1693 664 1739 Quid
682 1694 870 1745 affertur,
885 1709 1014 1750 quare
1031 1694 1080 1736 P.
1105 1694 1310 1741 Quintius
1323 1694 1476 1735 absens
1495 1697 1537 1728 7⁰
1549 1703 1732 1750 negetur

303 1764 393 1791 esse
417 1750 640 1792 defensus?
670 1751 740 1792 An
765 1766 864 1793 vero
899 1752 956 1803 id,
985 1751 1100 1807 quod
1133 1751 1430 1802 Hortensium,
1462 1751 1565 1806 quia
1591 1764 1729 1807 nuper

304 1806 468 1862 injecit,
490 1817 532 1848 et
567 1808 669 1863 quia
705 1808 882 1850 Naevius
915 1823 1080 1864 semper
1113 1809 1155 1850 id
1191 1808 1397 1859 clamitat,
1419 1807 1634 1849 dicturum
1665 1822 1733 1848 ar-

304 1864 451 1915 bitror,
476 1879 562 1906 non
594 1864 724 1906 fuisse
748 1865 904 1907 Naevio
926 1880 1072 1922 parem
1090 1866 1370 1907 certationem
1393 1879 1493 1906 cum
1513 1863 1730 1921 Alpheno,

301 1920 373 1961 illo
420 1931 624 1977 tempore,
668 1922 747 1963 illis
791 1923 1139 1965 dominantibus?
1183 1922 1298 1978 quod
1341 1921 1375 1962 si
1429 1921 1553 1963 velim
1595 1918 1732 1964 confi-

303 1978 409 2030 teri;
458 1978 577 2030 illud,
613 1983 648 2014 71
675 1979 844 2036 opinor,
887 1980 1139 2032 concedent,
1181 1994 1270 2021 non
1319 1986 1640 2035 procuratorem
1678 1977 1731 2020 P.

300 2122 409 2154 dativo
433 2123 494 2154 dici
517 2123 620 2155 latine
646 2134 713 2155 non
739 2129 860 2166 potest,
884 2127 996 2157 rescri-

301 2166 507 2206 bendumque
539 2167 608 2197 sine
640 2167 845 2199 dubitatione
879 2168 995 2208 deripi,

302 2218 360 2247 pro
373 2218 436 2247 quo
451 2209 573 2238 centies
587 2209 700 2240 vitiose
713 2211 871 2251 scriptum
883 2214 917 2240 et
929 2210 995 2241 edi-

302 2255 373 2280 tum
390 2250 501 2290 diripi,
515 2250 570 2281 sed
591 2251 691 2281 etiarn
713 2257 896 2283 correctum
913 2259 961 2282 est
976 2263 997 2283 a

303 2293 378 2322 viris
391 2291 508 2328 doctis,
523 2302 604 2332 quos
618 2293 793 2324 imitandos
809 2294 842 2326 b.
857 2294 879 2324 l.
900 2300 996 2335 puta-

303 2334 419 2364 vimus¹
431 2345 460 2364 v.
477 2334 566 2364 Clav.
582 2334 617 2364 in
631 2336 784 2375 deripere.

344 2377 384 2409 67
400 2376 565 2416 praetoris]
591 2376 672 2408 Edd.
691 2377 745 2407 W.
765 2378 804 2409 R.
817 2378 855 2409 B.
871 2377 998 2409 addunt

304 2417 456 2447 Romani.
467 2419 551 2457 quod
557 2425 590 2449 et
599 2419 671 2450 aliae
680 2420 765 2450 male
773 2426 894 2451 seeutae
906 2427 996 2457 sunt,

303 2466 340 2489 ut
361 2460 456 2490 dunt.
477 2460 550 2490 Aldi
570 2462 627 2491 ἃς.
652 2462 720 2492 scil.
742 2463 900 2502 scriptum
926 2467 997 2493 erat

304 2500 382 2532 PR.
397 2512 413 2531 e
429 2512 493 2541 quo
508 2503 630 2533 factum
647 2503 748 2533 Praet.
766 2504 859 2535 Rom.
883 2504 923 2535 In
936 2504 996 2535 tali

303 2545 466 2616 {utentia
490 2554 556 2574 non
577 2544 707 2576 additur
726 2547 878 2578 Praetoris
898 2546 997 2578 verbo

338 2595 399 2615 om.

344 2628 384 2658 63
407 2637 470 2658 non
484 2637 591 2665 moroe,
606 2629 660 2658 sed
672 2631 789 2659 auxilii
803 2630 916 2670 causa]
936 2629 996 2661 Ed.

304 2669 355 2699 W.
379 2669 414 2699 P.
436 2669 565 2700 Manat.
587 2670 682 2700 Junt.
703 2673 760 2701 ὄις.
784 2683 889 2703 more.-
911 2673 997 2712 quod

303 2710 388 2741 rnaJe
412 2711 591 2742 defendunt
612 2712 844 2744 Hotomannus
864 2719 897 2745 et
924 2715 996 2745 Fer-

303 2754 418 2790 ratius,
434 2753 523 2793 quasi
545 2755 601 2790 sit,
623 2760 739 2785 contra
756 2755 856 2796 leges,
874 2757 929 2787 ubi
949 2757 997 2787 in-

301 2795 454 2825 tercessio
468 2795 575 2827 locum
590 2804 655 2826 non
670 2796 821 2828 habehat.
852 2799 998 2834 Etenim,

304 2843 374 2867 tuin
396 2837 540 2868 nonduin
561 2848 673 2869 caussa
681 2839 830 2878 judicata
846 2846 930 2877 erat,
942 2840 1000 2871 scd

1038 2128 1171 2157 tantum
1186 2125 1336 2167 praetoris
1350 2124 1517 2156 decretum
1529 2123 1679 2156 extabat:
1697 2123 1735 2155 in

1038 2178 1101 2207 quo
1138 2167 1315 2209 appellatio
1346 2167 1445 2198 tribb.
1475 2166 1547 2207 lege
1575 2172 1610 2197 et
1642 2175 1733 2198 more

1039 2211 1089 2241 fit.
1113 2209 1195 2241 Edd.
1209 2210 1306 2241 Rom.
1319 2209 1374 2240 ΒΓ.
1393 2211 1484 2240 1480.
1505 2208 1594 2241 Med.
1619 2213 1732 2240 meme.

1038 2251 1217 2284 Lambinus
1232 2252 1313 2283 bene
1326 2250 1465 2282 reddidit
1477 2260 1585 2289 more,
1600 2250 1688 2290 quod
1698 2254 1734 2282 et

1037 2295 1133 2325 estin
1146 2294 1195 2325 ed.
1211 2294 1284 2325 Ald.
1307 2293 1438 2325 Centies
1452 2293 1487 2324 in
1499 2293 1570 2325 edd.
1591 2302 1639 2334 pr.
1651 2296 1702 2324 est
1715 2302 1734 2323 e

1062 2347 1096 2367 ro
1111 2347 1146 2368 ιε.

1037 2347 1058 2378 p
1079 2379 1120 2413 69
1142 2388 1174 2409 se
1191 2378 1356 2419 judicium
1383 2378 1431 2415 id,
1458 2377 1544 2417 quod
1567 2376 1656 2415 edat,
1682 2376 1732 2417 a.]

1040 2420 1124 2451 Edd.
1140 2430 1188 2462 pr.
1201 2422 1267 2452 fere
1275 2421 1404 2459 iudicio.
1439 2418 1618 2450 Lambinus
1632 2418 1735 2450 edidit

1039 2463 1073 2494 in
1087 2464 1133 2493 id.
1150 2463 1235 2494 male
1249 2467 1283 2494 et
1296 2463 1366 2494 sine
1379 2461 1496 2492 idonea
1509 2470 1616 2492 causa.

1081 2509 1122 2539 70
1136 2509 1275 2544 negetur
1282 2515 1346 2536 esse
1354 2502 1434 2544 defi]
1451 2503 1533 2534 Edd.
1542 2507 1624 2534 vett.
1633 2512 1736 2542 nega—

1040 2551 1106 2579 tur.
1152 2547 1305 2586 Negetur
1317 2552 1367 2577 est
1380 2556 1398 2576 e
1411 2545 1612 2576 correctione
1627 2544 1737 2576 Hoto-

1041 2589 1166 2620 manni.
1187 2598 1246 2619 nec
1260 2588 1357 2619 aliter
1374 2596 1442 2619 esse
1455 2596 1513 2628 per
1530 2586 1734 2618 latinitatem

1039 2636 1159 2671 potest.
1195 2630 1284 2662 Male
1298 2630 1444 2661 Graevius
1457 2630 1621 2660 revocavit
1632 2637 1736 2668 nega-

1039 2678 1107 2704 tur.
1685 2695 1689 2699 .

1081 2718 1117 2748 71
1142 2715 1266 2755 opium,
1278 2712 1460 2753 concedent]
1486 2712 1546 2743 Ed.
1560 2712 1614 2744 W.
1628 2721 1738 2749 conce-

1040 2757 1163 2787 derent.
1185 2755 1267 2786 Edd.
1288 2754 1332 2792 R,
1359 2757 1449 2786 1480.
1474 2754 1530 2786 Bt.
1553 2755 1735 2792 concedent,

1040 2798 1126 2838 quod
1140 2806 1254 2829 omnes
1266 2801 1389 2828 seeutae
1400 2801 1490 2828 sunt.
1534 2796 1655 2829 Melius
1668 2797 1736 2830 for-

1041 2846 1127 2872 tasse
1139 2841 1184 2872 sit
1196 2839 1380 2872 concedant.
