1907 3231
468 120 590 160 ACT.
619 119 670 159 11.
703 119 895 159 LIBER
920 119 1205 161 QUINTUS.
1487 126 1565 162 895
1600 115 1602 117 ’

119 236 280 279 rentur,
312 225 516 283 privatim
550 234 694 267 autem
730 240 809 268 nec
847 225 1112 290 56profieisci
1146 240 1363 281 quoquam
1402 241 1564 283 posseS,

117 300 198 327 nec
229 297 440 326 arcessere
470 297 534 324 ies
568 285 871 326 transmarinas
900 298 954 324 ex
986 298 1037 324 us
1067 283 1189 334 locis,
1219 284 1263 324 in
1294 285 1449 338 qulbus
1483 287 1563 326 tibi

119 345 157 377 57
173 343 346 393 habere,
367 340 547 382 mercari
571 341 678 382 nihil
700 342 861 383 liceiffet
915 341 1085 382 Deinde
1106 355 1183 382 cur
1203 341 1439 396 quidquam
1461 357 1564 383 con·
1577 348 1628 382 46

121 409 188 441 tia
212 400 326 456 leges
358 397 546 454 parasti?
576 398 749 440 Valeret
780 400 862 440 hoc
883 399 1046 440 crimen
1077 399 1120 440 in
1152 398 1223 439 illa
1247 399 1377 439 veteri
1410 400 1566 440 seveli-

124 468 212 498 tate
242 472 292 499 ae
322 456 536 512 dignitate
565 456 833 512 reipublicae.
894 457 1024 498 Nune
1046 471 1130 497 non
1154 456 1284 496 modo
1308 465 1350 496 te
1380 455 1463 496 hoc
1486 457 1569 496 cii-

123 515 240 556 mine
262 528 349 554 non
371 527 532 569 arguo:
556 513 629 554 sed
651 528 706 554 ne
728 514 799 555 illa
819 514 994 569 quidem
1013 514 1232 555 communi
1254 514 1570 569 vituperatione

122 565 405 635 replehendO.
468 570 693 612 Postremo
717 581 764 612 tu
796 572 875 612 tibi
906 572 990 612 hoc
1021 586 1255 626 numquam
1283 581 1422 634 turpe,
1445 581 1612 612 num-P
1626 572 1700 602 ‘2⁴5-

121 644 253 684 quam
274 643 570 679 criminosum,
592 644 829 685 numquam
854 629 1115 670 invidiosum
1139 628 1231 670 fore
1261 628 1438 685 putasti,
1461 624 1611 669 cele-³·

120 687 307 728 belrimo
337 686 433 727 loco
465 686 605 742 palam
639 687 718 727 tibi
756 687 960 728 aedificari
994 688 1232 727 onerariam
1261 700 1415 727 navem
1449 686 1504 726 in
1523 700 1574 727 ea

122 745 362 810 provincia,
383 758 513 799 quam
545 753 591 785 tu
623 759 721 785 cum
753 745 936 799 imperio
967 745 1222 786 obtinebas?
1257 743 1374 790 Quid
1406 757 1479 784 eos
1512 742 1574 785 lo-

123 803 214 858 qui,
236 817 310 858 qui
334 802 563 844 videbant:
597 802 702 857 quid
724 802 973 842 existimale
1003 815 1091 852 eos,
1122 803 1195 856 qui
1228 801 1477 852 audiebant,
1509 816 1577 842 ar-

125 860 212 901 bitr
215 861 370 901 ¹thare?
401 860 573 900 inanem
606 869 646 900 te
677 873 830 899 navem
865 872 956 898 esse
986 858 1029 899 in
1061 858 1229 899 Italiam
1261 833 1576 900 deductur'um?

124 917 434 959 naviculariam
457 926 513 968 te,
535 931 635 957 cum
669 915 854 956 Romam
882 916 1086 967 venisses,
1108 930 1199 958 esse
1231 915 1470 957 facturum.
1464 919 1475 946 Ρ
1510 916 1578 956 Ne

125 975 231 1018 illud
253 975 427 1040 quidem
447 974 678 1028 quisquam
700 983 824 1029 poter
827 983 872 1014 at
895 974 1118 1030 suspieaii,
1138 984 1180 1015 te
1202 973 1391 1014 habere
1383 988 1427 1014 in
1452 971 1579 1014 Italia

123 1033 392 1074 maritimum
416 1030 624 1081 fundum,
655 1040 699 1071 et
731 1031 783 1071 ad
815 1030 982 1072 fructus
1016 1032 1305 1088 depoltandos
1336 1031 1578 1072 onerariam

128 1103 295 1132 navem
304 1091 581 1144 comparare?
615 1088 841 1144 Ejusmodi
866 1089 918 1130 de
950 1098 992 1130 te
1017 1089 1189 1131 voluisti
1223 1104 1464 1130 sermonem
1486 1103 1578 1129 esse

127 1148 337 1199 omnium,
360 1146 501 1203 palam
524 1156 572 1187 ut
594 1145 884 1202 loquer-emm,
908 1155 951 1186 te
979 1147 1093 1188 illam
1116 1162 1270 1188 navem
1293 1161 1456 1204 parare,
1479 1161 1576 1202 quae

124 1206 315 1262 praedam
339 1219 393 1246 ex
418 1204 566 1245 Sicilia
587 1205 866 1260 deportaret3
898 1213 941 1244 et
965 1220 1062 1260 quae
1093 1205 1147 1246 ad
1171 1219 1220 1245 ea
1241 1206 1370 1255 furta,
1393 1220 1490 1260 quae
1513 1218 1578 1245 re-

129 1264 341 1319 liquisseS,
363 1265 652 1303 commearet?
684 1261 844 1302 Verum
876 1261 971 1303 haec
1003 1263 1162 1312 omnia,
1195 1263 1228 1303 si
1256 1263 1400 1313 doces,
1424 1271 1642 1311 navem47

129 1321 182 1362 de
216 1331 290 1362 tua
320 1319 504 1376 pecunia
542 1319 816 1384 aedificatam,
850 1320 1024 1361 iemitto
1061 1329 1190 1375 atque
1225 1321 1433 1361 concedo.
1495 1319 1580 1361 Sed

128 1379 229 1430 hoc,
269 1378 399 1418 homo
439 1377 744 1427 amentissime,
777 1390 865 1416 non
901 1376 1107 1433 intelligis
1142 1378 1282 1433 pliore
1321 1378 1492 1418 actione
1527 1379 1582 1419 ab

132 1437 236 1492 ipsis
258 1436 351 1476 istis
376 1435 459 1475 tuis
478 1433 754 1475 Mamertinis
772 1410 1068 1475 laudatmibus
1087 1449 1178 1475 esse
1197 1435 1437 1476 sublatum.
1431 1437 1443 1464 Ρ
1468 1435 1582 1476 Nam

130 1494 245 1535 dixit
284 1492 441 1548 Hejus,
472 1494 671 1547 princeps
703 1491 908 1542 civitatis,
945 1492 1146 1549 plinceps
1182 1493 1305 1534 istius
1336 1493 1582 1549 leo-ationis,

130 1566 228 1607 quae
270 1550 323 1591 ad
359 1559 477 1591 tuam
521 1549 813 1590 laudationem
850 1550 981 1590 missa
1012 1559 1091 1600 est,
1132 1565 1285 1591 navem
1325 1551 1405 1591 tibi
1440 1551 1583 1606 operis

130 1608 317 1666 publicis
357 1606 721 1648 Mamertinorum
759 1621 851 1648 esse
893 1607 1169 1678 aedificatam,
1207 1609 1333 1664 eique
1371 1607 1583 1649 faciendae

130 1674 373 1709 senatorem
417 1663 729 1705 Mamertinum
772 1664 947 1721 publice
994 1665 1232 1721 praetuisse.
1297 1665 1482 1720 Reliqua
1519 1674 1585 1706 est

130 1724 346 1766 materies,
408 1722 538 1763 Hanc
572 1722 801 1779 Rheginis‚
833 1732 879 1763 ut
912 1723 994 1779 ipsi
1026 1723 1178 1764 dicunt
1205 1723 1396 1788 (tametsi
1430 1732 1475 1763 tu
1509 1738 1583 1764 ne-

133 1795 236 1838 gare
268 1795 355 1826 non
393 1781 533 1837 potes)
565 1780 753 1836 publice,
789 1781 904 1836 quod
940 1780 1194 1821 Mamertini
1231 1781 1454 1822 materiem
1494 1795 1582 1822 non

134 1839 312 1889 habent,
334 1838 616 1893 imperavisti.
677 1838 722 1878 Si
744 1846 787 1878 et
808 1852 863 1878 ex
885 1852 972 1894 quo
995 1838 1046 1878 fit
1074 1839 1212 1890 navis,
1234 1848 1277 1879 et
1303 1839 1376 1894 qui
1400 1838 1581 1890 faciunt,
1599 1836 1667 1894 19

136 1896 318 1954 imperio
349 1895 429 1936 tibi
462 1904 552 1946 mo,
582 1910 669 1936 non
703 1896 858 1952 pietio,
885 1905 1043 1952 praesto
1071 1896 1272 1949 fuerunt3
1304 1897 1378 1937 ubi
1408 1872 1582 1938 tandeni

134 1956 248 1997 istuc
279 1953 398 2003 latet,
417 1953 547 2017 ’quod
581 1962 628 1993 tu
663 1953 717 1994 de
753 1963 827 1994 tua
863 1968 1046 2009 pecunia
1077 1954 1184 1995 dicis
1217 1931 1486 2010 inipensum·
1481 1954 1645 1995 ἈΗΒ

136 2011 424 2054 Mamertini
415 2025 458 2051 in
481 2010 638 2051 tabulis
659 2010 767 2051 nihil
791 2011 965 2052 liabent.
1012 2011 1207 2053 Plimum
1230 2013 1371 2063 video,
1395 2013 1585 2067 potuisse

135 2070 243 2121 fieri,
268 2078 315 2110 ut
335 2083 391 2109 ex
419 2068 572 2109 aerario
594 2068 701 2109 nihil
725 2069 889 2109 dai-,ent
953 2066 1127 2110 Etenim
1159 2073 1198 2100 58
1215 2070 1279 2110 vel
1302 2069 1586 2125 Capitolium,

134 2129 247 2169 sicut
268 2127 383 2183 apud
406 2126 590 2181 majores
622 2135 791 2167 nostros
815 2126 979 2167 factum
1001 2137 1079 2177 est,
1104 2127 1290 2183 publice,
1315 2127 1462 2184 gratis,
1485 2143 1586 2169 coa-

133 2186 216 2227 ctis
238 2184 385 2235 fabris,
409 2184 636 2241 operisque
659 2183 894 2239 imperatis,
917 2185 1179 2226 exaedificari
1211 2195 1341 2240 atque
1362 2185 1475 2225 effici
1507 2201 1585 2242 po-

136 2243 244 2284 tuit:
277 2242 446 2293 deinde,
486 2242 528 2283 id
562 2241 678 2296 quod
716 2242 930 2297 perspicio
966 2242 1101 2297 (quod
1135 2251 1178 2282 et
1212 2243 1451 2307 ostendam,
1484 2258 1585 2285 cum

135 2301 242 2343 istos
271 2300 552 2357 produxero)
584 2299 777 2355 ipsorum
811 2313 866 2340 ex
893 2298 1062 2351 litteris,
1090 2301 1247 2345 inultas
1280 2300 1484 2357 pecunias
1512 2301 1627 2346 istjb.

176 2461 218 2491 56
234 2458 396 2501 prqficv'scz'
418 2467 579 2498 quoquam
599 2457 834 2498 potes—lieet]

135 2503 350 2533 scribendum
379 2501 560 2531 necessario
585 2505 635 2531 est
657 2511 776 2540 posses,
804 2506 837 2530 et

135 2545 251 2576 deinde
267 2545 388 2575 liceret.
433 2543 517 2573 Cum
535 2554 574 2573 ex
590 2553 698 2583 posses
711 2544 836 2573 factum

134 2592 220 2617 esset
241 2591 344 2627 potes,
370 2586 473 2616 etiam
499 2587 609 2616 liceret
634 2586 755 2615 mutari
783 2595 838 2615 ne-

135 2639 222 2660 eesse
237 2635 308 2660 erat
323 2630 357 2659 in
374 2630 456 2659 lieet.
501 2628 566 2659 Ms.
582 2628 645 2658 Gu.
654 2628 836 2669 prrfioisce-

134 2673 193 2709 ris,
215 2675 253 2702 ut
274 2681 373 2712 supra
392 2675 564 2711 comparat
583 2681 643 2711 pro
665 2680 836 2710 compara-

136 2719 204 2744 rat.

181 2759 219 2789 57
243 2756 372 2793 habere,
396 2756 538 2787 mercari
554 2765 585 2785 n.
608 2754 674 2794 lia]
706 2754 839 2785 Ηαόιηε

137 2809 215 2830 sane
237 2803 425 2838 suspectum
447 2803 514 2829 est:
539 2798 733 2837 Graevioque
758 2798 838 2827 arri-

137 2842 193 2872 det
221 2840 374 2871 Lambini
402 2840 563 2871 correctio
590 2850 704 2871 emere.
748 2840 837 2870 Nam

136 2884 257 2916 habere
278 2882 401 2924 praedia
418 2883 550 2922 licebat,
569 2883 626 2914 sed
647 2892 715 2918 non
731 2892 839 2914 emere

881 2462 1076 2488 mercaturae
1091 2467 1214 2488 caussa.
1245 2458 1290 2488 At
1305 2468 1410 2489 emere
1424 2459 1584 2491 redunda-

881 2500 940 2530 bit.
987 2499 1031 2530 Et
1047 2511 1155 2531 emere
1170 2500 1290 2531 licebat
1305 2501 1339 2530 in
1353 2504 1583 2534 transmarinis

882 2542 974 2578 locis,
1003 2553 1116 2573 verum
1145 2553 1211 2573 non
1238 2549 1434 2574 mercaturae
1458 2555 1582 2577 caussa.

883 2585 971 2624 Ergo
986 2589 1019 2615 et
1036 2587 1152 2616 habere
1166 2586 1199 2615 in
1215 2586 1303 2616 hune
1326 2586 1459 2617 modum
1483 2588 1582 2619 intel-

879 2627 980 2666 ligere
1009 2637 1198 2668 possumus:
1235 2638 1354 2669 nempe
1381 2639 1505 2660 merces
1540 2631 1582 2665 ad

881 2670 1108 2701 mercandum.

925 2715 963 2743 58
1000 2723 1020 2742 2
1015 2714 1052 2742 el
1081 2713 1290 2753 Fapitolium]
1329 2715 1421 2755 Opus
1456 2714 1582 2746 scilicet

881 2754 980 2793 longe
999 2756 1108 2793 maius
1125 2755 1243 2795 (33ὸ93.
1288 2756 1450 2796 Loquitur
1470 2764 1581 2788 autem

881 2797 921 2827 de
936 2789 1102 2837 Capitolio
1124 2798 1241 2836 altero,
1256 2809 1276 2830 a
1291 2799 1413 2830 Catulo
1426 2801 1583 2830 restituto

881 2840 1017 2879 —apml
1028 2850 1170 2881 mcgyores
1184 2846 1326 2872 nothvos
1348 2852 1423 2873 eum
1436 2843 1582 2884 primum

882 2882 1085 2923 Capitolium
1101 2883 1334 2916 aedifieabatur.
