1907 3231
301 160 380 195 652
861 153 1108 193 ORATIO
1142 152 1171 190 1.

308 269 436 316 atque
457 259 509 301 ad
528 258 721 300 omnium
739 259 933 300 nostrum
952 258 1084 298 vitam
1104 255 1367 311 salutemque
1388 254 1617 311 pertinent.
1651 253 1738 296 Po-

248 326 295 359 15
310 327 448 360 testne
470 316 549 358 tibi
569 316 750 371 40hujus
777 316 877 356 vitae
909 315 998 363 lux,
1022 313 1224 364 Catilina,
1245 323 1320 353 aut
1350 312 1478 367 hujus
1500 312 1595 353 caeli
1616 311 1742 367 spiri-

308 385 376 416 tus
399 389 490 416 esse
505 374 739 430 jucundus,
761 385 858 413 cum
882 370 1004 420 scias,
1027 369 1180 411 horum
1202 384 1293 410 esse
1319 370 1548 420 neminem,
1570 369 1643 424 qui
1666 382 1741 409 ne-

307 431 429 482 sciat,
454 440 494 473 te
525 430 662 487 pridie
694 428 908 470 Kalendas
937 426 1038 468 Jan.
1074 426 1237 482 Lepido
1262 434 1305 467 et
1332 426 1456 467 Tullo
1478 425 1742 476 consulibus,

307 489 475 530 stetisse
506 488 548 528 in
573 487 751 528 comitio
774 498 872 525 cum
901 483 1014 525 telo?
1045 497 1233 534 manum,
1255 483 1478 524 consulum
1508 491 1552 523 et
1580 481 1742 538 princ-i-

306 560 410 603 pum
432 545 619 587 civitatis
650 541 1042 582 interficiendorum
1069 554 1211 590 causa,
1238 541 1478 596 paravisse?
1511 539 1657 581 sceleri
1688 552 1738 580 ac

309 603 442 644 furori
474 613 548 641 tuo
580 614 666 640 non
705 608 894 639 mentem
925 597 1125 652 aliquam,
1161 605 1235 637 aut
1263 596 1461 637 timorem
1498 606 1634 647 tuum,
1668 596 1743 638 sed

307 663 345 691 4¹
360 659 578 700 fortunam
610 655 858 711 reipublicae
880 653 1224 696 obstitisse?·Ac
1248 653 1341 708 jam
1372 653 1444 694 illa
1468 654 1639 694 omitto.
1669 667 1744 694 ne-

309 731 392 771 que
410 715 525 756 6111111
544 722 644 754 sunt
664 721 739 754 aut
761 712 958 762 obscura,
975 715 1017 744 42
1030 721 1104 752 aut
1123 725 1212 751 non
1230 710 1366 751 multo
1386 719 1485 766 post
1501 710 1743 751 commissa.

267 772 493 819 b.Quoties
525 779 571 811 tu
602 784 672 811 me
701 769 990 825 designatum,
1011 771 1051 799 43
1063 769 1232 823 quoties
1257 768 1475 808 consulem
1506 767 1744 808 interficere

311 838 490 871 conatus
513 831 586 870 es?
616 836 723 882 quot
743 840 827 882 ego
847 835 940 867 tuas
963 823 1193 881 petitiones
1216 825 1276 866 ita
1297 825 1530 880 conjectas,
1549 833 1598 864 ut
1617 824 1745 865 'vitari

309 901 398 927 non
431 899 556 942 posse
588 885 849 935 viderentur,
884 897 1017 939 parva
1051 883 1236 938 quadam
1273 882 1574 931 declinatione,
1605 889 1746 930 et','ut

311 944 449 994 aiunt,
467 955 647 998 corpore
668 940 817 996 effugi.
849 939 957 980 nihil
985 940 1094 995 agis,
1115 939 1224 981 nihil
1254 939 1504 994 assequeris,
1525 937 1634 978 nihil
1653 950 1746 978 mo-

312 1000 416 1051 liris,
451 1000 567 1056 quod
599 998 706 1039 mihi
749 998 878 1038 latere
912 995 1052 1037 valeat
1085 996 1129 1037 in
1169 1005 1384 1053 tempore:
1427 1009 1566 1050 neque
1602 1003 1746 1036 tamen

254 1054 302 1091 16
317 1057 513 1098 44conari
549 1071 599 1097 ac
636 1054 742 1096 velle
774 1054 958 1095 desistis.
1019 1053 1202 1101 Quoties
1231 1054 1324 1108 jam
1357 1053 1438 1095 tibi
1475 1060 1648 1094 extorta
1683 1061 1749 1093 est

315 1115 404 1157 sica
428 1114 516 1155 ista
540 1114 593 1154 de
620 1112 848 1154 manibus?
879 1111 1047 1167 quoties
1079 1125 1179 1151 vero
1210 1111 1376 1152 excidit
1405 1124 1506 1151 casu
1537 1109 1680 1165 aliquo
1702 1116 1749 1150 et

315 1173 460 1228 elapsa
487 1173 579 1212 est?
610 1178 752 1210 tamen
782 1183 833 1210 ea
861 1183 1005 1210 carere
1035 1167 1195 1209 diutius
1228 1182 1315 1209 non
1342 1177 1489 1225 potes:
1525 1181 1623 1222 quae
1652 1166 1748 1221 qui-

317 1230 414 1270 dem
436 1229 591 1284 quibus
614 1228 689 1268 abs
712 1236 754 1267 te
775 1226 946 1267 initiata
967 1226 1096 1266 sacris
1117 1240 1167 1266 ac
1188 1224 1345 1266 devota
1367 1225 1435 1275 sit,
1457 1223 1618 1274 1165010,
1634 1224 1751 1278 quod

270 1284 411 1339 763111
443 1288 484 1316 45
497 1298 668 1326 11606556
700 1292 824 1340 putas
855 1283 1041 1324 consulis
1074 1282 1118 1323 in
1148 1296 1328 1338 corpore
1356 1282 1558 1338 defigere.
1619 1280 1749 1321 Nunc

317 1357 433 1394 vero,
462 1357 559 1398 quae
590 1351 665 1382 tua
694 1350 759 1382 est
791 1341 873 1381 ista
900 1341 1017 1381 vita?
1048 1340 1108 1380 510
1140 1339 1256 1380 6111111
1281 1339 1375 1394 jam
1409 1348 1552 1380 tecum
1583 1337 1750 1392 loquar,

313 1415 402 1442 non
433 1409 482 1441 ut
501 1399 602 1441 odio
624 1407 844 1455 permotus
865 1412 955 1438 esse
978 1396 1135 1448 videar,
1157 1411 1243 1451 quo
1265 1397 1416 1446 debeo,
1448 1395 1520 1436 sed
1547 1404 1594 1435 ut
1622 1394 1750 1436 111156-

313 1457 512 1508 ricordia,
535 1471 631 1511 quae
655 1456 734 1497 tibi
755 1454 873 1495 nulla
893 1455 1086 1495 debetur.
1146 1454 1314 1495 Venisti
1336 1452 1480 1510 paullo
1501 1462 1601 1493 ante
1620 1452 1662 1492 in
1687 1465 1752 1493 56-

312 1524 478 1556 natum.
500 1514 595 1569 quis
627 1522 668 1553 te
698 1527 753 1553 ex
784 1511 866 1552 hac
893 1520 1013 1552 tanta
1034 1511 1288 1566 frequentia,
1310 1525 1365 1552 ex
1389 1518 1453 1550 tot
1484 1509 1569 1550 tuis
1600 1509 1750 1550 amicis

314 1587 365 1613 ac
394 1570 641 1612 necessariis
672 1568 901 1610 salutavit?
933 1569 978 1609 Si
1000 1568 1084 1609 hoc
1114 1578 1213 1623 post
1243 1568 1468 1609 hominum
1498 1566 1751 1607 memoriam

314 1628 503 1684 contigit
525 1627 700 1677 nemini,
724 1626 841 1666 vocis
863 1635 1088 1682 exspectas
1109 1625 1430 1674 contumeliam,
1452 1638 1549 1664 cum
1574 1623 1630 1664 sis
1654 1637 1752 1679 gra-

314 1685 491 1726 vissimo
517 1684 687 1739 judicio
727 1683 1033 1724 taciturnitatis
1069 1685 1324 1737 oppressus?
1364 1681 1497 1731 Quid,
1528 1680 1644 1735 quod
1666 1679 1752 1720 -ad-

315 1751 447 1783 ventu
485 1751 560 1782 tuo
594 1741 676 1781 ista
708 1739 907 1780 subsellia
937 1742 978 1771 46
992 1739 1242 1780 vacuefacta
1276 1741 1403 1779 sunt?
1453 1738 1570 1793 quod
1603 1750 1752 1778 omnes

315 1799 573 1848 consulares,
599 1797 673 1853 qui
706 1797 786 1838 tibi
816 1811 1008 1853 persaepe
1038 1796 1091 1837 ad
1121 1796 1284 1836 caedem
1307 1794 1533 1836 constituti
1564 1793 1754 1844 fuerunt,

317 1856 444 1897 simul
465 1865 593 1911 atque
614 1853 823 1904 assedisti,
846 1863 1010 1910 partem
1032 1853 1158 1893 istam
1189 1852 1486 1894 subselliorum
1508 1852 1666 1892 nudam
1688 1859 1753 1891 at-

260 1919 306 1959 17
320 1928 402 1969 que
434 1913 605 1954 inanem
635 1911 924 1967 reliquerunt?
956 1912 1056 1958 Quo
1090 1910 1263 1950 tandem
1291 1910 1436 1951 animo
1467 1909 1550 1950 hoc
1581 1908 1661 1949 tibi
1690 1906 1755 1948 fe-

317 1971 495 2012 rendum
518 1973 670 2026 putas?
701 1968 823 2010 Servi
848 1967 1060 2009 mehercle
1081 1967 1165 2008 mei
1188 1968 1221 2008 si
1245 1982 1312 2008 me
1334 1968 1416 2009 isto
1439 1976 1567 2023 paeto
1590 1972 1754 2006 metue-

314 2038 424 2079 rent,
454 2037 503 2068 ut
533 2037 575 2067 te
606 2034 804 2067 metuunt
830 2040 978 2066 omnes
1000 2025 1114 2065 cives
1147 2024 1224 2075 tui,
1246 2025 1423 2066 domum
1454 2038 1594 2066 meam
1626 2022 1753 2063 relin-

313 2084 529 2140 quendam
551 2093 771 2140 putarem:
805 2091 850 2124 tu
873 2082 952 2123 tibi
976 2083 1126 2123 urbem
1153 2096 1240 2122 11011
1262 2081 1508 2127 arbitraris?
1538 2089 1596 2130 et,
1618 2080 1653 2120 si
1683 2093 1757 2119 me

314 2143 421 2184 meis
443 2142 611 2183 civibus
630 2140 789 2196 injuria
809 2147 1055 2199 suspectum
1074 2147 1163 2180 tam
1185 2139 1373 2195 graviter
1394 2147 1523 2194 atque
1540 2136 1752 2184 offensum

357 2270 399 2299 40
430 2266 537 2308 hujus·
562 2268 637 2297 vz'toe
675 2268 740 2297 hoec
775 2265 847 2306 lux]
875 2265 1016 2297 Variant

314 2309 369 2340 hic
383 2310 468 2340 libri.
511 2309 659 2340 Graevius
673 2309 794 2339 delevit
808 2307 907 2349 hujus
923 2309 1016 2338 vim.-

318 2361 384 2382 non
406 2352 501 2382 bene.
523 2351 722 2391 respondent
739 2351 799 2382 sibi
816 2349 914 2391 hujus
928 2351 1014 2387 vim,

315 2393 415 2434 hujus
429 2395 497 2424 eoeh'
508 2406 516 2422 :
531 2393 674 2433 adeoque
689 2393 777 2424 salva
792 2393 1016 2423 concinnitate

316 2436 427 2466 abesse
455 2446 523 2466 non
552 2440 662 2475 potest
689 2435 788 2476 hujus
816 2435 898 2465 vitce.
945 2435 1015 2473 Ego

317 2479 383 2508 kaec
410 2478 526 2515 delevi,
554 2478 640 2516 quod
670 2488 690 2507 a
719 2477 887 2507 nonnullis
924 2476 1016 2507 libris

317 2520 419 2550 abest.
446 2530 522 2550 nam
550 2524 585 2550 et
611 2524 750 2561 postest
776 2520 923 2561 spiritus,
949 2528 1017 2549 non

317 2562 369 2591 hic
382 2563 527 2601 spiritus.

359 2606 397 2634 41
403 2603 584 2642 Jbrtzmam
596 2603 694 2643 reip]
709 2602 856 2633 Graevius
871 2603 1017 2642 reposuit

319 2644 404 2685 Pop.
422 2645 516 2676 Rom.
531 2646 619 2685 quod
633 2651 682 2676 est
700 2645 863 2676 usitatius,
907 2645 969 2675 Sed
984 2651 1017 2674 et

305 2686 456 2726 fortuna
469 2689 559 2718 urbis
573 2698 624 2728 ap.
639 2688 710 2718 Liv.
727 2687 790 2722 111,
805 2690 836 2720 7.
860 2688 1018 2718 Ceterum

318 2733 352 2759 et
381 2730 456 2760 alibi
485 2731 519 2759 in
546 2730 607 2760 hac
632 2730 738 2760 forma
765 2729 845 2768 reip.
861 2729 947 2759 male
974 2730 1018 2759 ir-

318 2772 432 2811 repsit,
447 2776 486 2801 ut
499 2771 574 2801 Act.
588 2771 614 2801 1.
629 2772 664 2801 in
679 2773 772 2802 Verr.
788 2781 817 2800 0.
833 2771 862 2801 6.

358 2815 401 2844 42
422 2818 484 2844 aut
505 2823 568 2843 mm
586 2815 688 2843 multo
704 2817 817 2853 postea
830 2812 1014 2851 commissa]

317 2855 419 2885 Recte
454 2866 472 2886 e
507 2855 597 2885 libris
633 2864 800 2885 correxere
834 2855 893 2884 viri
929 2854 1017 2884 docti

316 2900 435 2928 multa.
480 2897 543 2928 Sed
556 2902 627 2939 post
640 2897 738 2933 edidi,
754 2896 840 2937 quod
854 2901 888 2928 et
910 2897 1017 2937 ipsum

1057 2265 1131 2295 libn·
1149 2264 1282 2303 quidam
1297 2264 1433 2302 habent,
1448 2274 1490 2295 116
1503 2263 1615 2295 eadem
1637 2262 1755 2304 saepius

1057 2308 1249 2344 terminatio
1264 2312 1448 2338 concurrat.

1099 2353 1140 2380 43
1163 2350 1283 2389 quoties
1297 2359 1348 2380 me
1361 2348 1535 2388 consulem]
1554 2356 1604 2378 me
1625 2357 1645 2377 a
1665 2346 1756 2377 libris

1059 2402 1120 2422 scr.
1136 2392 1325 2422 melioribus
1347 2392 1449 2422 abest.
1472 2394 1570 2421 recte.
1612 2389 1705 2419 Sicut
1718 2392 1757 2418 tu

1059 2443 1126 2464 non
1147 2434 1319 2471 repetitur,
1335 2436 1380 2464 sic
1395 2443 1454 2464 nee
1467 2442 1519 2463 me
1533 2432 1635 2472 repeti
1649 2431 1759 2461 debet.-

1059 2486 1135 2506 mox
1148 2485 1212 2505 non
1221 2485 1314 2515 posse
1328 2475 1412 2513 dedi,
1428 2475 1514 2515 quod
1527 2479 1562 2504 et
1581 2473 1651 2504 sine
1664 2473 1756 2503 libris

1059 2519 1105 2548 sic
1119 2517 1170 2548 edi
1184 2518 1332 2548 debebat.
1758 2517 1762 2524 ’“

1101 2563 1144 2591 44
1165 2560 1276 2590 conari
1301 2570 1342 2590 ac
1360 2559 1454 2598 velle]
1480 2558 1627 2588 Gra-‚vius
1650 2567 1668 2588 e
1697 2567 1756 2588 suo

1060 2601 1143 2632 libro
1158 2603 1239 2632 velle
1260 2611 1299 2631 ac
1320 2602 1441 2631 conari.
1463 2600 1518 2631 sed
1541 2609 1608 2630 11011
1630 2609 1757 2639 semper

1060 2644 1139 2674 ordo
1169 2649 1297 2673 naturae
1331 2644 1371 2674 ab
1398 2642 1582 2673 oratoribus
1609 2646 1760 2672 servatur

1060 2687 1095 2716 in
1109 2686 1240 2716 talibus.

1102 2731 1143 2758 45
1173 2736 1296 2757 necesse
1325 2726 1440 2766 putas]
1471 2725 1556 2757 Esse
1580 2726 1698 2757 Lamb.
1723 2730 1759 2757 et

1061 2770 1168 2800 Graev.
1182 2780 1200 2800 6
1216 2770 1280 2799 Μ5.
1295 2769 1433 2805 addunt,
1449 2778 1482 2798 n.
1494 2778 1529 2808 p.
1544 2778 1619 2798 esse.

1102 2812 1144 2842 46
1164 2821 1271 2841 vacua
1284 2809 1388 2850 sacta
1413 2811 1504 2850 sunt]
1530 2810 1558 2840 E
1577 2809 1668 2840 libris
1694 2817 1756 2838 scr.

1061 2863 1136 2885 cum
1151 2854 1280 2883 Graevio
1297 2852 1380 2883 edidi
1402 2851 1607 2893 vacuefacta.
1650 2850 1703 2885 Sic
1724 2854 1759 2882 et

1060 2896 1132 2927 edd.
1146 2896 1199 2926 W.
1221 2897 1307 2927 1480.
