1907 3231
299 138 373 173 168
823 135 893 174 IN
927 134 1205 174 VERREM

296 238 422 279 amici
461 237 672 290 voluntas,
702 253 789 281 non
820 240 1075 296 cujusquam
1116 238 1363 290 auctoritas,
1392 241 1526 296 44pro
1571 236 1734 295 pretio,

297 310 384 336 non
419 297 556 352 gratia
588 297 770 348 valerct;
802 307 1009 347 statuunt,
1043 297 1082 337 id
1117 298 1196 338 sibi
1229 297 1441 353 optimum
1475 309 1567 337 esse
1594 295 1731 348 factu,

297 353 412 407 quod
435 354 571 394 cuivis
597 354 777 395 venisset
812 355 855 399 in
888 365 1090 404 mentem,
1121 363 1265 410 petere
1297 353 1505 395 auxilium
1537 367 1562 393 a
1584 352 1731 394 Cheli-

164 406 424 460 1³·¹0⁴·d0ne,
455 425 550 466 quae
576 411 657 451 isto
687 420 867 466 praetore
896 425 980 451 non
1016 411 1144 451 modo
1175 411 1218 451 in
1246 410 1344 465 jure
1377 410 1510 461 civili,
1541 410 1731 466 privato-

256 456 285 535 ἲ)
302 481 480 522 rumque
507 468 699 508 omnium
722 468 1038 517 controversiis,
1068 470 1108 498 45
1128 468 1287 523 populo
1318 467 1515 509 Romano
1546 466 1735 523 praefuit,

260 538 284 552 ὀ
305 539 449 564 verum
482 525 610 564 etiam
644 526 683 564 in
721 525 784 564 liis
819 525 940 565 sartis
975 524 1098 565 tectis
1131 524 1354 565 dominata
1381 534 1459 565 est.
1520 524 1652 565 Venit
1679 524 1733 565 ad

218 577 291 616 137
305 581 585 622 Chelidonem
620 581 671 621 C.
696 580 901 631 Mustius,
932 595 1060 636 eques
1093 580 1328 631 Romanus,
1358 582 1626 637 publicanus,
1657 580 1737 622 ho-

302 653 374 679 mo
397 653 493 680 cum
520 638 667 693 primis
692 638 919 679 honestus:
954 638 1070 678 venit
1104 637 1171 678 M.
1190 637 1361 689 Junius,
1393 647 1568 694 patruus
1598 637 1734 694 pueri,

306 695 617 749 frugalissimus
651 695 781 735 homo
813 704 858 736 et
889 695 1174 735 castissimus:
1207 694 1325 734 venit
1354 695 1485 736 homo
1514 696 1736 736 46summo

305 749 481 802 honoro,
515 753 676 807 pudore
695 762 737 792 et
759 766 925 792 summo
944 752 1089 793 officio
1113 751 1448 807 spectatissimus
1470 751 1632 793 ordinis
1653 751 1735 803 sui,

308 809 358 850 P.
393 810 577 850 Potitius
615 819 745 849 tutor.
807 810 847 850 O
884 809 1028 850 multis
1065 810 1276 859 acerbam,
1307 824 1333 849 o
1366 809 1577 861 miseram,
1607 818 1739 865 atque

305 866 526 921 indignam
552 876 782 922 praeturum
805 868 945 908 tuam!
998 867 1054 907 Ut
1079 866 1244 906 mittam
1269 875 1424 916 cetera,
1455 881 1540 921 quo
1562 867 1736 908 tandem

304 924 466 980 pudore
500 924 603 964 tales
635 924 763 973 viros,
795 938 880 978 quo
909 923 1070 974 dolore,
1101 923 1336 964 meretricis
1363 923 1539 964 domum
1571 923 1738 964 venisse

303 981 595 1023 arbitramini?
628 981 700 1035 qui
724 981 838 1021 nulla
860 981 1109 1022 conditione
1128 981 1253 1020 istam
1269 980 1578 1036 turpitudinem
1601 981 1740 1022 subis·

305 1047 413 1087 sent,
438 1039 517 1078 nisi
541 1039 673 1078 officii
694 1038 1104 1093 necessitudinisque
1127 1038 1235 1078 ratio
1257 1037 1487 1093 coegisset.
1534 1037 1741 1090 Veniunt,

306 1104 354 1135 ut
386 1096 499 1145 (lico,
531 1096 583 1135 ad
621 1094 918 1136 Chelidonem.
982 1094 1149 1136 Domus
1178 1104 1270 1135 erat
1300 1094 1448 1150 plena:
1481 1109 1594 1137 nova
1623 1095 1740 1150 Jura,

306 1167 419 1193 nova
440 1152 623 1202 decreta,
655 1167 768 1192 nova
791 1152 960 1207 judicia
993 1152 1263 1209 petebantur.
1323 1150 1438 1191 Mihi
1455 1151 1521 1193 det
1536 1151 1744 1206 possessio-

308 1224 417 1249 nem:
449 1208 549 1249 mihi
571 1223 618 1249 ue
639 1208 820 1250 adimat:
851 1209 894 1249 in
913 1208 1190 1266 mejudicium
1219 1223 1268 1249 ne
1299 1207 1389 1248 det.-
1420 1208 1520 1249 milti
1542 1209 1645 1250 bona
1664 1208 1740 1250 ad-

307 1266 432 1307 dicat.
466 1265 535 1306 alii
566 1281 763 1306 nummos
796 1268 1100 1307 numerabant:
1133 1266 1203 1306 alii
1238 1265 1403 1307 tabulas
1437 1265 1746 1322 obsignabant.

309 1324 461 1364 domus
498 1333 589 1364 erat
621 1338 706 1363 non
741 1324 983 1365 meretricio
1016 1334 1247 1374 conventu,
1279 1323 1351 1363 sed
1385 1324 1588 1379 praetoria
1615 1323 1744 1365 turba

225 1392 296 1426 138
312 1381 479 1422 referta.
524 1380 711 1421 Simulat:
732 1390 920 1436 potestas
940 1381 1122 1437 primum
1146 1380 1245 1421 data
1267 1390 1345 1431 est,
1370 1380 1531 1420 adeunt
1553 1380 1611 1432 hi,
1633 1395 1741 1436 quos

310 1438 416 1479 dixi.
456 1437 644 1492 loquitur
679 1437 891 1479 Mustius:
926 1453 1012 1479 rem
1045 1438 1330 1479 demonstrat:
1365 1437 1474 1493 petit
1506 1437 1740 1479 aux-ilium:

307 1495 533 1551 pecuniam
557 1495 795 1550 pollicetur.
861 1495 1100 1551 Respondit
1130 1494 1213 1545 illa,
1244 1504 1293 1535 ut
1318 1494 1537 1545 meretrix,
1568 1509 1654 1536 non
1676 1495 1743 1536 in-

308 1554 518 1593 humane:
552 1552 747 1602 libenter,
779 1553 853 1602 ait,
886 1566 929 1592 se
951 1567 1040 1593 esse
1065 1552 1289 1604 facturam,
1320 1561 1362 1592 et
1388 1566 1431 1592 se
1453 1566 1550 1592 cum
1574 1552 1656 1593 isto
1677 1551 1743 1593 di-

308 1610 492 1666 ligenter
515 1610 915 1651 sermocinaturam:
940 1609 1248 1664 revertijubet.
1269 1619 1360 1650 tum
1381 1608 1620 1650 discedunt.
1645 1624 1744 1665 pos-

310 1667 436 1707 tridie
459 1676 744 1707 revertuntur.
763 1677 891 1723 negat
921 1666 991 1707 illa
1025 1681 1147 1722 posse
1174 1666 1390 1707 hominem
1421 1666 1611 1708 exorari:
1648 1681 1743 1723 per-

311 1739 513 1779 magnam
551 1738 648 1764 eum
681 1723 822 1765 (licere
859 1738 913 1765 ex
956 1723 1026 1764 illa
1064 1738 1107 1764 re
1145 1724 1371 1780 pecuniam
1411 1723 1567 1764 confici
1603 1738 1743 1780 posse.

229 1771 298 1822 53
314 1782 488 1831 Vereor,
520 1795 572 1821 ne
604 1780 699 1836 quis
737 1780 848 1822 forte
881 1781 933 1822 de
972 1781 1146 1837 populo,
1176 1781 1249 1836 qui
1289 1780 1422 1837 priori
1454 1780 1624 1822 actione
1655 1795 1743 1823 non

313 1838 450 1889 affuit,
474 1838 582 1888 haec,
604 1838 706 1893 quia
727 1849 901 1895 propter
923 1839 1134 1894 insignem
1159 1838 1469 1894 turpitudinem
1491 1847 1591 1879 sunt
1607 1838 1746 1880 incre-

313 1895 475 1946 dibilia,
508 1895 613 1951 tingi
637 1912 662 1936 a
682 1909 750 1935 me
772 1896 1016 1936 arbitretur.
1040 1910 1090 1936 ea
1112 1910 1186 1936 vos
1210 1905 1349 1947 antea,
1372 1895 1559 1950 judices,
1580 1910 1747 1952 cogno-

228 1957 299 1992 139
316 1953 449 1994 vistis.
512 1952 639 1993 Dixit
662 1952 834 2008 juratus
866 1953 915 1993 P.
941 1952 1142 2003 Potitius,
1175 1961 1292 1994 tutor
1320 1952 1471 2009 pupilli
1500 1952 1647 1995 Junii:
1679 1953 1745 1994 di-

314 2011 380 2052 xit
404 2009 470 2050 M.
492 2009 649 2052 Junius
673 2019 789 2050 tutor
817 2019 861 2051 et
890 2018 1091 2066 patruus:
1125 2009 1316 2051 Mustius
1346 2010 1539 2061 dixisset,
1571 2010 1605 2050 si
1628 2009 1747 2051 vive-

314 2078 397 2109 ret:
430 2067 502 2107 sed
534 2081 610 2123 pro
643 2066 826 2117 Mustio,
859 2067 1018 2108 recenti
1051 2081 1096 2108 re
1124 2067 1176 2108 de
1207 2066 1375 2108 Mustio
1407 2067 1600 2110 auditum
1633 2067 1750 2108 dixit

269 2112 300 2140 b·
316 2125 364 2165 L.
389 2124 632 2166 Domitius:
666 2124 859 2179 quicum
891 2124 1030 2175 sciret,
1062 2139 1130 2165 me
1153 2139 1207 2165 ex
1242 2124 1409 2165 Mustio
1433 2125 1532 2166 vivo
1563 2124 1747 2175 audisse,

311 2182 427 2237 quod
449 2195 499 2222 eo
524 2196 616 2222 sum
640 2196 738 2222 usus
770 2181 1015 2237 plurimum,
1045 2182 1274 2235 47(etenim
1303 2182 1345 2223 id
1368 2181 1600 2237 judicium,
1630 2182 1746 2238 quod

309 2253 445 2296 prope
467 2239 661 2279 omnium
684 2239 953 2279 fortunarum
987 2253 1158 2280 suarum
1190 2238 1242 2280 C.
1266 2238 1456 2280 Mustius
1479 2239 1645 2290 habuit,
1677 2253 1748 2280 me

309 2311 397 2337 uno
427 2296 686 2337 defendente
720 2296 859 2347 vicit‚)
890 2311 989 2338 cum
1022 2296 1120 2348 hoc,
1152 2304 1200 2337 ut
1227 2296 1340 2347 dico,
1371 2296 1499 2338 sciret
1523 2297 1571 2337 L.
1593 2295 1748 2338 Domi-

311 2353 411 2404 tius,
444 2368 510 2393 me
533 2353 656 2403 seire,
678 2353 729 2393 ad
752 2367 849 2393 eum
872 2368 937 2394 res
959 2368 1107 2395 omnes
1131 2353 1344 2395 Mustium
1367 2353 1541 2394 solitum
1562 2367 1654 2395 esse
1674 2353 1750 2394 de-

312 2410 445 2463 ferre3
479 2420 621 2452 tamen
651 2410 704 2451 de
727 2409 967 2452 Chelidone
989 2411 1177 2462 reticuit,
1207 2411 1348 2468 quoad
1377 2411 1542 2468 potuit:
1573 2411 1658 2453 alio
1683 2425 1748 2452 re-

351 2554 393 2582 44
412 2561 472 2589 pro
482 2551 600 2590 prelio]
627 2551 772 2582 Graevius
792 2551 927 2591 corrigit
937 2561 1009 2592 proe
1051 2552 1162 2583 locum
1177 2551 1287 2582 habet.
1332 2552 1386 2582 Ita
1396 2554 1429 2581 et
1445 2550 1591 2582 Graevius
1605 2551 1695 2582 fecit.

305 2603 360 2633 pr.
399 2593 449 2623 lta
462 2599 494 2623 et
511 2593 580 2623 aliis
597 2593 711 2623 visum.
755 2594 839 2624 Sane
853 2594 945 2625 bene.
1094 2598 1133 2628 47
1155 2596 1273 2625 etenim
1307 2595 1344 2624 id
1359 2593 1542 2633 judicium]
1579 2593 1660 2624 Edd.
1697 2602 1748 2634 pr.

353 2638 394 2666 45
413 2637 529 2674 postulo
546 2635 587 2665 R.
609 2635 759 2675 proes'uit]
788 2636 930 2666 Verbum
959 2637 1006 2677 ip·
1049 2638 1115 2668 fere
1126 2634 1749 2677 injudiciumvitioseproidjudieium.

311 2687 385 2707 sum
405 2676 542 2716 proefuz't
570 2677 764 2707 invidiosum
791 2684 842 2707 est
866 2679 955 2715 satis,
981 2680 1006 2709 si
1052 2679 1089 2710 ld
1112 2689 1278 2710 correxere
1292 2678 1399 2709 deleto
1423 2679 1470 2714 in,
1494 2677 1606 2714 Aldus,
1630 2678 1750 2709 rectius

313 2719 353 2750 ad
377 2721 612 2749 controversias
632 2719 728 2748 modo
750 2719 928 2750 referatur:
953 2721 1009 2751 sed
1052 2722 1107 2752 alii
1129 2722 1172 2751 id.
1200 2721 1263 2751 Ms.
1290 2720 1401 2751 Franc.
1424 2725 1463 2750 ut
1485 2719 1535 2750 ed.
1560 2719 1694 2751 Mediol.
1711 2720 1750 2750 in

312 2761 467 2796 maxime,
505 2761 590 2799 quod
621 2763 740 2800 populo
770 2761 810 2791 R.
836 2762 1010 2803 proefuisse
1043 2763 1184 2804 judicio,
1199 2762 1268 2793 scil.
1283 2766 1320 2793 ut
1333 2763 1426 2793 fieret
1438 2761 1749 2802 vincereinjudido,

311 2803 466 2833 meretrix
482 2802 612 2833 dicitur.
1052 2805 1137 2845 quod
1148 2805 1275 2836 facilius
1289 2812 1372 2840 erat,
1399 2813 1498 2844 quam
1519 2805 1648 2834 vincere
1652 2803 1749 2846 judi·

353 2845 394 2875 46
415 2854 541 2874 summo
568 2847 694 2882 honore,
718 2844 868 2885 pudore]
895 2845 1012 2877 Delevi
1053 2849 1152 2879 cium.
1192 2847 1265 2879 Vid.
1279 2847 1370 2879 Clav.
1383 2846 1417 2878 in
1431 2847 1569 2878 vincere.

310 2886 464 2927 copulam
476 2891 519 2925 et,
543 2897 616 2928 quae
627 2887 719 2919 abest
733 2886 803 2918 edd.
817 2898 866 2928 pr.
881 2897 942 2920 nee
956 2889 1012 2920 hic
