1907 3231
417 111 494 149 DE
519 110 665 149 LEGE
689 109 814 149 AGR.
843 108 1062 149 CONTRA
1089 110 1336 153 RULLUM.
1529 118 1607 156 609

150 224 218 256 est
245 216 402 273 snepos,
425 217 499 273 qui
534 215 653 273 pr‘ius
680 215 812 258 silvas
844 215 1018 268 vendat,
1047 224 1176 272 quam
1208 218 1371 260 vineas.
1425 216 1608 261 ‘Italiam

153 275 458 328 percensuisti:
489 288 624 331 perge
641 274 685 315 in
710 275 918 316 Siciliam.
942 286 1218 316 AUCTIONis
1246 288 1367 317 PARS
1394 289 1473 328 ΕΛ,
1494 290 1606 330 91]AE

155 344 221 376 ΑΒ
248 345 477 374 smmi-AM
505 345 774 375 PERTlNE‘r.
810 331 915 373 nihil
947 337 1012 374 est
1040 332 1084 373 in
1117 332 1200 373 hac
1222 334 1462 388 provincia,
1484 335 1604 390 quod

151 398 228 429 aut
251 389 294 430 in
316 390 503 446 oppidis„
525 399 601 430 aut
631 390 676 430 in
711 390 826 446 agris
847 390 885 421 6³
902 390 1088 446 majores
1110 390 1245 431 nostri
1269 392 1494 446 proprium
1523 407 1602 433 no-

154 445 515 503 bisvreliquerint,
546 447 653 502 quin
686 448 730 489 id
764 448 910 489 venire
930 448 1111 503 jubeat..
1165 448 1296 495 Quod
1330 459 1502 504 partum
1535 453 1664 492 ree-49

150 503 268 544 oenti
289 504 474 546 victoria
495 505 680 561 majores
698 507 824 547 vobis
847 507 889 547 in
911 506 1130 547 sociorum
1153 505 1333 547 urbibus
1353 521 1404 547 ac
1425 506 1602 559 finibus,

150 569 198 601 et
211 561 434 603 ‘vinculum
459 563 591 618 pacis,
614 575 658 604 et
678 572 1010 604 monumentum
1033 563 1132 605 belli
1156 563 1443 619 reliquerunt,
1458 565 1502 605 id
1524 580 1603 606 vos

149 618 205 658 ab
229 618 312 659 illis
334 630 579 676 acceptum,
602 621 686 662 hoc
709 631 900 672 auctore,
922 621 1148 663 vendetis?
1181 621 1270 663 Hic
1297 621 1404 664 mihi
1426 637 1604 679 parum-

148 689 226 731 per
247 688 413 718 mentes
436 688 612 730 vestraS,
637 679 846 731 Quirites,
869 693 1145 721 commovere
1168 680 1331 731 videor,
1353 680 1455 721 dum
1481 690 1603 737 pate-

149 732 265 775 facio
287 736 427 787 vobis,
459 751 566 792 quas
589 737 660 777 isti
696 737 867 793 penitus
890 737 1109 777 abstrusas
1137 737 1315 778 insidias
1339 752 1383 778 se
1405 739 1602 794 posuisse

147 792 413 834 arbitrentur
433 805 587 835 contra
609 794 693 835 Cn.
710 794 910 850 Pompeii
932 793 1209 850 dignitatem.
1257 793 1314 836 Et
1334 796 1458 848 mihi,
1481 811 1602 852 quae-

147 862 211 900 so,
245 849 475 906 ignoscite,
513 852 547 892 si
584 851 755 908 appello
791 851 921 892 talem
952 852 1093 892 virum
1130 852 1304 908 saepius.
1369 853 1455 894 Vos
1491 854 1601 895 mibi

146 908 340 964 praetori,
381 909 556 951 biennio
589 919 704 960 ante,
738 909 950 960 Quirites,
981 908 1065 950 hoc
1097 910 1250 951 eodem
1279 910 1323 950 in
1356 910 1468 962 loco,
1506 926 1582 968 per

148 979 299 1006 sonam
333 967 445 1008 hanc
478 967 760 1022 imposuistiS,
787 975 847 1018 ut,
869 967 1218 1023 quibuscumque
1250 968 1378 1009 rebus
1414 983 1600 1024 possem,

147 1022 260 1064 illius
287 1024 478 1065 absentis
511 1024 771 1080 dignitatem
803 1025 1029 1066 vobiscum
1063 1040 1148 1066 una
1177 1035 1332 1066 tuerer.
1396 1026 1497 1068 Feci
1525 1028 1600 1069 ad-

144 1080 245 1132 huc,
267 1096 364 1137 quae
386 1082 526 1138 potui,
549 1097 687 1137 neque
711 1082 1005 1124 familiaritate
1034 1082 1146 1124 illius
1169 1084 1396 1135 adductus,
1421 1099 1499 1126 nec
1524 1100 1601 1141 spe

146 1138 323 1180 honoris
343 1149 473 1196 atque
491 1140 769 1197 amplissimae
789 1141 1040 1197 dignitatis:
1073 1156 1202 1197 quam
1223 1156 1320 1198 ego,
1335 1142 1416 1183 etsi
1436 1142 1600 1185 libente

146 1195 235 1248 illo,
264 1206 409 1239 tamen
442 1199 620 1239 absente
644 1198 733 1249 illo,
761 1213 837 1255 per
866 1214 942 1240 vos
971 1209 1230 1241 consecutus
1258 1214 1366 1241 sum.
1430 1200 1597 1247 Quam·
1609 1216 1661 1250 50

145 1254 297 1296 obrem
319 1270 419 1297 cum
443 1256 700 1312 intelligam,
720 1256 832 1299 hanc
855 1266 991 1298 totam
1015 1257 1103 1298 fere
1125 1257 1264 1314 legem
1288 1258 1341 1299 ad
1361 1258 1472 1299 illius
1492 1274 1597 1315 opes

142 1314 412 1365 evertendas,
451 1323 673 1370 tamquam
710 1316 974 1367 machinam,
1012 1316 1280 1372 comparari:
1321 1325 1366 1356 et
1400 1318 1598 1359 resistam

143 1371 334 1412 consiliis
365 1372 607 1423 hominum,
639 1382 683 1413 et
713 1373 934 1429 perficiam
962 1372 1176 1430 profecto,
1204 1373 1320 1429 quod
1350 1388 1433 1430 ego
1470 1375 1596 1417 video

144 1430 402 1485 comparari,
425 1439 472 1471 ut
502 1431 544 1471 id
569 1446 645 1472 vos
670 1431 857 1472 universi
887 1445 974 1472 non
1000 1431 1140 1473 solum
1164 1432 1323 1482 videre,
1346 1447 1495 1474 verum
1531 1443 1596 1474 et-

143 1486 230 1528 iam
252 1497 397 1528 tenere
425 1488 615 1544 possitis.
675 1488 813 1530 Jubet
843 1490 1002 1540 venire,
1035 1504 1133 1544 quae
1158 1489 1465 1541 Attalensium,
1495 1506 1593 1547 quae
1612 1493 1680 1547 19

143 1543 427 1595 Phaselitum,
449 1561 546 1602 quae
572 1546 919 1603 Olympenorum
940 1547 1115 1598 fuerint,
1138 1562 1377 1603 agrumque
1400 1548 1709 1604 Age1·en-p.76.

142 1616 247 1654 sem,
269 1612 314 1644 et
336 1603 610 1656 Orindicum,
633 1615 677 1646 et
700 1605 1000 1646 Gedusanum.
1021 1604 1118 1646 haee
1143 1606 1193 1646 Ρ.
1218 1605 1385 1646 Servilii
1413 1606 1595 1663 imperio
1608 1614 1637 1633 9·

141 1669 188 1701 et
224 1661 421 1713 victoria,
461 1662 686 1704 clarissimi
729 1664 826 1714 viri,
870 1674 1011 1704 vestra
1049 1663 1166 1704 faeta
1202 1673 1316 1704 sunt.
1377 1663 1599 1721 Adjungit

142 1733 270 1774 agros
311 1718 534 1775 Bithyniae
573 1721 731 1777 regios,
763 1722 920 1777 quibus
956 1736 1073 1762 nunc
1110 1721 1332 1777 publicani
1371 1721 1596 1765 fruuntur:

142 1776 300 1818 deinde
322 1777 536 1819 Attalicos
570 1794 697 1835 agros
731 1780 775 1820 in
810 1779 1105 1821 Cherroneso:
1140 1780 1182 1820 in
1219 1779 1499 1831 Macedonia,
1522 1782 1597 1836 qui

141 1834 255 1892 regis
277 1834 471 1893 Philippi
503 1837 592 1877 sive
629 1837 770 1878 Persae
803 1838 993 1889 fuerunt,
1025 1837 1151 1893 62qui
1174 1838 1322 1878 iterna
1344 1839 1597 1880 censoribus

143 1892 273 1935 locati
298 1903 412 1945 sunt,
434 1902 478 1934 et
500 1895 788 1936 certissimum
809 1895 1011 1952 vectigal.
1073 1895 1299 1936 Adscribit
1321 1896 1433 1936 idem
1458 1898 1656 1942 aucti-51

143 1951 216 1993 oni
240 1951 495 1993 Corinthios
516 1967 660 2009 agros,
683 1954 853 2010 opimos
876 1964 920 1995 et
942 1953 1118 2005 fertiles,
1142 1964 1185 1994 et
1208 1953 1494 2009 CyrenenseS,
1522 1956 1597 2010 qui

141 2008 329 2066 Apionis
363 2007 561 2053 fuerunt:
595 2021 637 2052 et
671 2026 797 2068 agros
833 2013 875 2053 in
911 2012 1129 2068 Hispania
1159 2022 1336 2068 propter
1362 2011 1598 2069 Karthagi-

141 2082 243 2108 nem
266 2083 442 2119 novam,
464 2078 508 2109 et
530 2069 574 2110 in
597 2070 749 2111 Africa
775 2070 915 2127 ipsam
940 2082 1126 2111 veterem
1153 2069 1471 2126 Karthaginem
1497 2086 1599 2112 ven-

143 2125 234 2167 dit:
266 2141 399 2182 quam
432 2127 636 2169 videlicet
672 2127 722 2168 P.
744 2128 979 2170 Africanus
1009 2144 1097 2170 non
1133 2137 1310 2184 propter
1343 2128 1601 2185 religionem

142 2183 308 2225 sedium
332 2184 500 2226 illarum
523 2200 574 2227 ac
597 2188 840 2237 vetustatis,
857 2187 910 2228 de
927 2187 1097 2228 consilii
1121 2186 1350 2236 sententia,
1374 2201 1602 2228 consecra-

140 2242 220 2292 vit,
252 2242 327 2283 sed
348 2252 397 2283 ut
419 2243 511 2299 ipse
533 2243 668 2295 locus,
691 2258 855 2296 eorum,
878 2246 953 2301 qui
985 2259 1085 2286 cum
1108 2244 1189 2285 hac
1211 2245 1318 2284 urbe
1340 2244 1392 2284 de
1414 2244 1599 2300 imperio

140 2309 377 2352 certarunt,
401 2303 569 2358 vestiga
589 2302 849 2344 calamitatis
869 2303 1128 2344 ostenderet.
1192 2302 1276 2342 Sed
1299 2316 1386 2342 non
1407 2302 1492 2342 fuit
1511 2311 1602 2344 tam

139 2358 344 2415 diligens,
361 2374 499 2414 quam
522 2370 588 2401 est
611 2360 790 2402 Rullus:
823 2370 899 2402 aut
920 2361 1102 2402 fortasse
1121 2369 1329 2401 emtorem
1354 2360 1393 2400 ei
1417 2360 1512 2401 loco
1535 2375 1602 2401 re-

140 2417 282 2473 perire
315 2431 403 2458 non
436 2419 595 2474 potuit.
658 2418 817 2459 Verum
852 2419 964 2460 inter
996 2419 1077 2460 hos
1108 2433 1235 2475 agros
1268 2418 1426 2473 regios,
1449 2427 1602 2474 captos

141 2475 362 2516 veteribus
393 2476 516 2517 bellis
549 2477 709 2518 virtute
739 2492 1005 2518 summorum
1041 2478 1369 2533 imperatorum,
1399 2477 1604 2533 adjungit

140 2533 284 2590 regios
307 2548 435 2590 agros
462 2533 752 2587 Mithridatis,
776 2535 850 2591 qui
873 2535 917 2576 in
939 2535 1256 2592 Paphlagonia,
1280 2533 1354 2590 qui
1377 2534 1421 2575 in
1444 2534 1604 2587 Ponto,

183 2676 221 2710 6'1
248 2680 391 2722 majores
418 2683 670 2723 nostri-mobis]
701 2683 852 2713 Graevius
896 2682 985 2722 quod
1004 2681 1118 2713 Livius
1142 2680 1244 2719 dicat,
1268 2691 1288 2712 a
1309 2681 1470 2712 Romanis
1488 2681 1609 2723 praedi-

138 2723 285 2753 correxit
302 2727 542 2757 vestri—vobis.
560 2736 628 2757 non
651 2725 750 2757 male.
774 2735 853 2756 nam
896 2735 993 2756 orum
1019 2725 1221 2755 rusticorum
1243 2723 1425 2755 locationes
1448 2725 1609 2762 sublatas,

141 2769 178 2795 et
193 2765 227 2795 in
243 2775 331 2806 seqq.
347 2768 393 2798 sic
408 2774 469 2799 est.
516 2769 580 2800 Sed
595 2769 710 2800 Cicero
735 2769 771 2798 'm
793 2767 856 2798 hoe
900 2768 1044 2808 intelligi
1060 2777 1127 2798 non
1142 2777 1247 2807 posse.
1293 2766 1356 2798 Sed
1370 2767 1441 2798 hoec
1461 2768 1611 2798 censoria

144 2816 215 2839 non
228 2815 384 2841 constans
399 2817 464 2849 est,
477 2821 539 2842 nec
551 2816 624 2842 erat
637 2821 779 2842 necesse.
901 2811 1024 2841 locatio
1051 2810 1142 2841 facta
1171 2810 1306 2841 demum
1333 2814 1396 2848 est,
1432 2814 1610 2850 postquam

189 2850 231 2881 62
253 2853 308 2892 qui
324 2853 400 2883 iffem
417 2864 439 2884 a
453 2856 637 2885 censoribus
653 2855 749 2885 locati
764 2853 856 2892 svnt]
903 2853 1061 2884 Metellus
1077 2852 1309 2885 Macedoniam
1331 2853 1456 2885 fecerat
1477 2853 1610 2894 provin·

148 2891 308 2928 Dukerus
331 2896 372 2925 ad
395 2896 468 2929 Liv.
483 2900 538 2937 45,
559 2901 607 2930 18.
622 2897 700 2930 hinc
718 2896 859 2937 colligit,
904 2897 989 2928 ciam
1004 2906 1082 2939 pop.
1095 2895 1194 2927 Rom.

197 2949 308 2980 voL.
334 2952 390 2982 11.
820 2952 847 2980 R
872 2954 891 2981 1⁴
