1907 3231
270 118 320 152 98
718 116 782 155 ΙΝ
816 118 864 158 Q.
894 114 1239 156 CAECILIUM

211 222 259 255 43
274 232 407 273 gnum
428 217 568 276 eloqui
591 221 766 276 possim.
825 221 890 263 Tu
912 221 1065 262 horum
1087 220 1194 261 nihil
1214 219 1383 272 metuis,
1401 215 1509 261 nihil
1527 217 1711 276 cogitas,

231 270 259 300 ὓ·
274 275 382 316 nihil
396 275 585 319 laboras?
606 288 649 318 et
663 279 695 318 si
711 279 881 333 quidex
897 288 1038 319 vetere
1052 277 1194 333 aliqua
1207 277 1414 328 oratione,
1428 292 1444 318 J
1455 290 1590 318 OVEM
1610 289 1708 318 EGO

275 345 506 375 OPTIMUM
535 348 806 386 ΜΑΧιΜυΜς
839 344 926 384 aut,
953 348 1166 385 VELLEM,
1193 348 1234 375 sl
1263 348 1394 376 rimu
1423 345 1710 384 POTulssET,

274 403 508 442 summas,
539 402 613 432 aut
635 392 793 447 aliquid
820 392 1047 447 ejusmodi,
1069 392 1256 433 ediscere
1281 391 1484 447 potueriS‚
1504 389 1710 447 praeclare

274 455 316 487 te
336 457 530 502 paratum
554 449 596 489 in
612 449 826 504 judicium
848 459 1073 489 venturum
1093 449 1338 490 arbitraris?
1595 470 1598 474 ·
1722 459 1727 468 “

330 502 411 554 Ac,
434 505 467 545 si
492 506 569 545 tibi
593 519 718 546 nemo
738 520 1014 562 responsurus
1036 514 1160 557 esset,
1181 514 1323 547 tamen
1353 506 1491 561 ipsam
1519 517 1708 554 causam,

212 571 260 603 44
276 569 323 601 ut
356 575 438 615 ego
471 562 669 613 arbitror,
697 563 988 603 demonstrare
1021 577 1107 604 non
1139 577 1298 619 posses.
1360 562 1488 603 Nune
1520 575 1574 602 ne
1606 561 1714 604 illud

274 618 446 672 quidem
465 619 645 675 cogitas,
663 619 742 660 tibi
754 634 851 660 cum
866 620 1038 661 homine
1051 619 1344 670 disertissimo,
1358 628 1402 660 et
1416 619 1467 661 ad
1481 618 1711 660 dicendum

275 675 558 729 palatissiiiio,
583 676 774 717 futurum
788 691 878 718 esse
897 686 1110 718 certamen
1127 695 1137 730 3
1160 677 1333 732 quicum
1352 677 1482 717 modo
1503 676 1713 717 disserens

275 732 391 781 dum,
406 732 533 773 modo
547 733 665 774 omni
687 734 851 776 ratione
864 735 1142 791 pugnandum
1156 733 1490 789 certandumque
1511 733 1592 774 sit?
1623 731 1712 773 Cu-

270 788 342 843 jus
356 802 437 843 ego
460 790 681 846 ingenium
701 791 762 832 ita
784 791 982 842 laudo,ut
996 806 1080 832 non
1098 792 1410 848 pertimescam,
1424 791 1485 831 ita
1498 791 1649 846 probo,
1663 797 1712 830 ut

196 838 263 886 14
277 859 344 886 me
362 847 416 886 ab
439 860 489 887 eo
512 847 712 888 delectari
735 849 917 899 facilius,
939 863 1067 903 quam
1086 849 1225 905 decipi
1242 858 1388 905 putem
1402 861 1539 903 posse.
1572 846 1712 888 Num-

276 917 404 958 quam
424 903 492 944 ille
514 919 582 945 me
600 906 816 961 opprimet
833 906 1034 948 consilio:
1058 920 1291 961 numquam
1316 905 1401 946 ullo
1420 904 1603 945 artificio
1616 918 1712 960 per-

276 969 433 1001 vertet:
467 975 699 1016 numquam
720 963 895 1018 ingenio
919 977 986 1003 me
1005 979 1081 1004 suo
1105 963 1363 1004 labefactare
1386 970 1514 1016 atque
1544 961 1713 1002 23infir-

276 1031 392 1057 mare
414 1019 655 1059 conabitur.
678 1021 778 1060 novi
802 1020 949 1060 omnes
981 1021 1166 1061 hominis
1189 1020 1419 1076 petitiones
1442 1018 1716 1074 rationesque

276 1073 467 1115 dicendi:
501 1090 615 1131 saepe
647 1076 691 1116 in
725 1077 890 1125 iisdem,
921 1091 1034 1133 saepe
1068 1077 1110 1117 in
1140 1077 1365 1118 contrariis
1394 1075 1532 1117 causis
1555 1075 1710 1118 versati

278 1145 437 1171 sumus.
498 1131 567 1172 Ita
584 1142 733 1174 contra
753 1148 820 1174 me
843 1133 911 1174 ille
932 1134 1060 1182 dicct,
1080 1134 1274 1190 quamvis
1298 1134 1353 1174 sit
1371 1133 1632 1188 ingeniosus,
1663 1141 1713 1174 ut

278 1187 529 1229 nonnullum
559 1189 687 1230 etiam
718 1191 770 1231 de
803 1205 879 1231 suo
913 1191 1085 1242 ingenio
1112 1192 1326 1247 ¹judicium
1348 1191 1438 1231 fieri
1468 1189 1713 1231 arbitretur..

217 1252 264 1284 45
279 1244 339 1285 Te
362 1260 477 1295 vero,
512 1245 678 1297 Caecili‚
715 1248 1074 1302 quemadmodum
1107 1251 1161 1289 sit.
1193 1248 1399 1298 elusurus,
1429 1261 1557 1302 quam
1593 1247 1712 1288 omni

279 1302 443 1343 ratione
467 1303 724 1359 jactaturus,
749 1305 891 1346 videre
917 1306 1010 1361 jam
1044 1306 1215 1347 videor:
1247 1305 1416 1360 quoties
1438 1303 1508 1345 ille
1529 1303 1608 1344 tibi
1632 1318 1713 1360 po-

274 1368 475 1400 testatem
508 1362 814 1417 optionemque
847 1362 1036 1403 facturus
1069 1365 1139 1414 sit,
1171 1372 1219 1403 ut
1247 1363 1380 1418 eligas
1410 1371 1550 1402 utrum
1581 1361 1712 1414 velit-33

278 1416 440 1458 factum
461 1433 565 1468 esse,
597 1433 752 1461 necne:
785 1435 932 1461 verum
961 1435 1066 1470 esse,
1089 1436 1141 1461 an
1165 1420 1340 1461 falsum:
1372 1429 1516 1460 utrum
1537 1418 1715 1470 dixeris,

278 1473 319 1514 id
335 1485 486 1516 contra
499 1485 541 1516 te
559 1475 765 1517 futurum.
799 1477 884 1524 Qui
902 1479 980 1519 tibi
1001 1489 1143 1528 aestus,
1158 1478 1230 1533 qui
1253 1491 1382 1527 error,
1399 1476 1495 1532 quae
1509 1476 1714 1527 tenebrae,

276 1530 335 1571 dii
352 1531 630 1575 immortales!
661 1544 800 1583 erunt,
816 1535 976 1575 homini
1000 1534 1329 1576 minimemalo?
1362 1534 1504 1581 Quid?
1519 1547 1624 1574 cum
1643 1547 1714 1574 ac-

279 1589 512 1630 cusationis
546 1600 630 1631 tuat
661 1593 853 1632 membra
883 1592 1073 1633 dividere
1101 1592 1300 1648 coeperit,
1322 1601 1365 1632 et
1389 1592 1430 1632 in
1453 1590 1603 1647 digitis
1625 1590 1712 1631 suis

280 1645 469 1702 singulas
491 1657 633 1703 partes
655 1664 792 1690 causa:
825 1650 1113 1692 constituere?
1146 1650 1288 1696 Quid?
1319 1663 1418 1689 cum
1438 1647 1716 1703 unumquod-

279 1717 362 1757 que
381 1704 631 1760 transigere,
647 1706 864 1761 expcdire,
892 1706 1143 1749 absolvere?
1176 1707 1274 1762 Ipse
1304 1705 1500 1762 profecto
1521 1713 1714 1746 metuere

218 1767 266 1801 46
281 1760 474 1816 incipiCS,
509 1776 562 1802 ne
592 1763 814 1803 innocenti
849 1764 1085 1819 periculum
1118 1763 1353 1805 facesseris.
1425 1762 1571 1809 Quid?
1612 1775 1729 1803 cumv

280 1818 585 1869 commiserari,
608 1819 827 1874 conqueri,
850 1830 893 1860 et
913 1836 967 1863 ex
991 1821 1101 1862 illius
1116 1821 1278 1862 invidia
1294 1820 1525 1861 deonerare
1536 1818 1713 1874 aliquid,

279 1884 323 1914 et
354 1874 397 1915 in
435 1885 477 1916 te
510 1876 706 1931 trajicere
738 1878 945 1933 coeperit?
986 1892 1320 1920 commemorare
1348 1876 1574 1933 quaestoris
1614 1890 1714 1917 cum

279 1941 463 1987 praetore
477 1933 835 1975 necessitudinem
854 1935 1133 1976 constitutam
1149 1938 1162 1977 ?
1184 1949 1347 1976 morem
1364 1934 1603 1990 majorum?
1624 1947 1716 1974 sor-

280 1988 334 2029 tis
367 1989 645 2046 religionem?
693 1991 911 2033 Poterisne
940 1993 1034 2048 ejus
1065 1992 1272 2034 orationis
1302 1992 1444 2033 subire
1475 1990 1713 2033 invidiam?

168 2054 199 2085 P·
215 2045 265 2075 62.
280 2045 389 2087 Vide
410 2047 562 2089 modo:
593 2048 724 2088 etiam
746 2058 874 2104 atque
905 2051 1036 2090 etiam
1057 2050 1294 2091 considera.
1314 2048 1422 2089 mihi
1451 2048 1566 2089 enim
1596 2047 1718 2088 vide.-

237 2097 265 2117 a.
281 2112 349 2143 tur
371 2104 606 2160 periculum
631 2104 735 2156 fore,
757 2120 811 2147 ne
834 2106 902 2147 ille
931 2122 1017 2148 non
1047 2108 1176 2148 modo
1207 2107 1348 2148 verbis
1369 2114 1412 2146 te
1447 2105 1616 2156 obruat,
1628 2105 1721 2149 ‘sed

282 2170 403 2215 gestu
428 2161 521 2216 ipso
543 2176 593 2202 ac
614 2171 735 2203 motu
766 2165 958 2220 corporis
993 2164 1269 2220 praestringat
1289 2163 1424 2205 aciem
1447 2162 1611 2218 ingenii
1634 2161 1715 2217 tui,

219 2216 267 2252 ⁴7
283 2227 408 2272 teque
429 2219 483 2259 ab
506 2218 715 2259 institutis
750 2220 833 2261 tuis
862 2221 1287 2277 cogitationibusque
1309 2220 1511 2261 abducat.
1568 2217 1715 2274 Atque

280 2273 459 2328 hujusce
473 2275 530 2315 rei
544 2276 760 2330 judicium
776 2277 869 2331 jam
892 2278 1101 2320 continuo
1123 2278 1247 2319 video
1274 2277 1482 2318 futurum.
1531 2276 1577 2318 Si
1599 2275 1729 2316 enim*

279 2331 384 2372 mihi
419 2331 547 2373 hodie
576 2334 832 2388 respondere
864 2335 916 2375 ad
947 2335 1055 2386 haec,
1090 2350 1188 2391 quae
1217 2334 1331 2385 dico,
1353 2333 1572 2390 potueris;
1601 2332 1635 2374 si
1657 2333 1714 2379 ab

278 2387 361 2429 isto
381 2388 505 2438 libro,
519 2403 646 2444 quem
665 2390 744 2431 tibi
767 2391 972 2447 magister
990 2392 1093 2443 ludi,
1111 2392 1256 2434 nescio
1275 2392 1364 2447 qui,
1382 2405 1436 2432 ex
1455 2389 1604 2432 alienis
1620 2403 1716 2430 ora-

279 2444 469 2486 tionibus
491 2446 781 2502 compositum
804 2448 936 2499 dedit,
961 2451 1092 2490 verbo
1115 2464 1199 2490 uno
1222 2447 1492 2500 discesseris3
1523 2460 1649 2503 posse
1670 2454 1714 2486 te

275 2510 321 2541 'et
354 2502 411 2542 illi
443 2517 614 2558 quoque
635 2503 804 2558 judicio
834 2520 920 2546 non
962 2507 1123 2557 deesse,
1163 2515 1207 2546 et
1238 2520 1379 2546 causae
1408 2514 1537 2560 atque
1569 2502 1715 2545 officio

279 2567 356 2599 tuo
387 2560 632 2601 satisfacere
666 2562 935 2604 arbitrabor:
968 2563 1032 2603 sin
1062 2577 1246 2613 mecum,
1272 2563 1316 2603 in
1348 2561 1430 2603 hac
1454 2559 1715 2617 prolusione,

278 2614 387 2655 nihil
410 2615 564 2668 fueris3
595 2632 721 2672 quem
747 2628 788 2659 te
806 2620 850 2660 in
874 2620 966 2676 ipsa
988 2635 1148 2677 pugna,
1169 2634 1268 2661 cum
1289 2619 1496 2660 acerrimo
1518 2617 1715 2659 adversa-

278 2671 358 2723 rio,
381 2671 472 2713 fore
494 2678 720 2730 putemus?

272 2797 287 2814 κ
301 2810 304 2813 .
319 2786 358 2816 23
385 2785 558 2826 infirmare
584 2787 767 2828 conabitur]
805 2789 974 2830 Accipien-
1016 2791 1168 2820 videatur
1189 2799 1285 2830 saepe.
1305 2798 1383 2819 nam
1397 2792 1546 2824 conatus,
1569 2787 1626 2827 qui
1638 2796 1713 2828 pro·

274 2821 356 2862 {lum
376 2827 438 2858 hoc
453 2837 511 2868 per
532 2827 758 2868 pleonasmum
781 2831 920 2869 dictum,
936 2836 974 2862 ut
1017 2832 1084 2872 prie
1098 2832 1230 2870 dicitur,
1246 2841 1313 2862 non
1328 2830 1431 2862 defuit
1447 2829 1637 2861 Hortensio.
