1907 3231
351 134 426 170 693
933 135 1181 175 ORATIO

354 234 621 286 moderabor,
643 243 691 277 ut
722 238 1003 291 meminerim,
1038 255 1105 281 me
1138 249 1288 282 contra
1319 240 1445 283 amici
1478 240 1664 283 studium
1693 256 1771 297 pro

355 292 480 331 amici
506 293 692 346 periculo
712 295 866 336 dicere.

310 339 344 388 5
415 347 827 406 Intelligo,judices‚
849 362 930 392 tres
951 353 1082 395 totius
1099 354 1380 395 accusationis
1404 363 1541 410 partes
1564 354 1708 405 fuisse,
1728 361 1773 395 et

298 412 340 444 11
357 417 500 444 earum
523 421 649 446 unam
678 409 720 448 in
750 409 1076 463 reprehensione
1099 410 1213 459 vitae,
1235 411 1408 452 alteram
1433 412 1471 452 in
1496 411 1771 452 contentione

354 461 592 516 dignitatis,
627 465 790 504 tertiam
829 465 872 505 in
909 466 1160 506 criminibus
1199 468 1384 508 ambitus
1420 482 1511 509 esse
1549 477 1771 508 versatam.

353 516 497 573 Atque
519 519 664 560 harum
691 521 816 560 trium
840 522 1023 576 partium
1042 524 1177 577 prima
1198 523 1281 573 illa,
1303 539 1398 578 quae
1416 525 1666 580 gravissima
1681 538 1772 565 esse

309 574 550 627 b.debebat,
573 577 632 616 ita
653 576 735 616 fuit
758 577 926 618 infirma
943 589 986 619 et
1009 579 1126 629 levis,
1148 589 1195 619 ut
1216 580 1308 621 illos
1326 581 1392 621 lex
1416 582 1551 637 magis
1574 581 1772 636 quaedam

352 633 630 682 accusatoria,
656 635 832 688 l4quam
868 650 964 675 vera
996 636 1274 678 maledicendi
1310 636 1487 678 facultas
1519 639 1571 679 de
1601 638 1688 678 vita
1724 637 1771 678 L.

353 687 549 729 Murenae
573 689 713 730 dicere
741 691 898 745 aliquid
924 693 1132 747 coegerit.
1194 693 1381 748 Objecta
1413 704 1477 735 est
1508 695 1620 734 enim
1644 693 1770 736 Asia:

350 759 446 798 quae
475 746 528 786 ab
553 745 634 786 hoc
663 761 747 787 non
779 749 831 789 ad
855 748 1119 804 voluptatem
1152 758 1196 790 et
1230 751 1441 792 luxuriam
1475 751 1669 807 expetita
1693 760 1773 801 est,

352 801 421 840 sed
447 801 487 841 in
512 802 683 843 militari
707 804 850 846 labore
870 815 1106 862 peragrata.
1127 807 1198 861 qui
1218 808 1251 847 si
1273 807 1532 856 adolescens,
1555 817 1674 862 patre
1695 822 1772 848 suo

351 857 407 897 im
416 867 622 911 peratore,
645 875 729 901 non
747 862 993 914 meruisset3
1025 872 1098 904 aut
1114 863 1295 914 hostem,
1312 874 1385 904 aut
1399 864 1528 919 patris
1546 864 1772 919 imperium

351 914 558 965 timuisse,
580 926 654 956 aut
675 932 698 957 a
721 929 894 973 parente
926 920 1171 976 repudiatus
1196 922 1421 962 videretur.
1480 921 1565 972 An,
1587 935 1685 962 cum
1709 934 1773 960 se-

350 971 449 1011 dere
471 973 512 1012 in
537 974 657 1027 equis
679 975 1034 1031 triumphantium
1054 979 1299 1032 praetextati
1320 977 1588 1033 potissimum
1612 977 1686 1017 filii
1706 992 1775 1017 so-

350 1027 479 1078 leant,
503 1029 603 1069 huic
629 1031 751 1071 donis
774 1032 1028 1074 militaribus
1051 1035 1182 1088 patris
1206 1035 1468 1091 triumphum
1490 1035 1690 1075 decorare
1708 1033 1774 1074 fu-

354 1085 554 1140 giendum
579 1086 676 1138 fuit,
701 1091 736 1118 15
751 1098 797 1128 ut
812 1090 934 1129 rebus
951 1091 1235 1131 communiter
1251 1092 1381 1147 gestis
1395 1105 1518 1147 paene
1537 1090 1659 1131 simul
1674 1104 1773 1131 cum

294 1159 342 1193 12
356 1152 474 1196 patre
496 1143 800 1199 triumpharet?
833 1145 921 1187 Hic
943 1162 1056 1198 vero,
1072 1147 1257 1201 judices,
1278 1159 1322 1189 et
1343 1148 1426 1189 fuit
1446 1149 1488 1188 in
1511 1147 1629 1197 Asia,
1650 1156 1693 1187 et
1712 1147 1774 1187 vi-

355 1213 401 1238 ro
433 1199 680 1250 fortissimo,
707 1203 871 1256 parenti
902 1219 992 1254 suo,
1015 1219 1173 1260 magno
1206 1205 1455 1259 adjumento
1485 1205 1527 1245 in
1561 1203 1774 1259 periculis,

355 1255 505 1296 solatio
529 1257 569 1297 in
594 1257 824 1310 laboribus,
847 1261 1123 1315 gratulationi
1146 1262 1187 1301 in
1213 1263 1392 1303 victoria
1413 1262 1509 1302 fuit.
1551 1260 1620 1311 Et,
1642 1261 1675 1300 si
1700 1259 1774 1301 ha·

353 1313 426 1353 bet
447 1312 551 1354 Asia
583 1316 869 1370 suspicionem
902 1317 1083 1358 luxuriae
1106 1319 1343 1373 quandam3
1375 1333 1460 1359 non
1482 1317 1628 1359 Asiam
1652 1331 1776 1357 num-

352 1385 480 1424 quam
514 1371 682 1422 vidisse,
705 1373 775 1413 sed
810 1374 852 1414 in
883 1373 987 1414 Asia
1017 1376 1288 1416 continenter
1315 1376 1486 1425 vixisse,
1515 1374 1773 1415 laudandum

350 1436 429 1467 est.
491 1428 783 1474 Quamobrem
816 1445 900 1471 non
924 1430 1039 1472 Asia>
1073 1446 1228 1473 nomen
1252 1432 1546 1488 objiciendum
1576 1431 1774 1472 Murenae

351 1483 448 1533 fuit,
470 1499 522 1525 ex
545 1500 629 1539 qua
649 1486 737 1526 laus
761 1486 949 1538 familiae,
981 1489 1186 1529 memoria
1217 1490 1378 1544 generi,
1402 1489 1537 1529 honos
1568 1497 1611 1529 et
1637 1487 1776 1543 gloria

349 1541 513 1581 nomini
534 1543 769 1583 constituta
789 1554 876 1585 est:
910 1545 981 1585 sed
1014 1545 1185 1600 aliquod
1217 1556 1291 1586 aut
1322 1547 1365 1586 in
1387 1545 1493 1586 Asia
1513 1554 1775 1601 susceptum,

349 1612 423 1638 aut
445 1612 497 1638 ex
521 1598 624 1639 Asia
649 1600 684 1629 ¹6
697 1600 968 1656 deportatum
993 1602 1204 1657 flagitium
1229 1618 1279 1643 ac
1300 1603 1498 1643 dedecus.
1561 1601 1775 1642 Meruisse

349 1669 450 1695 vero
473 1656 686 1710 stipendia
707 1657 748 1696 in
771 1672 822 1697 eo
842 1658 966 1708 bello,
988 1659 1102 1712 quod
1126 1667 1217 1699 tum
1241 1659 1422 1714 populus
1447 1658 1667 1698 Romanus
1688 1672 1776 1700 non

349 1712 479 1752 modo
511 1713 762 1763 maximum,
785 1714 855 1754 secl
889 1715 1017 1755 etiam
1046 1716 1183 1756 solum
1216 1717 1406 1771 gerebat,
1429 1714 1622 1756 virtutis:
1654 1723 1775 1768 patre

350 1769 406 1809 im
417 1778 606 1824 peratore
628 1770 907 1811 libentissime
926 1772 1142 1822 meruisse,
1166 1772 1336 1827 pietatis
1354 1789 1363 1813 ε
1397 1772 1525 1812 finem
1540 1770 1776 1826 stipendio-

350 1839 459 1875 rum,
483 1826 614 1880 patris
645 1827 867 1868 victoriam
891 1843 939 1869 ac
974 1829 1237 1884 triumphum
1271 1828 1416 1879 fuisse,
1437 1828 1654 1869 felicitatis
1677 1827 1774 1868 fuit.

354 1882 580 1923 maledieto
601 1884 773 1938 quidem
796 1885 956 1925 idcirco
978 1886 1083 1926 nihil
1106 1886 1149 1926 in
1172 1886 1288 1926 hisce
1309 1887 1434 1927 rebus
1456 1885 1538 1926 loci
1559 1895 1637 1935 est,
1659 1884 1775 1939 quod

307 1933 499 1987 Gomnia
535 1940 624 1980 laus
663 1943 905 1996 occupavit.
965 1942 1219 1983 Saltatorem
1253 1943 1439 1999 appellat
1472 1941 1520 1982 L.
1543 1941 1774 1982 Murenam

294 2011 340 2043 13
356 1995 481 2043 Cato.
542 1996 825 2039 Maledictum
849 2009 926 2048 est,
949 2000 982 2040 si
1006 2014 1100 2040 vere
1123 2000 1341 2054 objicitur,
1364 1998 1628 2039 vehementis
1649 2012 1776 2039 accu-

353 2054 528 2095 satoris:
561 2055 624 2094 sin
654 2055 774 2105 falso,
797 2055 992 2096 maledici
1022 2056 1338 2097 conviciatoris.
1400 2056 1545 2104 Quare
1573 2069 1670 2095 cum
1694 2054 1777 2095 ista

352 2110 407 2150 sis
437 2112 707 2162 auctoritate,
740 2127 825 2153 non
859 2113 1002 2163 debes,
1039 2113 1103 2153 M.
1129 2113 1254 2164 Cato,
1286 2113 1470 2167 arripere
1499 2111 1775 2152 maledictum

350 2181 403 2208 ex
437 2168 577 2218 trivio,
611 2178 685 2209 aut
720 2171 819 2209 lTex
853 2184 1091 2210 scurrarum
1127 2170 1269 2224 aliquo
1297 2169 1513 2219 convivio,
1543 2182 1681 2223 neque
1713 2177 1775 2208 te-

219 2225 464 2265 P·¹2'T-1ne1·e
485 2226 700 2266 consulem
726 2226 871 2281 populi
897 2226 1081 2267 Romani
1105 2227 1349 2267 saltatorem
1372 2239 1548 2267 vocare:
1582 2225 1653 2265 sed
1671 2239 1775 2265 con-

307 2276 335 2296 a.
350 2281 527 2337 spicere,
546 2283 700 2339 quibus
722 2292 926 2339 praeterea
945 2284 1057 2324 vitiis
1074 2284 1277 2328 affectum
1295 2297 1386 2325 esse
1401 2296 1573 2323 necesse
1592 2281 1646 2322 sit
1661 2296 1774 2332 eum,

393 2414 429 2441 14
452 2421 548 2451 quam
576 2423 653 2442 vera
681 2423 724 2444 m.
752 2413 783 2442 d.
799 2412 852 2453 f.]
887 2413 983 2452 Quod
1004 2414 1037 2444 in
1079 2413 1161 2444 disse
1177 2414 1293 2453 reperi,
1319 2415 1521 2452 repugnante
1535 2411 1704 2457 Gruter-03.
1719 2410 1774 2449 qui
1796 2428 1801 2429 ν

345 2460 479 2493 promtu
502 2454 702 2491 habuissent,
725 2465 796 2494 qua’
821 2466 893 2485 vere
915 2456 1037 2496 potuis·
1079 2460 1191 2486 tamen
1217 2456 1395 2484 convicium
1422 2463 1488 2483 non
1514 2454 1594 2483 bene
1623 2452 1775 2492 explicat.

346 2501 419 2526 sent
434 2497 795 2537 exprobrare.facnltas
809 2502 859 2527 est
874 2497 1039 2538 utfacul-
1080 2498 1196 2537 Aliquo
1211 2497 1339 2536 quidem
1355 2497 1388 2525 in
1403 2496 1536 2534 vulgata
1557 2494 1783 2542 lectionesa-¹

346 2540 554 2577 taspecunia‘
565 2543 598 2568 et
613 2539 742 2569 similia.
758 2550 786 2568 v.
803 2540 892 2570 Clav.
906 2547 941 2577 et
956 2541 1042 2570 male
1082 2544 1146 2579 get.
1171 2540 1393 2579 Opponuntur
1415 2537 1599 2571 maledicta,
1614 2545 1687 2575 quae
1705 2545 1776 2575 ipsa

347 2579 451 2609 dicere
469 2581 568 2610 etiam
584 2581 716 2616 dicitur,
732 2592 805 2612 cum
823 2592 897 2612 vera
917 2583 1042 2621 flagitia
1083 2587 1160 2612 sunt
1188 2581 1332 2611 convicia
1359 2580 1480 2620 partim
1506 2589 1545 2608 ex
1569 2588 1631 2608 usu
1659 2578 1774 2618 plebis,

345 2621 556 2661 objiciuntur.
573 2633 601 2652 v.
617 2635 644 2653 c.
660 2624 689 2653 6.
704 2625 775 2654 im't.
1080 2625 1200 2664 partim
1223 2633 1262 2652 ex
1284 2632 1343 2652 usu
1367 2630 1568 2651 scurrarumt
1592 2620 1649 2650 illa
1664 2620 1704 2668 ari
1718 2619 1776 2650 fla-

393 2666 427 2693 15
449 2670 487 2693 ut
510 2665 602 2695 rebus
622 2666 751 2705 comm]
769 2671 807 2696 ut
821 2666 940 2706 pendet
954 2676 973 2696 a
987 2665 1038 2695 de·
1080 2666 1161 2704 gitia
1183 2665 1293 2703 gravia
1315 2665 1494 2704 pertinent,
1517 2662 1586 2692 haec
1609 2662 1649 2693 ad
1670 2661 1774 2692 riden-

344 2715 467 2736 corare.
1081 2707 1157 2737 dum
1182 2708 1284 2746 magis
1307 2707 1483 2747 pertinent.
1530 2704 1616 2734 Hinc
1639 2709 1674 2734 et
1696 2712 1775 2733 con·

390 2749 427 2777 16
441 2749 839 2790 deportatumflagitium]
857 2750 918 2780 int.
934 2760 1037 2780 mere·
1079 2749 1236 2779 cinnitas:
1261 2748 1433 2778 maledieta
1446 2756 1462 2776 e
1476 2747 1571 2776 trivio
1591 2750 1625 2775 et
1639 2756 1656 2776 e
1669 2745 1776 2775 convi-

342 2790 458 2819 tricem
475 2794 533 2820 aut
548 2799 595 2819 res
610 2791 699 2821 furto
717 2791 851 2822 ablatas.
1079 2793 1138 2820 vio.
1183 2791 1260 2820 Non
1269 2792 1340 2830 jam
1356 2789 1482 2824 dubito,
1498 2798 1605 2818 veram
1622 2797 1689 2818 oese
1703 2796 1777 2818 cor-

390 2835 424 2865 17
446 2842 485 2862 ex
498 2842 539 2862 sc.
557 2833 664 2872 aliquo
678 2834 829 2873 convicio]
851 2834 1038 2873 Suspicatus
1080 2833 1270 2863 rectionem·
1313 2832 1366 2863 Sic
1385 2831 1449 2865 Off.
1464 2831 1493 2868 1,
1505 2833 1557 2862 40.
1569 2830 1658 2860 dicta
1669 2829 1776 2863 convi-

342 2883 414 2905 sum
429 2876 586 2905 convivio:
609 2882 682 2916 post
697 2878 742 2906 sic
756 2874 957 2907 Lambinum
972 2875 1038 2906 edi·
1080 2876 1135 2905 vii.
