1907 3231
632 144 636 147 ·
673 122 1041 163 DIVINATIO.
1515 126 1566 163 95

143 232 312 276 Deinde
332 238 622 274 accusatorem
648 228 819 270 firmum
846 241 1078 282 verumque
1098 239 1188 266 esse
1209 233 1393 282 oportet.
1452 224 1563 266 Eum
1576 229 1646 265 ‘29'’

140 306 223 347 ego
245 291 280 331 si
302 298 343 331 te
364 297 511 344 putem
533 300 688 342 cupere
708 301 812 337 esse,
832 285 956 326 facile
977 282 1186 339 intelligo,
1207 297 1297 323 esse
1318 297 1404 323 non
1426 280 1608 338 posse.b·

142 349 236 390 Nec
264 361 314 388 ea
339 345 452 396 dico,
481 358 593 399 quae,
626 344 661 384 si
693 344 849 393 dicam,
880 353 1023 383 tamen
1054 341 1271 381 infirmare
1298 355 1384 380 non
1411 341 1568 395 possis:

140 414 198 456 te,
225 412 453 457 antequam
481 402 534 442 de
563 400 710 442 Sicilia
736 399 980 450 decesseris,
1002 399 1046 439 in
1076 397 1259 454 gratiam
1288 398 1445 438 redisse
1472 412 1572 438 cnm

142 462 296 503 Verre:
330 459 629 508 Potamonem,
646 457 844 507 scribam,
863 466 907 497 et
927 455 1179 496 familiarem
1201 464 1338 505 tuum,
1361 465 1574 495 retentum

141 533 232 559 esse
252 532 278 558 a
297 516 429 558 Verre
452 516 493 556 in
517 515 753 571 provincia,
770 529 869 555 cum
891 523 937 554 tu
959 513 1204 554 decederes:
1237 511 1305 552 M.
1333 511 1574 561 Caecilium,

145 576 320 616 fratrem
349 582 486 624 tuum,
516 572 795 613 lectissimum
828 580 956 626 atque
983 569 1301 611 ornatissimum
1331 569 1575 610 adolescen-

146 643 249 682 tem,
273 645 359 671 non
388 630 519 670 modo
541 644 627 670 non
656 630 815 679 adesse,
837 643 976 683 neque
1000 636 1143 668 tecum
1167 638 1259 666 tuas
1282 627 1458 682 injurias
1481 641 1576 683 per-

149 689 296 744 sequi3
328 687 401 728 sed
430 701 520 727 esse
548 701 647 727 cum
672 686 831 727 Verre:
863 700 961 726 cum
989 685 1060 725 illo
1091 683 1420 725 familiarissime
1447 695 1577 740 atque

145 745 402 787 amicissime
430 744 586 785 vivere.
647 744 758 784 Sunt
782 743 878 783 haec
902 752 945 783 et
968 742 1050 782 alia
1071 743 1114 782 in
1138 751 1179 781 te
1200 741 1293 781 falsi
1317 743 1575 783 accusatoris

147 803 272 859 signa
291 801 522 859 permulta:
555 801 711 856 quibus
729 815 810 856 ego
832 814 946 840 nunc
968 814 1054 839 non
1077 808 1194 839 utor:
1228 798 1310 839 hoc
1332 800 1444 850 dico,
1461 810 1517 850 te,
1541 800 1576 840 si

145 860 335 901 maxime
362 859 525 915 cupias,
549 870 689 898 tamen
712 871 859 898 verum
886 865 1178 898 accusatorem
1202 870 1292 896 esse
1319 871 1406 897 non
1437 871 1576 912 posse.

147 917 285 958 Video
321 916 435 956 enim
471 914 681 972 permulta
712 928 802 955 esse
835 914 1029 964 erimina,
1061 928 1243 968 quorum
1280 913 1358 954 tibi
1396 914 1641 959 societassso

147 989 247 1016 cum
275 973 406 1014 Verre
434 972 646 1028 ejusmodi
674 981 752 1022 est,
776 981 823 1011 ut
852 986 901 1012 ea
923 971 966 1011 in
988 971 1228 1011 accusando
1257 971 1469 1026 attingere
1490 987 1576 1012 non

148 1032 318 1072 audeas.
378 1029 584 1076 Queritur
620 1029 767 1070 Sicilia
797 1039 903 1080 tota,
941 1028 993 1069 C.
1028 1028 1202 1068 Verrem
1235 1028 1288 1068 ab
1324 1029 1577 1080 aratoribus,
1596 1032 1663 1080 10

148 1103 248 1129 cum
277 1088 540 1128 frumentum
569 1086 650 1127 sibi
683 1086 727 1126 in
755 1086 905 1128 cellam
939 1085 1246 1141 imperavisset,
1271 1094 1313 1126 et
1342 1101 1440 1127 cum
1468 1096 1580 1127 esset

152 1145 190 1175 16
206 1145 338 1185 tritici
360 1144 527 1185 modius
551 1143 665 1184 H-S.
691 1142 751 1195 II,
774 1159 851 1200 pro
874 1143 1104 1193 frumento,
1123 1142 1164 1183 in
1184 1142 1350 1183 modios
1373 1143 1581 1200 singulos,

148 1202 369 1244 duodenos
392 1201 609 1242 sestertios
631 1202 842 1258 exegisse.
903 1200 1118 1256 Magnum
1139 1201 1316 1250 crimen,
1333 1201 1484 1256 ingens
1507 1216 1582 1258 pe·
1632 1252 1635 1253 ⁷

150 1259 293 1310 cunia,
315 1258 477 1300 furtum
500 1258 740 1314 impudens,
761 1257 920 1312 injuria
939 1272 1025 1298 11011
1049 1256 1236 1298 ferenda.
1274 1256 1368 1313 Ego
1392 1258 1472 1299 hoc
1495 1273 1581 1300 uno

152 1311 332 1357 crimine
353 1316 471 1356 illum
493 1315 776 1356 condemnem
797 1329 969 1355 necesse
991 1322 1054 1354 est
1072 1332 1081 1355 z
1115 1323 1176 1365 tu,
1201 1314 1364 1365 Caecili,
1387 1316 1490 1369 quid
1521 1316 1643 1358 fa-31

152 1374 268 1415 cies?
299 1373 456 1415 Utrum
478 1372 561 1413 hoc
584 1380 752 1413 tantum
776 1373 937 1413 crimen
962 1372 1280 1428 praetermittes,
1303 1387 1356 1412 an
1379 1373 1585 1429 objicies?

155 1431 201 1471 Si
223 1430 418 1485 objicies,
440 1429 539 1470 idne
560 1429 680 1470 alteri
708 1429 877 1470 crimini
900 1430 1035 1479 dabis,
1059 1429 1174 1484 quod
1201 1429 1351 1470 eodem
1381 1438 1589 1487 tempore,

154 1487 199 1528 in
229 1487 378 1528 eadem
409 1486 647 1543 provincia,
671 1496 717 1527 tu
748 1487 839 1543 ipse
866 1486 1038 1528 fecisti?
1089 1485 1281 1528 Audebis
1304 1487 1363 1527 ita
1390 1503 1592 1529 accusare

154 1544 349 1595 alterum,
372 1554 434 1595 ut,
456 1558 541 1599 quo
564 1544 705 1584 minus
726 1553 819 1585 tute
845 1544 1144 1595 condemnere,
1167 1559 1360 1586 recusare
1382 1560 1469 1586 non
1492 1560 1592 1602 pos-

155 1602 240 1644 sis?
272 1601 348 1642 Sin
379 1601 711 1657 praeterinitte53
743 1601 878 1657 qualis
907 1601 987 1642 erit
1016 1602 1098 1642 ista
1120 1611 1194 1642 tua
1221 1603 1454 1653 accusatio,
1476 1618 1590 1658 quae,

155 1658 381 1701 domestici
409 1658 587 1715 periculi
613 1668 746 1710 metu,
768 1659 994 1700 certissimi
1017 1668 1060 1699 et
1083 1659 1262 1700 maximi
1284 1660 1474 1702 criminis
1501 1676 1589 1702 non

156 1716 286 1758 modo
320 1716 622 1772 suspicionem,
652 1730 800 1758 verum
833 1717 964 1757 etiam
995 1716 1261 1758 mentionem
1289 1717 1425 1773 ipsam
1458 1719 1656 1775 perti-3⁶3⁴

157 1775 350 1815 mescat?
383 1772 590 1830 Emptum
612 1782 676 1815 est
697 1788 751 1814 ex
775 1774 818 1815 S.
843 1773 894 1814 C.
923 1774 1186 1815 frumentum
1211 1776 1264 1816 ab
1289 1775 1457 1827 Siculis,
1479 1791 1590 1832 prae—

160 1841 251 1872 tore
278 1830 438 1872 Verre:
473 1845 549 1886 pro
583 1846 668 1886 quo
703 1830 921 1872 frumento
952 1831 1134 1887 pecunia
1163 1832 1302 1873 omnis
1332 1832 1470 1874 soluta
1502 1849 1591 1875 non

159 1898 237 1930 est.
299 1887 442 1928 Grave
462 1898 526 1928 est
551 1887 633 1929 hoc
660 1888 821 1929 crimen
844 1890 887 1929 in
913 1889 1114 1930 Verrem:
1147 1905 1292 1946 grave,
1313 1905 1382 1931 me
1407 1900 1590 1947 agente:

162 1956 203 1987 te
232 1955 474 1996 accusante,
508 1945 686 1986 nullum.
747 1944 852 1986 Eras
883 1947 997 1987 enim
1031 1955 1077 1986 tu
1109 1947 1591 2004 quaestoi'2'pecunia1n

160 2003 379 2060 publicam
402 2011 448 2042 tu
471 2004 684 2044 tractabas
703 2019 712 2044 :
743 2018 798 2044 ex
821 2019 919 2058 qua,
942 2004 1109 2045 etiamsi
1131 2014 1308 2061 cuperet
1333 2016 1507 2061 praetor,
1529 2016 1592 2047 ta·
1604 2010 1634 2040 P·
1649 2002 1701 2031 ⁶0·

161 2075 260 2102 men
289 2074 342 2100 ne
372 2075 456 2115 qua
484 2059 686 2101 deductio
715 2059 850 2114 fieret,
880 2076 1038 2118 magna
1066 2076 1119 2102 ex
1150 2072 1270 2118 parte
1303 2072 1376 2103 tua
1405 2054 1635 2118 potestasa’

161 2128 267 2159 erat.
329 2116 475 2173 Hujus
503 2132 675 2173 quoque
705 2117 837 2174 igitur
860 2119 1067 2170 criminis,
1091 2129 1132 2160 te
1160 2130 1404 2172 accusante,
1433 2121 1596 2161 mentio

162 2175 280 2216 nulla
307 2174 395 2215 fiet.
456 2174 661 2216 Silebitur
688 2184 781 2216 toto
806 2175 975 2230 judicio
1001 2177 1054 2218 de
1074 2177 1276 2218 maximis
1299 2188 1341 2219 et
1362 2178 1598 2220 notissimis

164 2232 276 2275 illius
304 2232 429 2274 furtis
456 2242 500 2273 et
523 2232 705 2289 injuriis.
766 2232 883 2273 Mihi
913 2234 1053 2285 crede,
1077 2233 1242 2285 Caecili,
1265 2250 1352 2276 non
1380 2244 1524 2291 potest
1554 2236 1599 2278 in

164 2290 406 2332 accusando
435 2289 574 2331 socios
602 2303 700 2331 vere
729 2289 956 2332 defendere
986 2291 1036 2342 is,
1058 2291 1131 2346 qui
1155 2307 1253 2332 cum
1276 2308 1346 2334 reo
1368 2293 1598 2334 criminum

165 2347 371 2389 societate
399 2347 657 2403 conjunctus
686 2357 764 2388 est.
826 2347 1054 2405 Mancipes
1083 2364 1108 2389 a
1134 2348 1383 2390 civitatibus
1410 2365 1487 2406 pro
1509 2351 1658 2398 fru-33

111 2441 118 2446 .
165 2414 313 2447 mento
349 2405 576 2461 pecuniam
611 2414 863 2461 exegerunt.
924 2406 1070 2452 Quid?
1115 2406 1213 2457 hoc,
1249 2407 1381 2448 Verre
1414 2421 1600 2464 praetore

166 2462 331 2505 factum
355 2473 420 2503 est
441 2462 604 2505 solum?
635 2477 743 2503 non:
773 2463 845 2503 sed
866 2463 997 2504 etiam
1017 2472 1232 2518 quaestore
1256 2464 1449 2506 Caecilio.
1483 2466 1602 2513 Quid

168 2521 331 2576 igitur?
362 2520 537 2561 daturus
560 2534 603 2561 es
626 2519 726 2561 huic
750 2520 934 2570 crimini,
957 2521 1072 2575 quod
1095 2529 1138 2561 et
1160 2522 1340 2576 potuisti
1363 2523 1607 2578 prohibere,

168 2592 222 2618 ne
244 2578 378 2629 fieret,
400 2586 444 2618 et
464 2577 679 2620 debuisti?
710 2593 764 2618 an
795 2586 936 2618 totum
960 2578 1001 2618 id
1034 2577 1268 2633 relinques?
1302 2578 1418 2636 Ergo
1448 2580 1491 2621 id
1514 2595 1609 2621 om-

169 2635 272 2676 nino
302 2634 454 2676 Verres
477 2634 520 2675 in
545 2635 715 2690 judicio
739 2650 814 2676 suo
838 2649 924 2676 non
957 2635 1117 2686 audiet,
1139 2637 1254 2690 quod
1276 2651 1375 2678 cum
1405 2637 1606 2689 faciebat,

215 2791 253 2822 16
278 2795 320 2821 tr.
335 2801 378 2821 m.
393 2790 482 2822 H-S.
498 2791 562 2830 ῙῙ.]
591 2790 652 2821 Ed.
667 2800 692 2821 s.
705 2790 728 2821 l.
744 2796 778 2822 et
791 2802 820 2822 a.
835 2797 870 2823 et
913 2801 951 2822 us
962 2791 1052 2823 dedit
1064 2796 1151 2823 recte
1166 2792 1247 2824 H-S.
1261 2793 1305 2825 11.
1321 2794 1374 2827 Sic
1386 2798 1434 2826 est
1450 2797 1483 2825 et
1499 2794 1531 2824 in
1545 2793 1609 2824 ΜΞ,

169 2843 256 2872 seqq.
271 2834 370 2864 etiam
386 2834 562 2871 Victorius,
573 2833 662 2864 H—S.
678 2833 716 2863 V.
729 2834 824 2864 male.
835 2842 866 2865 v.
910 2835 973 2866 Gu.
1001 2835 1071 2866 Pro
1074 2834 1130 2874 fr.
1147 2835 1331 2868 deleverim.

171 2875 209 2906 L.
226 2875 287 2908 111.
304 2876 337 2906 in
353 2875 444 2907 Verr.
459 2886 484 2906 c.
502 2879 550 2907 81.
567 2875 653 2907 unde
668 2876 704 2907 P.
718 2877 867 2908 Manuti-
