1907 3231
570 114 688 154 PRO
713 116 760 154 A.
788 112 1110 153 CLUENTIO.
1139 174 1142 175 γ
1487 114 1566 151 519

121 220 351 268 inimicum
374 234 498 262 suum
531 219 820 271 innocentem,
852 217 1040 260 Statium
1073 215 1267 268 Albium,
1300 215 1561 262 condemna.

123 288 203 323 ret.
264 278 518 329 Ostendam,
556 277 742 332 judices,
793 277 994 333 primum,
1038 273 1244 329 qnoniam
1279 284 1410 330 caput
1447 273 1561 314 illius

123 336 364 379 atrocitatis
385 345 514 391 atque
543 335 718 377 invidiae
742 334 839 386 fuit,
870 335 1144 376 innocentem
1173 331 1356 385 pecunia
1377 331 1560 372 circum-

121 402 318 446 ventum,
338 393 553 435 neminem
578 408 778 448 umquam
801 391 1038 448 1naj0ribus
1060 388 1328 439 criminibus,
1350 388 1560 443 graviori-

121 451 202 493 bus
238 451 418 492 testibus
453 464 545 491 esse
578 450 619 492 in
641 450 857 505 judicium
891 457 1120 498 vocatum;
1150 444 1305 486 deinde
1335 460 1386 485 ea
1420 445 1473 485 de
1506 459 1558 485 eo

118 508 375 565 praejudicia
391 522 482 549 esse
501 507 618 550 facta
635 509 689 550 ab
704 508 807 563 ipsis
822 506 1062 562 judicibus,
1084 519 1108 545 a
1125 503 1281 559 quibus
1299 502 1561 544 condemna-

117 576 188 617 tus
210 575 289 616 est,
311 575 360 606 ut
381 580 468 606 non
490 566 621 608 modo
644 566 698 606 ab
720 564 888 615 iisdem,
908 563 979 604 sed
1000 577 1053 604 ne
1071 561 1125 602 ab
1139 561 1231 603 aliis
1254 559 1429 616 quidem
1449 558 1559 610 ullis,

115 619 295 664 absolvi
316 622 402 664 ullo
437 623 567 670 modo
604 631 763 678 posset.
826 621 939 664 Cum
969 621 1065 662 haec
1093 619 1297 668 docuero,
1329 627 1422 658 tum
1455 615 1559 657 illud

112 680 357 731 ⁴ostendam,
388 680 505 736 quod
543 681 733 722 maxime
771 679 928 734 requiri
964 677 1175 732 intelligo,
1198 675 1418 731 judicium
1454 673 1560 715 illud

117 738 302 793 pecunia
322 753 414 780 esse
443 746 672 788 tentatum,
703 752 790 778 non
823 751 848 777 a
880 735 1099 784 Cluentio,
1130 733 1202 774 sed
1225 742 1379 777 contra
1400 732 1560 774 Cluen-

118 795 249 837 tium:
281 794 539 850 faciamque,
570 804 620 837 ut
658 793 925 848 intelligatis,
963 792 1005 832 in
1043 800 1136 832 tota
1175 790 1246 830 illa
1286 805 1416 831 causa
1454 789 1559 845 quid

117 867 183 895 res
225 853 320 910 ipsa
355 852 515 904 tulerit,
546 852 650 909 quid
685 865 802 892 error
841 847 1074 900 affinxerit,
1111 847 1214 903 quid
1250 846 1415 888 invidia
1455 862 1560 889 con-

117 908 247 952 flarit.

176 967 373 1010 Primum
393 968 527 1024 igitur
548 965 652 1008 illud
673 973 752 1016 est,
782 979 838 1006 ex
860 979 946 1020 quo
970 962 1151 1020 intelligi
1177 962 1328 1019 possit,
1358 961 1556 1004 debuisse
1571 967 1620 1001 lo

118 1024 370 1067 Cluentium
411 1037 674 1080 magnopere
705 1037 846 1063 causae
884 1021 1115 1073 confidere,
1156 1021 1272 1077 quod
1308 1020 1559 1062 certissimis

115 1082 371 1124 criminibus
405 1092 449 1124 et
485 1083 668 1123 testibus
699 1079 832 1122 fretus
866 1079 920 1120 ad
954 1079 1244 1120 accusandum
1276 1077 1560 1119 descenderit.
1602 1096 1603 1100 ¹

117 1138 221 1182 Hoc
252 1139 348 1181 loco
381 1139 629 1181 faciendum
660 1137 784 1189 mihi,
809 1136 996 1192 judices,
1025 1145 1105 1187 est,
1135 1146 1184 1178 ut
1215 1135 1340 1178 vobis
1373 1135 1561 1177 breviter

115 1196 203 1249 illa,
218 1197 376 1253 quibus
397 1195 552 1239 Albius
568 1196 880 1238 condemnatus
901 1203 979 1245 est,
1000 1193 1183 1235 crimina
1203 1207 1436 1249 exponam.
1466 1192 1560 1235 Abs

114 1262 159 1295 te
181 1264 298 1311 peto,
322 1254 581 1311 Oppianice,
602 1262 651 1295 ut
672 1267 740 1294 me
762 1252 946 1294 invitum
964 1251 1016 1292 de
1037 1252 1170 1307 patris
1189 1251 1251 1292 tui
1272 1265 1401 1292 causa
1418 1250 1561 1292 dicere

114 1313 354 1364 existimes,
373 1312 608 1354 adductum
632 1311 716 1352 fide
737 1318 868 1365 atque
889 1309 1044 1350 officio
1057 1308 1336 1350 defensionis.
1385 1307 1559 1350 Etenim

117 1370 199 1410 tibi
222 1370 256 1410 si
279 1369 323 1412 in
357 1369 588 1426 praesentia
619 1366 864 1409 satisfacere
895 1381 983 1407 non
1012 1375 1209 1422 potuero,
1232 1375 1376 1407 tamen
1410 1365 1558 1408 multae

115 1427 223 1469 mihi
246 1427 299 1468 ad
329 1425 679 1469 satisfaciendum
712 1423 878 1480 reliquo
908 1433 1103 1479 tempore
1136 1423 1361 1466 facultates
1393 1423 1560 1464 dabun-

116 1494 211 1528 tur:
246 1484 449 1526 Cluentio
469 1483 553 1525 nisi
575 1497 690 1524 nunc
711 1480 976 1531 satisfecero,
998 1490 1148 1536 postea
1165 1481 1273 1522 mihi
1293 1480 1561 1522 satisfacien-

114 1541 159 1584 di
183 1550 372 1597 potestas
395 1556 482 1583 non
504 1540 600 1581 erit.
661 1538 798 1581 Simul
831 1547 876 1580 et
908 1537 1012 1579 illud
1046 1538 1141 1593 quis
1164 1547 1242 1590 est,
1265 1538 1340 1594 qui
1362 1538 1561 1579 dubitare

112 1599 286 1650 debeat,
316 1608 468 1640 contra
506 1598 757 1640 damnatum
798 1605 843 1637 et
881 1605 1118 1646 mortuum,
1150 1611 1228 1652 pro
1268 1595 1474 1637 incolumi
1517 1604 1561 1636 et

114 1657 217 1698 vivo
238 1656 405 1700 dicere:
438 1670 537 1698 cum
559 1655 635 1707 illi,
657 1655 701 1696 in
724 1668 852 1710 quem
865 1653 1038 1705 dicitur,
1054 1653 1276 1694 damnatio
1290 1667 1418 1695 omne
1435 1653 1561 1708 igno-

116 1714 264 1756 miniae
298 1714 536 1771 periculum
558 1712 654 1768 jam
685 1711 924 1762 abstulerit,
946 1725 1060 1752 mors
1080 1725 1183 1752 vero
1207 1711 1338 1752 etiam
1371 1710 1560 1753 doloris?

116 1771 220 1814 huic
239 1782 399 1822 autem,
430 1786 508 1827 pro
531 1784 617 1825 quo
639 1769 812 1820 dicitur,
842 1768 951 1810 nihil
984 1767 1122 1824 possit
1154 1768 1405 1810 offensionis
1437 1783 1560 1809 acce·

114 1830 216 1871 dere
237 1829 328 1870 sine
349 1829 626 1870 acerbissimo
647 1826 780 1868 animi
802 1840 927 1867 sensu
956 1841 1006 1867 ac
1027 1825 1188 1876 dolore,
1211 1836 1254 1866 et
1277 1826 1367 1866 sine
1389 1840 1557 1867 summo
1571 1844 1602 1874 p.
1616 1836 1668 1866 20.

117 1887 327 1928 dedecore
355 1887 456 1928 vitae
488 1901 538 1926 ac
568 1884 861 1940 turpitudine?
891 1882 1052 1938 Atque,
1085 1893 1132 1924 ut
1162 1883 1428 1939 intelligatiS,
1452 1883 1556 1925 Clu·
1569 1888 1597 1908 ἢ·

114 1945 283 1986 entium
312 1959 399 1985 non
420 1943 687 1985 accusatorio
709 1942 868 1993 animo,
890 1956 977 1982 non
999 1941 1290 1982 ostentatione
1311 1941 1455 1996 aliqua
1483 1950 1558 1982 aut

115 2002 255 2059 gloria
275 2002 525 2052 adductum,
554 2000 626 2044 sed
657 1999 831 2042 nefariis
862 1998 1046 2055 injuriis,
1077 1999 1342 2054 quotidianis
1375 1999 1559 2051 insidiis,

117 2060 343 2116 proposito
373 2067 473 2100 ante
503 2057 649 2099 oculos
671 2057 772 2098 vitae
799 2056 1007 2113 periculo,
1037 2071 1193 2097 nomen
1218 2056 1454 2112 Oppianici
1486 2056 1561 2097 de-

117 2116 280 2169 tulisse,
293 2116 437 2174 paullo
458 2115 629 2172 longius
650 2114 877 2158 exordium
900 2114 959 2157 rei
973 2113 1319 2155 deinonstranclae
1341 2123 1559 2170 repetam:

114 2175 232 2229 quod
254 2188 417 2231 quaeso,
431 2173 619 2228 judiceS,
640 2187 694 2214 ne
716 2172 894 2214 moleste
913 2171 1154 2228 patiamini.
1187 2170 1420 2227 Principiis
1441 2171 1559 2213 enim

115 2233 323 2289 cognitiS,
353 2231 490 2273 multo
513 2230 682 2272 facilius
703 2237 898 2271 extrema
919 2228 1186 2285 intelligetis.

174 2289 230 2332 A.
261 2289 487 2331 Cluentius
515 2287 671 2330 Avitus
701 2286 798 2339 fuit,
829 2295 951 2343 pater
983 2285 1180 2342 hujusce,
1203 2285 1391 2342 judiceS,
1420 2285 1601 2336 homo5

115 2362 205 2389 non
235 2347 375 2389 solum
396 2345 622 2401 municipii
649 2345 877 2395 Larinatis,
907 2359 962 2386 ex
986 2358 1072 2399 quo
1106 2352 1212 2394 erat,
1243 2344 1316 2384 sed
1338 2344 1467 2384 etiam
1491 2358 1556 2384 re-

118 2405 262 2461 gionis
283 2405 396 2446 illius
417 2415 461 2447 et
483 2402 734 2453 vicinitatis,
765 2402 938 2453 virtute,
969 2401 1307 2451 existimatione,
1329 2400 1558 2442 nobilitate

118 2462 245 2504 facile
266 2463 481 2527 princeps.
543 2459 586 2501 Is
607 2474 706 2508 cum
739 2467 850 2500 esset
880 2467 1091 2510 mortuus,
1124 2458 1241 2499 Sulla
1273 2467 1316 2498 et
1347 2457 1559 2514 Pompeio

116 2519 382 2571 consuhbus,
412 2518 586 2574 reliquit
618 2517 733 2559 hunc
751 2531 885 2557 annos
909 2531 973 2557 xv
997 2525 1163 2567 natum,
1185 2515 1391 2571 grandem
1413 2526 1560 2557 autem

119 2585 164 2618 et
185 2577 376 2618 nubilem
396 2576 549 2618 filiam:
582 2590 679 2631 quae
709 2574 829 2615 brevi
863 2582 1057 2631 tempore
1089 2582 1188 2629 post
1221 2573 1354 2628 patris
1375 2583 1558 2614 mortem

118 2633 268 2690 nupsit
288 2633 344 2675 A.
362 2633 498 2675 Aurio
521 2633 705 2683 Melino,
724 2630 985 2672 consobrino
1008 2645 1100 2682 suo,
1122 2629 1383 2671 adolescenti
1407 2630 1450 2671 in
1471 2631 1558 2686 pri-

118 2692 217 2741 mis,
236 2700 284 2732 ut
302 2701 392 2744 tum
412 2691 666 2741 habebatur,
689 2689 799 2730 inter
815 2703 913 2729 suos
929 2697 972 2729 et
989 2688 1172 2729 honesto
1195 2696 1238 2728 et
1257 2687 1410 2728 nobili.
1443 2686 1553 2728 Cum
1570 2697 1617 2734 12

118 2757 262 2790 essent
282 2748 350 2790 hae
367 2750 532 2805 nuptiae
552 2748 690 2804 plenae
706 2745 948 2802 dignitatiS,
967 2745 1104 2802 plenae
1123 2745 1384 2796 concordiae,
1406 2759 1555 2801 repen-

119 2815 164 2848 te
185 2814 250 2849 est
270 2815 423 2849 exorta
443 2805 632 2850 mulieris
660 2805 921 2902 importunae
948 2802 1112 2846 nefaria
1139 2802 1290 2856 libido,
1310 2817 1396 2847 non
1419 2803 1558 2846 solum

787 2874 812 2903 L
869 2867 895 2903 4
