1907 3231
548 116 666 154 PRO
688 109 743 154 c.
778 115 1048 155 RABIRIO.
1455 114 1534 163 637

95 221 163 264 cia
180 221 250 263 lex
272 222 412 278 virgas
435 221 489 262 ab
509 220 700 261 omnium
722 221 881 263 civium
903 221 1200 263 Romanorum
1220 238 1401 281 corpore
1418 238 1538 265 amo-

99 281 185 322 vit:
218 280 289 321 hic
320 279 560 320 misericors
584 278 755 334 flagella
787 280 944 321 retulit.
984 278 1164 320 vPorcia
1193 280 1261 321 lex
1293 283 1538 323 libertatem

96 337 257 378 civium
289 336 429 377 lictori
451 335 634 391 eripuit:
670 336 899 388 Labienus,
931 336 1061 377 homo
1089 337 1321 393 popularis,
1344 339 1537 380 carnifici

90 395 290 436 ¹tradidit.
329 393 381 435 C.
405 393 635 434 Gracchus
652 393 791 450 legem
815 395 928 445 tulit,
949 408 1005 435 ne
1025 395 1078 435 de
1098 395 1423 450 capite-civium
1449 397 1538 437 Ro-

93 466 322 493 manorum
367 450 578 506 17injussu
621 462 762 492 vestro
798 452 1091 508 judicaretur:
1142 452 1213 493 hic
1254 453 1472 508 popularis
1513 469 1540 494 a

96 509 348 559 duumviris,
381 508 545 563 injussu
579 519 735 560 vestro,
767 524 852 550 non
885 510 1072 564 judicari
1104 510 1156 551 de
1188 510 1283 551 cive
1320 509 1538 561 Romano,

95 567 168 607 sed
192 566 359 607 indicta·
375 581 504 607 causa
525 566 664 608 civem
694 566 938 607 Romanum
963 568 1117 623 capitis
1139 568 1415 608 condemnari
1437 568 1538 609 (3οὲ-

94 624 175 679 git.
197 622 263 664 Tu
283 623 391 664 mihi
409 624 541 664 etiam
564 623 669 680 legis
695 624 878 675 Porciae,
898 633 944 664 tu
966 624 1017 665 C.
1036 624 1241 677 Gracchi,
1266 628 1302 656 18
1317 634 1359 666 tu
1382 624 1536 665 horum
1553 634 1600 667 13

91 680 320 732 libertatis,
343 690 388 721 tu
412 681 667 737 cujusquam
691 682 875 737 denique
903 681 1090 723 hominis
1115 682 1331 739 popularis
1352 683 1539 723 mentio-

87 753 194 779 nem
217 738 338 788 facis,
358 739 431 794 qui
453 753 541 780 non
564 739 692 779 modo
713 739 933 794 suppliciis
957 740 1187 791 inusitatis,
1207 740 1279 781 sed
1296 740 1427 781 etiam
1446 755 1541 781 ver-

95 796 249 837 borum
275 797 468 837 inaudita
489 796 756 846 crudelitate,
777 796 936 836 violare
958 796 1199 838 libertatem
1225 798 1352 853 hujus
1375 798 1540 853 populi,

95 863 262 894 tentare
280 853 684 904 mamsuetudinem,
699 862 966 894 commutare
985 854 1258 910 disciplinam
1272 866 1452 896 conatus
1471 858 1541 897 es?

96 911 298 966 Namque
322 912 415 952 haec
438 921 524 961 tua,
547 925 644 965 quae
678 920 720 951 te
747 911 966 951 hominem
990 911 1244 953 clementem
1268 913 1542 968 popularem-

91 983 176 1024 que
192 969 422 1020 delectant,
458 983 472 1009 1
500 981 706 1009 LICTOR:
740 982 956 1009 COLLIGA
996 983 1196 1011 MAnus:
1237 972 1274 1003 ¹9
1290 985 1376 1011 non
1408 971 1540 1011 modo

85 1026 224 1082 'hujus
247 1025 457 1066 libertatis
480 1026 907 1080 mansuetudinisque
938 1040 1023 1066 non
1048 1037 1161 1078 sunt,
1194 1028 1263 1069 sed
1286 1042 1339 1068 ne
1364 1027 1540 1068 Romuli

95 1084 285 1139 quidem,
308 1093 382 1123 aut
417 1083 575 1124 Numae
613 1082 847 1139 Pompilii:
880 1082 1119 1138 Tarquinii,
1149 1085 1445 1141 superbissimi
1477 1094 1542 1126 at-

94 1156 178 1196 que
196 1140 478 1197 crudelissimi
502 1141 629 1196 regis,
649 1141 732 1182 ista
753 1149 853 1181 sunt
874 1142 1090 1182 cruciatus
1111 1143 1326 1185 carmina:
1359 1157 1456 1198 quae
1478 1152 1540 1194 tu,

94 1199 227 1239 homo
250 1198 354 1239 lenis
385 1212 435 1239 ac
467 1198 700 1255 popularis,
723 1199 1006 1239 libentissime
1026 1214 1354 1242 commemoras.
1379 1214 1538 1242 CAPUT

85 1269 376 1307 ὉΒΝυΒιΤο,
401 1269 588 1297 ARBORI
617 1270 843 1297 INFELICI
864 1270 1195 1299 SUSPENDlTo.
1256 1258 1368 1305 Quae
1395 1260 1580 1314 verba,p,
1598 1277 1651 1309 93.

96 1313 307 1364 Quirites,
333 1314 597 1370 jampridem
630 1315 673 1355 in
710 1314 789 1355 hac
813 1313 1033 1370 republica
1058 1329 1145 1356 non
1179 1315 1316 1357 solum
1349 1316 1536 1357 tenebris
1549 1326 1580 1347 a.

95 1371 358 1423 vestustatis,
393 1385 540 1412 verum
569 1371 700 1412 etiam
736 1371 830 1413 luce
871 1371 1082 1413 libertatis
1123 1375 1163 1404 20
1177 1388 1381 1430 oppressa
1423 1364 1585 1415 sunt.5

82 1428 166 1470 'An
190 1443 305 1480 vero,
329 1429 362 1469 si
398 1429 513 1470 actio
547 1428 630 1469 ista
663 1428 882 1485 popularis
907 1440 1032 1480 esset,
1054 1439 1112 1481 et,
1137 1431 1170 1471 si
1205 1432 1334 1472 ullam
1371 1442 1537 1487 partem
1553 1439 1601 1472 14

85 1486 314 1542 ‘aequitatis
332 1486 509 1527 haberet
531 1495 604 1526 aut
619 1486 746 1541 juriS,
777 1488 814 1517 2¹
834 1485 885 1527 C.
910 1485 1134 1528 Gracchus
1156 1503 1250 1529 eam
1273 1488 1537 1544 reliquisset?

84 1543 273 1585 'Scilicet
303 1544 383 1584 tibi
413 1543 656 1599 graviorem
686 1543 878 1584 dolorem
911 1545 952 1574 22
963 1545 1105 1600 patrui
1138 1547 1199 1586 tui
1231 1560 1346 1586 mors
1378 1547 1542 1599 attulit,

94 1615 226 1658 quam
250 1601 302 1642 C.
327 1600 528 1642 Graccho
549 1600 717 1642 fratris:
750 1611 793 1641 et
815 1601 895 1642 tibi
919 1603 1114 1644 acerbior
1136 1604 1229 1659 ejus
1253 1604 1394 1659 patrui
1428 1619 1542 1645 mors

82 1669 174 1710 rest,
195 1673 323 1714 quem
359 1673 595 1714 numquam
625 1658 787 1709 vidisti,
809 1673 939 1713 quam
963 1659 1022 1700 illi
1053 1660 1146 1715 ejus
1177 1661 1335 1712 fratris,
1366 1661 1543 1716 quicum

82 1716 433 1759 'concordissime
458 1716 651 1757 vixerat:
685 1726 728 1757 et
750 1718 791 1747 23
804 1716 953 1758 similis
977 1717 1056 1758 viri
1082 1729 1128 1759 tu
1159 1718 1377 1760 ulcisceris
1402 1720 1543 1775 patrui

140 1851 174 1883 17
196 1847 325 1889 injussu
340 1853 442 1879 vestro
447 1847 678 1888 judicaretur]
696 1848 799 1878 Nem-

94 1901 149 1932 pe,
173 1891 249 1930 quia
263 1891 403 1931 judices,
430 1891 608 1926 duumviri,
634 1900 654 1920 a
676 1890 798 1930 populo

82 1934 211 1970 creati,
226 1938 260 1963 et
276 1934 342 1964 vice
357 1934 468 1974 populi
479 1933 694 1973 judicabant:
712 1933 799 1973 quod

93 1981 128 2007 et
143 1987 160 2007 e
174 1976 386 2015 sequentibus
399 1980 503 2017 patet.

140 2021 176 2050 18
200 2023 237 2048 tu
252 2019 368 2049 horum
385 2018 558 2057 libertatis]
578 2017 710 2048 Horam
725 2027 799 2058 per-

93 2061 201 2092 tinere
216 2061 312 2091 debet
327 2061 368 2091 ad
381 2061 540 2101 populum
556 2065 590 2090 et
605 2061 702 2098 cives,
718 2070 798 2100 quo-

95 2113 168 2134 rum
192 2104 306 2143 concio
329 2103 454 2141 aderat,
479 2113 621 2143 quosque
644 2103 724 2134 adeo
745 2104 799 2133 de-

95 2147 278 2176 monstrat:
303 2146 359 2176 sed
385 2146 417 2176 id
444 2156 511 2176 non
536 2146 618 2176 bene
645 2147 799 2177 convenit

95 2187 189 2219 loco:
226 2189 383 2228 praecedit
409 2189 498 2219 enim
526 2188 665 2218 Gracchi
694 2198 799 2228 popu-

97 2230 173 2261 laris
196 2231 340 2261 hominis
363 2231 503 2267 mentio,
514 2236 548 2260 et
563 2231 676 2261 statim
693 2232 798 2269 sequi-

95 2277 164 2310 tur,
189 2278 226 2304 tu
245 2275 440 2313 cujusquam
471 2274 609 2303 hominis
625 2275 798 2313 popularis

96 2317 292 2346 mentionem
296 2315 403 2356 jhc-is,
418 2320 457 2346 ut
480 2315 586 2346 media
612 2316 735 2355 pariter
757 2317 797 2347 atl

96 2357 247 2389 homines
276 2358 450 2399 populares
476 2358 641 2398 pertinere
669 2358 799 2388 videan-

97 2407 173 2432 tur:
198 2401 254 2431 sed
268 2401 301 2431 id
323 2401 459 2440 vulgata
474 2401 574 2431 verba
588 2409 655 2430 non
671 2400 797 2432 sinunt.

143 2445 179 2477 19
201 2453 272 2483 quoe
285 2453 348 2474 non
366 2443 469 2483 modo]
495 2443 580 2484 ‚Quae
595 2453 706 2473 verum
730 2453 798 2475 esse

97 2490 165 2515 non
179 2489 302 2526 potest,
325 2486 381 2516 sed
398 2485 602 2516 inculcatum
625 2491 675 2516 est
689 2486 729 2516 ab
744 2486 796 2524 iis,

96 2528 152 2567 qui
177 2529 294 2560 seriem
322 2529 482 2559 orationis
516 2537 583 2557 non
617 2528 795 2568 videbant3

98 2579 216 2610 nempe
245 2571 423 2611 repetitum
452 2581 490 2601 ex
513 2570 796 2609 antecedentibus,

97 2612 243 2652 itemque
255 2624 332 2644 mox
354 2618 431 2644 ante
448 2613 622 2653 Tarquinii
635 2613 799 2653 particula

90 2656 153 2686 sed
165 2655 306 2686 insititia
321 2660 384 2694 est,
406 2661 444 2687 ut
460 2665 558 2696 supra
572 2665 686 2685 verum
699 2668 708 2684 .·
730 2660 798 2687 tra·

97 2703 153 2728 cta
166 2697 230 2728 huc
243 2699 343 2729 etiam
356 2709 374 2729 e
388 2699 537 2739 proximo
560 2703 648 2728 ante.
693 2698 737 2729 Et
759 2710 798 2730 ea

97 2741 190 2772 abest
201 2740 242 2770 ab
253 2741 324 2772 edd.
347 2741 444 2772 Rom.
457 2741 514 2771 ΒΓ.
528 2741 578 2771 W.
594 2743 683 2771 1480.
707 2741 797 2772 Med.

96 2783 193 2813 Junt.
237 2783 356 2814 Aldina
370 2785 477 2825 prima
488 2783 599 2814 habet.
637 2782 753 2814 Delevi
765 2789 798 2815 et

98 2825 183 2856 hane
195 2830 229 2856 et
243 2835 323 2865 quoe.

843 1849 908 1879 bris
932 1848 1029 1880 modo
1052 1854 1180 1891 aptum,
1205 1860 1278 1890 qua·
1301 1855 1335 1880 et
1358 1851 1544 1882 incumbere

842 1895 940 1922 terris
955 1893 1013 1922 ἃς.
1030 1893 1186 1923 dicuntur
1199 1905 1205 1922 :
1230 1904 1286 1933 per
1296 1894 1438 1933 συζυγίαι
1453 1905 1543 1925 com-

842 1935 1033 1965 municatur
1047 1945 1123 1966 cum
1139 1938 1218 1966 luc-e.
1265 1937 1343 1966 Lux
1357 1938 1437 1967 alias
1452 1947 1543 1968 reve-

842 1978 913 2007 lare
927 1982 959 2007 et
974 1982 1121 2016 retegere
1135 1977 1268 2016 dicitur,
1280 1989 1347 2010 non
1361 1981 1543 2020 opprimere

841 2025 900 2049 aut
915 2021 1058 2050 obruere.

884 2065 920 2092 21
953 2062 986 2093 C.
1019 2063 1078 2093 Gr.
1103 2073 1177 2093 eam
1204 2063 1386 2103 reliquisset
1397 2064 1427 2104 ?]
1462 2064 1542 2095 Non

841 2114 919 2134 usus
945 2110 1030 2135 esset
1055 2105 1207 2135 adversus
1235 2106 1404 2144 Nasicam,
1429 2106 1542 2138 ulcisci

843 2148 977 2187 cupiens
991 2148 1130 2178 fratrem
1147 2150 1187 2178 ab
1204 2158 1242 2178 eo
1258 2148 1495 2180 interfectum?

884 2191 924 2221 ‘22
941 2191 1060 2230 patrui
1075 2189 1301 2230 tui—fiunis]
1327 2191 1394 2221 Aut
1417 2193 1466 2222 tui
1488 2192 1544 2223 de-

841 2230 991 2269 lendum,
1019 2239 1076 2262 aut
1093 2232 1225 2272 fratris
1246 2235 1298 2263 sm·
1320 2234 1541 2265 scribendum-

840 2273 956 2304 similis
971 2274 1144 2315 disparitas
1159 2281 1209 2306 est
1225 2285 1315 2313 mox,
1330 2276 1386 2306 sed
1405 2282 1538 2308 contra:

835 2316 1120 2358 patrui—Jiutrt's
1141 2320 1202 2348 sui.
1248 2318 1312 2349 Ubi
1337 2319 1461 2359 pariter
1483 2325 1543 2350 aut

836 2360 956 2398 patrui
978 2360 1028 2390 tui
1050 2360 1272 2397 scribendum,
1288 2366 1345 2391 aur
1361 2362 1411 2391 sm·
1427 2361 1539 2392 delen-

841 2401 930 2431 dum.
974 2401 1108 2433 Rectius
1131 2403 1193 2433 erit
1209 2403 1316 2433 delere
1332 2404 1541 2443 pronomina,

840 2454 940 2483 quam
969 2445 1095 2475 addere.
1119 2454 1210 2482 narn,
1233 2446 1289 2475 ubi
1312 2456 1351 2476 ex
1365 2447 1542 2477 omissione

839 2487 1043 2526 pronominis
1060 2487 1152 2517 nulla
1167 2488 1365 2527 ambiguitas
1379 2489 1498 2526 oritur,
1522 2500 1543 2520 a.

838 2528 967 2560 Latinis
982 2531 1161 2560 omittitur.
1206 2530 1250 2560 Et
1266 2530 1337 2561 aliis
1351 2541 1477 2571 quoque
1493 2531 1542 2562 10-

839 2571 884 2602 cis
898 2572 1022 2602 librarii
1037 2572 1299 2612 gerrnanizantes
1315 2573 1476 2604 addidere.

882 2616 922 2646 23
944 2616 1062 2646 similis
1075 2615 1295 2656 viri—alque]
1314 2616 1437 2646 Durius
1459 2617 1539 2647 milii

839 2656 903 2687 hoc
918 2657 1057 2688 videtur.
1112 2657 1230 2688 Forma
1257 2657 1387 2697 quidem
1409 2660 1538 2695 similis,

840 2703 938 2738 atque
962 2700 1024 2730 etsi
1053 2700 1217 2730 rarissima
1240 2706 1303 2737 est,
1331 2705 1445 2732 tamen
1471 2711 1539 2732 non

841 2746 890 2771 est
913 2747 1030 2773 contra
1051 2742 1228 2773 latinitatis
1255 2744 1429 2773 rationem.
1478 2744 1538 2774 Su-

842 2794 900 2824 pra
935 2785 1011 2824 Agr.
1041 2785 1070 2821 I,
1095 2789 1125 2816 4.
1165 2787 1342 2823 simillime,
1374 2790 1477 2826 atque
1503 2787 1538 2816 'in

842 2827 903 2856 illa
925 2828 1005 2866 lege.
1052 2827 1114 2858 Sed
1138 2838 1203 2858 non
1232 2829 1397 2858 consentit
1421 2829 1539 2858 sim-ilis

137 2870 176 2899 20
199 2878 348 2908 oppressa
363 2869 454 2911 eunt]
468 2869 613 2901 Verbum
627 2868 690 2899 hoe
705 2872 790 2900 tem-
832 2869 898 2900 virt'
911 2880 986 2900 cum
1001 2874 1099 2910 atque
1113 2871 1168 2901 ille
1179 2875 1440 2911 persequeretur,
1451 2871 1538 2910 quod
