1907 3231
276 137 347 171 124
813 133 880 172 IN
906 133 1184 172 VERREM

274 237 449 277 summis
482 237 653 292 opibus,
687 251 855 279 summo
889 238 1031 279 studio
1066 237 1461 294 potentissimorum
1483 234 1707 278 hominum

210 298 247 327 7
254 292 551 335 defendatur:
593 304 728 335 certet
770 309 865 335 mea
904 294 1131 349 diligentia
1170 309 1270 336 cum
1310 294 1476 335 illorum
1515 293 1708 334 omnium

232 349 536 405 *cupiditate2
570 360 709 391 xestra
741 350 964 405 integritas
1007 365 1106 391 eum
1144 351 1266 391 istius
1302 351 1503 406 pecunia·
1535 349 1710 391 testium

276 408 518 447 constantia
555 423 651 448 cuin
697 406 806 446 illius
850 416 1127 463 patronorum
1163 407 1291 448 minis
1333 417 1462 463 atque
1501 406 1708 462 potentia.

278 471 368 504 tuni
408 464 578 505 denium
615 465 682 504 illa
716 464 830 504 victa
871 464 1143 514 videbuntur,
1175 478 1273 505 cum
1313 464 1353 504 in
1389 464 1710 505 contentionem

240 529 577 577 4certa1nenque
600 520 807 560 venerint.
869 518 1036 560 Absens
1059 520 1092 561 si
1117 521 1196 561 iste
1219 530 1329 562 esset
1349 521 1589 571 damnatus,
1621 533 1708 561 non

280 586 365 618 tam
403 593 493 633 ipse
535 578 614 617 sibi
660 575 937 626 consuluisse,
981 590 1109 631 quam
1154 577 1357 619 invidisse
1407 586 1559 619 vestrae
1598 576 1711 618 laudi

228 633 509 687 2x··ideretu1.
571 633 723 697 Neque
753 633 866 673 euim
901 633 1011 674 salus
1046 633 1130 674 ulla
1162 633 1407 690 reipublicae
1451 633 1588 689 major
1627 633 1713 675 hoc

280 699 472 746 tempore
499 691 670 746 reperiri
697 700 851 754 potest,
883 705 1008 745 quam
1042 691 1248 746 populum
1282 690 1527 732 Romanum
1558 689 1714 731 intelli-

281 761 394 802 gere,
433 747 660 802 diligenter
702 747 871 801 reJectis
915 748 968 788 ab
1007 756 1254 788 accusatore
1285 746 1521 803 judicibus,
1557 746 1711 798 socios,

282 804 409 858 leges,
441 804 772 868 rempublicam,
796 805 1010 846 sen-itorio
1043 805 1223 846 consilio
1256 819 1444 846 maxime
1483 819 1607 860 posse
1639 803 1714 845 de·-

279 856 421 903 tendi:
453 876 591 917 neque
614 871 731 902 tanta
750 861 933 902 fortunis
956 862 1149 902 omnium
1169 862 1377 917 pernicies
1400 864 1572 917 3potest
1591 874 1713 903 aece-

279 917 391 980 dere,
429 933 558 973 quam
599 919 804 974 opinione
847 918 992 974 populi
1033 918 1219 959 Romani
1256 919 1466 959 rationem
1508 917 1713 968 veritatis,

281 975 555 1030 integritatis,
606 976 719 1024 fidei,
773 974 1006 1030 religionis,
1054 976 1108 1016 ab
1146 975 1227 1017 hoc
1269 976 1417 1017 ordine
1458 975 1712 1031 abjudicari.

243 1008 433 1086 5ltaque
457 1032 560 1072 mihi
584 1032 730 1072 xideor
760 1045 976 1087 magnam,
1007 1040 1052 1072 et
1084 1033 1271 1073 maxime
1301 1046 1476 1095 aegram,
1506 1041 1551 1072 et
1581 1044 1714 1088 prope

278 1089 460 1143 deposit·
463 1103 517 1129 im
538 1089 784 1144 reipublieae
809 1097 972 1144 partem
996 1090 1257 1153 suscepisse:
1284 1103 1422 1144 neque
1444 1090 1486 1129 in
1505 1103 1556 1130 eo
1576 1102 1713 1145 magis

277 1158 399 1208 meae,
423 1160 552 1201 quam
576 1155 727 1186 xestrae
749 1145 862 1186 laudi
886 1145 1282 1202 existimationique
1303 1146 1494 1187 servisse.
1537 1122 1712 1187 Accessi

275 1202 391 1243 enim
413 1203 465 1244 ad
488 1202 972 1257 invidiamjtldieioruin
995 1202 1233 1253 levandam,
1267 1202 1712 1268 vitupelationemque

278 1258 530 1301 tollendam:
563 1270 625 1311 ut,
656 1274 755 1301 eum
778 1259 872 1300 haec
894 1273 958 1300 res
991 1273 1067 1316 pro
1099 1260 1320 1301 voluntate
1350 1259 1497 1316 populi
1526 1258 1713 1300 Romani

277 1316 610 1371 essetjudieata,
641 1317 783 1372 aliqua
803 1330 858 1357 ex
883 1325 1001 1371 parte
1023 1331 1118 1358 mea
1138 1317 1361 1373 diligentia
1382 1317 1619 1358 constituta
1639 1330 1713 1357 au·

278 1373 454 1414 ctoritas
475 1373 742 1429 judiciorum
776 1373 1013 1414 videretur.
1046 1383 1277 1428 posticum,
1310 1377 1387 1414 4ut
1409 1382 1519 1414 essct
1543 1373 1714 1428 hoeju·

282 1430 487 1483 dicatum,
519 1441 567 1471 ut
585 1431 681 1472 finis
712 1430 939 1486 aliquando
959 1430 1203 1485 judiciaria:
1226 1439 1405 1472 controv
1409 1431 1529 1472 ersiae
1552 1430 1713 1472 consti·

237 1493 262 1524 6
287 1496 487 1529 tueretur.
547 1487 718 1529 Etenim
742 1487 832 1529 sine
853 1487 1000 1539 dubio,
1024 1487 1242 1552 judices,
1232 1502 1275 1529 m
1298 1488 1378 1529 hac
1399 1502 1528 1528 causa
1549 1491 1628 1528 ⁵ea
1648 1500 1714 1528 res

275 1545 321 1584 in
343 1545 571 1586 discrimen
594 1545 834 1587 adducitur.
896 1543 1011 1585 Reus
1034 1553 1098 1585 est
1119 1545 1233 1585 enim
1255 1545 1606 1586 nocentissimus:
1638 1544 1712 1600 qui

274 1602 313 1642 si
335 1602 659 1654 condemnatur,
692 1601 922 1643 6desinent
942 1601 1136 1643 homines
1164 1602 1318 1653 dicere,
1351 1601 1608 1657 hisjudiciis
1637 1615 1713 1658 pe-

276 1659 449 1700 cuniam
479 1659 707 1723 pluiimum
741 1672 887 1715 posse:
920 1658 984 1699 sin
1016 1658 1266 1710 absolvitur,
1297 1659 1540 1700 desinemus
1560 1672 1638 1699 nos
1660 1657 1714 1699 de

270 1715 450 1770 judiciis
474 1715 775 1757 transferendis
790 1729 997 1756 recusare.
1029 1715 1216 1756 Tametsi
1232 1716 1283 1756 de
1299 1715 1569 1757 absolutione
1590 1715 1712 1756 istius

274 1787 412 1828 neque
437 1773 526 1829 ipse
544 1773 639 1828 jam
673 1782 828 1828 sperat,
860 1786 939 1813 nee
973 1772 1158 1828 populus
1193 1772 1417 1814 Romanus
1449 1772 1629 1814 metuit:
1659 1771 1713 1813 de

275 1830 544 1885 impudentia
583 1829 802 1885 singul-iri,
841 1829 954 1885 quod
992 1830 1126 1881 adest,
1168 1830 1282 1885 quod
1322 1829 1566 1886 lespondet,
1612 1837 1713 1870 sunt

274 1889 346 1942 qui
371 1887 602 1928 mirentur:
635 1886 757 1938 mihi,
781 1901 859 1943 pro
881 1895 1024 1928 cetera
1045 1886 1137 1942 ejus
1160 1886 1340 1928 audacia
1360 1897 1488 1942 atque
1509 1885 1711 1938 amentia,

273 1958 327 1985 ne
353 1943 435 1985 hoc
468 1944 644 1999 quidem
676 1944 919 1984 mirandum
952 1943 1134 1984 videtur.
1158 1944 1295 1985 multa
1315 1944 1431 1985 enim
1459 1953 1503 1984 et
1534 1943 1579 1984 in
1608 1943 1711 1984 deos

229 2015 261 2045 b
275 2013 318 2041 et
347 2001 391 2041 iu
422 2000 650 2042 homines
641 2001 773 2064 impie
795 2000 1041 2055 nefarieque
1069 2001 1308 2043 commisit:
1343 2014 1524 2057 quorum
1548 1999 1711 2042 7scele-

222 2065 371 2111 grum
412 2059 554 2114 poenis
596 2058 799 2114 agitatur,
829 2065 874 2098 et
915 2073 941 2098 a
978 2067 1121 2098 mente
1163 2057 1428 2113 consilioque
1469 2056 1712 2099 deducitur.

235 2118 292 2173 78
317 2114 469 2172 Agunt
486 2129 585 2156 eum
606 2115 875 2171 praecipitem
895 2128 1039 2172 poenae
1062 2114 1223 2156 civium
1246 2114 1568 2166 Romanorum3
1601 2125 1709 2170 quon

311 2228 330 2259 3
348 2233 452 2268 potest
479 2227 642 2268 accedere]
675 2228 725 2260 Cl.
750 2228 969 2259 Ruhnkenius

268 2270 309 2301 ad
323 2271 426 2302 Rutil.
439 2271 525 2312 Lup.
540 2271 579 2302 de
602 2271 714 2310 figuris
733 2281 765 2311 p.
781 2273 811 2301 3.
836 2271 970 2310 corrigit

267 2313 421 2344 accidere.
450 2320 551 2350 recte,
578 2318 618 2344 ut
645 2314 772 2354 opinor.
806 2313 858 2344 Sic
883 2313 970 2344 infra

267 2353 325 2391 lv,
342 2356 392 2385 60.
411 2355 551 2386 dolorem
559 2365 650 2395 posse
664 2356 817 2386 (wc-idere.

307 2400 329 2427 4
350 2403 387 2428 ut
404 2402 482 2428 esset
497 2399 527 2428 Ιι.
521 2399 564 2438 .j.
581 2397 707 2439 utfinis
723 2397 795 2437 δια]
834 2396 968 2429 Haesere

266 2438 326 2468 siri
349 2439 437 2469 docti
462 2440 496 2469 in
523 2440 583 2470 hoc
608 2440 694 2477 loco,
720 2449 858 2479 eumque
881 2441 968 2471 varie

266 2485 441 2512 tentarunt
468 2487 503 2512 et
528 2482 747 2522 explicarunt,
770 2491 830 2512 nce
855 2487 967 2512 tamen

266 2523 345 2553 mibi
363 2532 430 2552 rem
452 2523 603 2554 videntur
621 2524 794 2564 expedisse.
838 2524 926 2554 Nam
939 2525 967 2554 si

267 2565 409 2604 primum
424 2570 461 2595 ut
472 2566 671 2606 explicamus
685 2571 772 2604 utut,
787 2565 836 2596 vel
850 2570 966 2596 utcun-

266 2616 337 2645 que,
360 2606 501 2637 alterum
527 2613 565 2638 ut
590 2608 760 2639 redundat.
804 2608 901 2638 forte
928 2613 966 2638 uc

264 2648 475 2687 corigendum
497 2655 547 2679 est
570 2651 628 2680 ita.
645 2650 664 2679 i.
688 2661 714 2680 e.
737 2655 834 2690 prout
853 2659 966 2680 caussa

265 2691 374 2721 Verris
394 2691 613 2729 judicaretur,
638 2694 685 2722 ita
711 2702 759 2722 res
783 2691 964 2731 dejudieiis

263 2732 503 2763 decerneretur.

308 2777 326 2805 5
340 2785 378 2806 ea
389 2785 440 2805 res
453 2775 486 2805 in
499 2775 670 2805 discrimen
679 2776 869 2816 adducitur]
886 2777 963 2806 Sen-

263 2827 317 2846 sus
332 2824 398 2847 est:
415 2818 562 2855 quaestio,
576 2818 818 2856 ntrumjudivrs
832 2828 964 2849 manere

261 2867 442 2898 unauna,
466 2869 509 2890 an
539 2860 593 2891 alii
621 2861 776 2892 conuiuii
810 2860 962 2898 debeant,

1013 2229 1217 2265 decernetur,
1240 2228 1280 2260 ad
1293 2228 1418 2260 exitum
1431 2227 1551 2258 veniet.
1597 2225 1712 2258 Haere·

1012 2271 1068 2301 bat
1082 2271 1135 2301 hic
1152 2271 1398 2307 Hotomannus,
1413 2271 1493 2301 item
1507 2269 1574 2300 alii.

1054 2313 1074 2344 6
1095 2314 1239 2344 desinent
1259 2312 1414 2352 homines]
1437 2312 1489 2342 Sic
1509 2311 1573 2342 Ms.
1593 2311 1656 2342 Gu.
1675 2315 1712 2343 et

1011 2354 1082 2385 edd.
1096 2365 1144 2396 pr.
1161 2364 1227 2385 non
1241 2365 1360 2393 omnm,
1379 2359 1419 2385 ut
1436 2353 1560 2384 habent
1574 2353 1712 2394 posteri-

1011 2406 1095 2434 oreS‚
1110 2397 1210 2428 etiarn
1226 2397 1395 2428 Gruterus.
1434 2396 1524 2428 Bene
1531 2397 1603 2436 jam
1617 2396 1712 2427 resti-

1011 2439 1078 2470 tuit
1094 2439 1251 2470 Gra-vius.

1052 2485 1070 2515 7
1092 2491 1136 2511 sc.
1159 2491 1262 2521 poems
1294 2480 1461 2520 agitatur]
1501 2479 1624 2511 Poenae
1656 2478 1710 2511 hie

1010 2533 1068 2563 pro
1084 2524 1216 2554 nomine
1230 2523 1360 2564 proprio
1383 2522 1513 2563 (Furiis)
1531 2521 1712 2562 accipiebat

1008 2565 1188 2596 Dor-villius
1202 2575 1253 2605 ap.
1270 2565 1383 2595 Burm.
1399 2564 1543 2604 adVirg.
1557 2564 1634 2594 AEn.
1649 2563 1710 2601 IV,

1007 2610 1080 2640 471.
1123 2607 1186 2638 Sed
1200 2617 1266 2637 non
1290 2611 1340 2637 est
1357 2615 1498 2644 necesse,
1523 2612 1562 2636 ut
1576 2606 1709 2646 opinor:

1009 2651 1116 2682 necin
1131 2649 1235 2679 altero
1251 2658 1353 2689 poenoe
1371 2649 1491 2678 civium
1512 2647 1555 2679 R.
1569 2657 1641 2688 quae
1660 2647 1709 2679 di-

1007 2696 1142 2728 cuntur,
1165 2696 1203 2722 ut
1217 2691 1310 2722 Rosc.
1325 2691 1397 2721 Am.
1412 2692 1463 2722 24.
1474 2699 1577 2730 poenoe
1585 2699 1708 2730 parem

1007 2737 1092 2770 tum,
1107 2742 1184 2782 quas
1200 2733 1243 2764 ibi
1259 2733 1363 2764 Furiae
1376 2731 1531 2763 dicuntur
1544 2742 1564 2763 a
1576 2731 1710 2773 parrici-

1008 2775 1055 2805 dis
1069 2776 1207 2815 exigere.

1051 2820 1069 2848 8
1091 2820 1206 2855 Agunt
1228 2827 1302 2848 eum
1318 2826 1364 2857 pr
1365 2815 1532 2856 ‹rt-ipitem]
1560 2815 1581 2846 i.
1598 2814 1664 2846 ad
1656 2824 1707 2845 m·

1007 2869 1086 2892 sana
1104 2859 1261 2900 ejusmodi
1283 2858 1418 2891 consilia
1436 2858 1610 2890 deducunt.
1654 2856 1707 2888 Sie
