1907 3231
474 128 598 168 ACT.
627 129 678 168 ΙΙ.
724 124 908 166 LIBER
932 126 1215 168 QUINTUS.
1490 132 1566 172 393

117 229 224 273 ⁴belli
256 231 540 289 fugitivorum
572 233 785 289 reliquias,
816 242 945 288 atque
972 231 1076 273 illud
1106 231 1365 275 Temsanum
1400 235 1565 278 incom-

125 290 303 331 modum
345 290 557 346 proferes3
587 291 640 332 ad
682 291 798 346 quod
836 303 1122 332 recens‘cum
1160 299 1202 330 te
1245 303 1565 347 peropportune

126 345 301 388 fortuna
321 347 561 399 obtulisset,
585 348 617 388 si
640 349 742 403 quid
767 348 809 388 in
833 358 875 389 te
898 348 1067 389 virtutis
1092 358 1220 402 atque
1251 349 1471 390 industriae
1496 351 1563 392 fu-

127 403 243 455 isset,
275 404 402 455 idem,
423 405 497 459 qui
529 419 695 461 semper
726 405 879 456 fueras,
911 406 1108 446 inventus
1130 419 1192 444 es.
1247 407 1286 438 47
1302 405 1413 446 Cum
1446 408 1497 448 ad
1521 417 1562 449 te
1581 409 1648 463 16

127 459 345 502 Valentini
381 463 607 513 venissent,
639 472 682 503 et
718 478 796 519 pro
829 463 896 504 his
930 463 1061 503 homo
1093 462 1276 503 disertus
1311 472 1354 503 et
1391 464 1562 515 nobilis,
1576 488 1628 519 40

129 516 197 558 M.
230 518 412 570 Marius,
445 519 702 574 loqueretur,
738 529 784 561 ut
816 520 1038 576 negotium
1081 520 1331 575 susciperes,
1366 529 1426 571 ut,
1465 536 1565 562 cum

125 588 255 630 penes
280 585 320 616 te
342 579 591 632 praetorium
615 578 842 633 imperium
866 592 915 618 ac
939 591 1093 618 nomen
1112 587 1238 627 esset,
1260 578 1312 618 ad
1334 578 1453 618 illam.
1472 593 1568 634 par-

125 645 222 672 vam
254 647 429 674 manum
451 635 828 690 exstinguendam,
850 636 1004 675 ducem
1026 644 1069 675 te
1100 636 1426 690 principemque
1457 650 1570 692 prae-

126 689 276 742 ber-es3
307 705 393 732 non
427 692 558 733 modo
592 693 634 733 id
668 694 880 748 refugisti,
914 692 983 732 sed
1021 705 1073 732 eo
1106 694 1200 748 ipso
1232 702 1438 748 tempore,
1470 708 1569 735 cum

125 759 237 787 esses
261 748 304 788 in
326 749 465 800 litore,
487 747 633 790 Tertia
663 749 734 790 illa
757 759 843 800 tua,
865 763 993 804 quam
1018 758 1161 789 tecum
1183 749 1456 806 deportabas,
1478 761 1570 791 erat
1609 778 1612 779 ν

124 803 167 843 in
192 807 384 847 omnium
407 816 667 863 conspectu:
701 807 804 862 ipsis
831 817 975 847 autem
1003 804 1253 856 Valentinis,
1275 822 1329 848 ex
1353 816 1442 848 tam
1473 808 1568 849 illu-

127 862 204 902 stri
242 864 462 919 nobilique
495 864 746 919 municipio,
781 863 912 904 tantis
950 863 1002 903 de
1033 863 1160 903 rebus
1192 877 1440 920 responsum
1475 866 1568 907 nul-

125 917 214 960 lum
244 921 415 972 dedisti,
446 936 544 962 cum
575 935 688 962 esses
721 935 819 961 cum
851 919 997 961 tunica
1025 920 1142 976 pulla
1169 930 1214 961 et
1247 921 1389 977 pallio.
1450 923 1567 969 Quid
1581 944 1611 974 p.
1626 935 1702 967 244.

126 975 243 1018 hunc
261 981 302 1008 48
317 979 675 1034 proficiscentem,
694 978 798 1033 quid
822 978 863 1018 in
888 979 980 1033 ipsa
1002 978 1225 1034 provincia
1247 978 1398 1020 fecisse
1419 981 1610 1021 existi-²¹·

129 1035 272 1085 matis,
294 1036 488 1090 quicum
514 1035 606 1091 jam
630 1049 685 1076 ex
718 1035 955 1091 provincia,
988 1049 1072 1075 non
1103 1036 1156 1076 ad
1188 1036 1471 1092 triumphum,
1497 1039 1570 1080 sed

129 1091 180 1132 ad
205 1092 421 1147 judicium
454 1093 692 1143 decederet,
721 1107 776 1133 ne
806 1092 918 1133 illam
944 1093 1117 1147 quidem
1149 1092 1371 1135 infamiam
1395 1094 1570 1151 fugerit,

129 1163 259 1202 quam
294 1149 385 1191 sine
423 1150 508 1191 ulla
539 1151 760 1206 voluptate
789 1151 1016 1206 capiebat?
1049 1148 1089 1190 O
1119 1150 1266 1191 divina
1296 1161 1466 1193 senatus
1488 1152 1605 1194 fre-4

130 1207 301 1259 quentis
336 1207 379 1248 in
413 1208 506 1248 aede
537 1207 728 1249 Bellonae
761 1207 1122 1250 admurmuratio!
1157 1207 1374 1250 Memoria
1401 1211 1586 1262 tenetis,-

122 1262 309 1317 judiceS,
340 1279 439 1306 cum
473 1266 857 1321 advesperasceret,
884 1274 928 1304 et
962 1264 1104 1321 paullo
1134 1275 1234 1305 ante
1264 1277 1375 1307 esset
1404 1268 1458 1308 de
1489 1268 1572 1310 hoc

128 1319 342 1362 Temsano
379 1322 655 1364 incommodo
688 1323 949 1373 nuntiatum,
987 1336 1086 1362 cum
1127 1323 1393 1365 inveniretur
1430 1339 1572 1377 nemo,

127 1379 200 1432 qui
225 1379 267 1419 in
291 1379 360 1420 illa
382 1380 476 1421 loca
497 1395 595 1420 cum
619 1380 799 1436 imperio
818 1380 1075 1430 mitteretur,
1097 1382 1138 1413 49
1151 1379 1313 1420 dixisse
1343 1383 1572 1436 quendam,

130 1435 306 1477 Verrem
328 1451 421 1477 esse
451 1451 537 1477 non
561 1437 690 1493 longe
719 1452 744 1477 a
764 1436 945 1477 Temsa:
977 1450 1107 1491 quam
1129 1436 1251 1477 valde
1283 1439 1467 1480 universi
1500 1441 1573 1482 ad-

129 1495 450 1545 murmurarint,
472 1509 599 1549 quam
624 1494 763 1550 palam
796 1494 1011 1550 principes
1033 1494 1391 1537 contradixerint.
1453 1495 1508 1537 Et
1539 1499 1573 1539 is

130 1559 197 1591 tot
227 1551 480 1593 criminibus
516 1552 859 1606 testimoniisque
889 1552 1130 1602 convictus,
1163 1553 1203 1592 in
1228 1566 1376 1594 eorum
1407 1555 1574 1596 tabellis

129 1622 249 1663 spem
286 1610 366 1649 sibi
407 1609 593 1664 aliquam
627 1610 765 1665 ponit,
804 1623 987 1664 quorum
1026 1609 1219 1649 oninium
1253 1610 1408 1666 palam,
1446 1627 1575 1654 causa

128 1664 368 1721 incognita,
391 1681 498 1707 voce
520 1668 747 1708 damnatus
767 1669 860 1708 est?

189 1722 319 1765 Esto:
352 1724 459 1764 nihil
494 1738 548 1765 ex
584 1724 867 1780 fugitivorum
897 1723 1025 1774 bello,
1059 1733 1133 1766 aut
1172 1726 1416 1782 suspicione
1455 1727 1570 1780 belli,
1591 1730 1656 1783 17

127 1778 264 1820 laudis
305 1781 486 1837 adeptus
524 1792 603 1832 est,
641 1782 756 1837 quod
797 1796 936 1837 neque
976 1781 1131 1822 bellum
1166 1783 1395 1838 ejusmodi,
1431 1798 1631 1841 neque42

129 1837 227 1878 belli
253 1838 488 1893 periculum
511 1838 595 1880 fuit
625 1840 667 1880 in
701 1839 862 1890 Sicilia,
890 1854 1028 1894 neque
1058 1841 1112 1880 ab
1145 1841 1228 1881 isto
1250 1842 1471 1897 provisum
1491 1853 1571 1895 est,

128 1909 184 1936 ne
217 1895 332 1950 quod
362 1906 487 1937 esset.
520 1906 564 1937 at
601 1911 701 1937 vero
732 1906 884 1937 contra
915 1898 1075 1938 bellum
1108 1898 1362 1954 praedonuin
1395 1900 1574 1943 classem

128 1951 283 1993 habuit.
303 1964 514 2004 ornatam,
537 1953 944 2010 ⁵0diligentiamque
965 1955 1008 1995 in
1031 1969 1082 1995 eo
1105 1956 1380 2011 singularem.
1414 1957 1573 2014 itaque,

128 2009 212 2050 isto
236 2020 435 2066 praetorc,
454 2011 656 2067 praeclare
686 2012 862 2053 defensa
891 2013 1114 2068 provincia
1134 2024 1212 2053 est.
1275 2014 1347 2055 Sic
1377 2015 1430 2056 de
1462 2016 1573 2057 bello

128 2070 398 2123 praedonum,
427 2071 487 2109 sic
517 2069 571 2109 de
600 2068 733 2109 classe
764 2069 992 2120 Siciliensi,
1015 2070 1203 2125 judiceS,
1224 2071 1382 2122 dicam,
1405 2082 1453 2113 ut
1487 2073 1573 2115 hoc

120 2125 215 2180 J'am
248 2136 346 2166 ante
368 2126 636 2177 confirmem,
668 2128 711 2167 in
743 2126 826 2167 hoc
858 2142 943 2167 uno
967 2142 1123 2183 genere
1144 2143 1292 2169 omnes
1324 2129 1462 2170 inesse
1482 2131 1572 2172 cul-

130 2197 206 2239 pas
238 2182 361 2224 istius
392 2184 619 2235 maximis,
650 2184 858 2236 avaritiae,
886 2186 1138 2240 inaJestatiS‚
1161 2185 1406 2238 dementiae,
1428 2187 1572 2230 libidi-

168 2316 209 2349 4?
237 2314 318 2346 Cum
341 2315 387 2346 ad
406 2320 437 2346 te
461 2314 628 2347 Valentini
651 2314 823 2355 venissem]

128 2357 190 2388 int.
221 2359 363 2397 trajecto
391 2359 476 2389 freto
502 2359 537 2389 in
567 2359 721 2389 Siciliam.
751 2368 827 2389 nain

128 2399 196 2439 ipse
212 2399 318 2431 adhue
334 2402 368 2431 in
383 2401 480 2431 litore
496 2401 615 2431 Siciliae
629 2406 718 2432 erat:
743 2401 829 2440 quod

129 2440 208 2472 litus
235 2442 488 2482 intelligendum
512 2453 593 2480 esse,
618 2454 635 2474 e
656 2444 754 2473 verbo
776 2444 828 2474 de—

121 2490 260 2526 portare
269 2491 377 2525 patet.
418 2487 494 2517 Non
510 2486 736 2517 animadverso
752 2486 826 2524 hoc,

129 2528 277 2568 praetulit
293 2528 441 2558 Graevius
455 2530 655 2568 deportarat.
672 2528 768 2558 male.

173 2571 212 2600 48
229 2571 498 2611 prqjiciseentem]
530 2571 657 2611 Nempe
680 2571 721 2601 ab
748 2571 828 2603 urbe

131 2610 248 2643 Roma.
276 2613 407 2653 respicit
431 2614 473 2644 ad
500 2613 544 2651 id,
573 2613 660 2653 quod
685 2617 830 2644 narravit

131 2663 159 2684 c.
181 2656 227 2684 13.
242 2660 324 2685 extr,

172 2698 215 2729 49
247 2697 364 2727 diaeisse
398 2697 575 2737 quendam]
614 2697 688 2728 Hoc
716 2707 828 2728 verum

128 2747 198 2769 esse
222 2748 289 2768 non
311 2743 436 2779 potest:
461 2740 573 2770 turbat
597 2740 686 2771 enim
712 2740 829 2770 seriem

130 2780 290 2810 orationis
310 2788 356 2817 et,
371 2787 557 2813 structurae.
584 2792 644 2813 uec
666 2787 716 2812 est
742 2782 829 2813 unde

129 2823 314 2854 infinitivus
350 2824 508 2865 pendeat:
545 2834 614 2856 non
642 2824 774 2864 quidem
810 2835 830 2867 a

870 2315 1081 2347 meministis.-
1104 2315 1144 2347 ab
1166 2326 1204 2347 eo
1227 2327 1302 2348 vero
1325 2316 1447 2358 pendet
1470 2329 1571 2359 quam

871 2359 930 2389 ἃς.
975 2359 1167 2390 Ciceronem
1193 2361 1356 2400 scripsisse
1378 2361 1571 2393 crediderim

871 2401 1064 2442 dixissetque
1077 2402 1221 2441 quidam.
1255 2403 1306 2432 De
1322 2403 1418 2433 verbo
1433 2405 1571 2435 admur-

873 2444 1016 2473 muratio
1030 2444 1155 2474 dietum
1171 2454 1269 2484 supra
1282 2444 1322 2475 ad
1335 2445 1393 2482 IV,
1413 2447 1461 2476 16.

913 2489 954 2515 50
988 2486 1258 2525 diligentiamque
1292 2488 1327 2517 in
1361 2498 1403 2518 eo*
1429 2489 1567 2529 singul]

872 2527 987 2557 Deleri
1002 2529 1152 2559 adhibuit
1166 2534 1244 2559 ante
1258 2529 1293 2559 in
1307 2540 1341 2559 eo
1352 2543 1360 2559 :
1383 2531 1471 2570 quod
1486 2531 1570 2562 Gru-

871 2575 962 2600 terus
989 2581 1029 2600 ex
1056 2581 1124 2600 uno
1151 2571 1289 2601 Hotom.
1317 2573 1399 2602 libro
1428 2576 1568 2614 recepit:

873 2622 940 2642 non
964 2623 1028 2651 quo
1050 2623 1136 2643 unus
1164 2614 1268 2644 bonus
1293 2614 1376 2645 liber
1397 2625 1467 2647 non
1491 2617 1570 2647 satis

871 2655 990 2684 habere
1013 2656 1220 2686 auctoritatis
1240 2658 1354 2697 possit,
1377 2667 1454 2688 nam
1476 2669 1514 2689 ex
1531 2670 1569 2689 eo

871 2703 906 2727 et
928 2696 992 2727 alia
1006 2704 1136 2737 recepta
1149 2704 1240 2735 sunt,
1255 2700 1310 2730 sed
1332 2700 1409 2739 quia
1430 2710 1497 2730 non
1519 2709 1568 2731 est

873 2740 1103 2776 necessarium,
1120 2741 1295 2781 referrique
1316 2741 1380 2773 hoc
1401 2742 1442 2773 ad
1456 2744 1571 2774 habuit

874 2787 994 2820 potest,
1030 2782 1096 2812 uod
1109 2788 1159 2813 est
1174 2793 1232 2823 pro
1247 2785 1411 2821 adhibere,
1426 2790 1462 2815 ut
1476 2786 1569 2816 Verr.

872 2824 901 2863 1,
917 2824 947 2855 6.
962 2825 1029 2855 vim
1044 2825 1079 2856 in
1092 2826 1282 2868 inquirendo
1293 2831 1424 2859 tautam
1440 2828 1549 2860 habui.
