1907 3231
487 90 610 129 ACT.
643 90 709 129 IL
734 86 923 128 LIBER
955 84 1235 128 QUINTUS.
1502 91 1586 128 425,

143 204 204 237 εει·
227 202 293 238 est
322 195 439 238 enim
474 196 584 236 ratio
612 196 918 237 instructarum
949 202 1283 249 ornatarumque
1308 192 1500 245 navium,
1531 201 1582 235 ut

140 268 230 296 non
252 255 380 295 modo
404 251 559 310 plureS‚
591 254 664 295 sed
694 268 748 295 ne
781 251 938 309 singuli
966 251 1145 306 >quidem
1174 250 1342 306 possint
1361 251 1579 292 accedere.

146 310 262 353 Dico
284 321 503 368 praeterea,
535 310 630 351 illos
659 312 775 367 ipsos
797 310 982 366 reliquos
1004 319 1170 360 nautas,
1201 307 1315 349 fame
1336 318 1468 363 atque
1487 308 1581 349 ino·
1595 321 1669 355 134

143 369 217 424 pia
248 383 389 410 rerum
420 368 616 409 omnium
639 369 862 410 confectos
891 367 1022 410 fuisse
1050 382 1104 411 ac.
1134 366 1338 422 perditos·
1372 366 1486 415 dico,
1507 375 1584 407 aut

144 440 292 467 omnes
309 436 435 467 extra
452 425 624 482 culpam
646 426 792 477 fuisse,
811 434 900 476 aut,
922 425 956 466 si
973 424 1047 476 uni
1069 423 1346 465 attribuenda
1366 422 1494 478 culpa
1512 423 1584 473 sit,

145 483 189 523 in
211 497 262 523 eo
284 484 520 524 maximam
543 483 689 535 fuisse,
720 484 794 539 qui
817 483 1025 539 optimam
1049 496 1218 533 navem,
1248 480 1457 537 plurimos
1479 494 1585 520 nau-

143 551 207 581 tas
240 540 432 592 haberet,
464 555 681 582 summum
715 541 949 597 imperium
975 540 1215 581 obtineret:
1247 547 1338 588 aut,
1370 538 1405 578 si
1435 549 1586 577 omnes

144 597 189 640 in
211 597 340 654 culpa
359 598 534 650 fuerint,
557 614 643 639 non
673 599 916 655 oportuisse
950 597 1229 639 Cleomenem
1259 594 1468 640 constitui
1489 608 1586 649 spe-

144 664 355 697 ctatorem
378 656 547 698 illorum
568 657 721 697 mortis
751 666 881 711 atque
903 656 1136 697 cruciatus.
1159 655 1259 696 dico
1281 653 1428 704 etiam,
1449 652 1493 692 in
1513 651 1586 693 illo

143 714 358 769 supplicio
387 714 629 756 mercedem
658 711 1221 768 lacrymai·um,2mercedem
1245 711 1431 753 vulneris
1456 718 1587 765 atque

145 771 302 827 plagae,
321 773 561 813 mercedem
578 771 739 812 funeris
758 786 808 812 ac
824 769 1055 826 sepulturae
1074 769 1282 810 constitui
1297 767 1418 809 nefas
1438 767 1585 809 fuisse.

145 829 426 885 Quapropter
456 831 489 871 si
512 829 619 870 mihi
649 828 906 884 respondere
936 827 1066 878 voles,
1089 826 1184 868 haec
1214 826 1374 868 dicito:
1406 825 1585 867 classem
1599 827 1672 863 135

147 885 401 928 instructam
420 897 550 942 atque
561 896 756 927 ornatam
775 885 921 935 fuisse,
942 884 1105 926 nullum
1124 893 1492 940 propugnatorem
1510 884 1586 925 ab-

145 942 291 995 fuisse,
322 945 487 986 nullum
523 957 706 986 vacuum
745 952 978 984 transtrum
1012 942 1158 992 fuisse,
1189 942 1343 998 remigi
1374 955 1464 982 rem
1498 940 1588 982 frua

145 1002 401 1043 mentariam
433 1016 524 1043 esse
557 1000 891 1057 suppeditatam‚
923 1000 1096 1041 mentiri
1128 999 1382 1050 navarchus,
1411 999 1586 1040 mentiri

148 1068 215 1100 tot
234 1069 278 1100 et
300 1069 388 1100 tam
410 1074 562 1116 graves
592 1059 805 1109 civitates,
837 1058 1011 1099 mentiri
1039 1058 1171 1099 etiam
1202 1057 1395 1098 Siciliam
1423 1065 1630 1105 totamm,

147 1117 368 1172 proditum
390 1127 432 1158 te
453 1132 544 1158 esse
565 1132 591 1157 a
622 1116 869 1166 Cleomene,
891 1116 966 1171 qui
997 1130 1040 1156 se
1073 1115 1234 1157 dixerit
1259 1116 1401 1156 exisse
1429 1114 1473 1155 in
1505 1122 1588 1155 ter·

146 1189 252 1225 ram,
276 1184 324 1215 ut
347 1174 555 1231 Pachyno
586 1174 815 1215 deduceret
844 1173 1024 1215 milites:
1058 1173 1250 1214 animum
1280 1172 1377 1224 illis,
1399 1187 1487 1214 non
1516 1186 1591 1214 co-

178 1232 238 1273 ias
261 1232 471 1274 defuisse:
506 1232 782 1274 Cleomenem
816 1231 1022 1272 acerrime
1052 1242 1320 1287 pugnantem
1353 1232 1407 1272 ab
1438 1229 1504 1270 his
1526 1244 1592 1270 re-

145 1246 297 1330 lictum
319 1305 410 1331 esse
437 1300 566 1346 atque
587 1290 824 1331 desertum:
856 1302 1034 1329 numum
1067 1289 1124 1329 ob
1158 1287 1420 1344 sepulturam
1442 1287 1592 1328 datum

146 1347 324 1389 nemini.
357 1363 454 1404 quae
489 1349 523 1389 si
559 1347 691 1398 dices,
722 1347 937 1387 tenebere.
969 1346 1032 1386 sin
1064 1346 1147 1387 alia
1175 1346 1314 1388 dices:
1346 1360 1444 1401 quae
1469 1360 1496 1385 a
1522 1360 1592 1387 me

145 1404 264 1446 dicta
285 1417 398 1457 sunt,
420 1421 506 1446 non
526 1405 750 1446 refutabis.

207 1462 296 1504 Hic
326 1472 372 1504 tu
405 1464 536 1504 etiam
566 1463 708 1503 dicere
740 1461 932 1513 audebis,
965 1460 1042 1502 Est
1068 1461 1112 1502 ‘in
1131 1460 1347 1518 judicibus
1367 1458 1587 1517 illefanzi-
1600 1459 1668 1511 52

143 1519 261 1561 liaris
290 1535 411 1572 meus,
445 1527 501 1561 est
524 1527 722 1575 paternus
754 1519 905 1560 amicus
941 1517 1038 1560 ille?
1068 1534 1170 1570 non,
1206 1529 1253 1560 ut
1284 1519 1467 1573 quisque
1497 1532 1587 1560 ma·
1602 1531 1676 1569 136

146 1578 266 1619 xime
286 1587 366 1630 est,
396 1579 573 1634 quicum
597 1579 676 1619 tibi
706 1577 869 1633 aliquid
899 1578 968 1628 sit,
1000 1577 1061 1618 ita
1091 1577 1153 1617 tui
1183 1575 1484 1632 hujuscemodi
1507 1576 1591 1617 cri-

145 1635 276 1677 minis
296 1638 488 1678 maxime
508 1650 605 1676 eum
629 1636 789 1692 pudet?
823 1635 1034 1676 Paternus
1056 1635 1220 1676 amicus
1241 1644 1321 1676 est.
1355 1632 1453 1690 Ipse
1472 1644 1593 1690 pater

146 1693 182 1734 si
215 1693 448 1749 judicaret,
485 1708 559 1750 per
594 1694 696 1735 deos
735 1692 1023 1734 immortales!
1056 1694 1095 1723 53
1109 1692 1214 1748 quid
1250 1692 1391 1733 facere
1429 1706 1592 1747 posses,

147 1766 248 1792 cum
270 1752 351 1793 tibi
374 1752 469 1792 haec
491 1751 680 1794 diceret?
710 1750 775 1792 Tu
796 1752 839 1792 in
858 1750 1083 1807 provincia
1102 1750 1249 1806 populi
1272 1749 1460 1790 Romani
1482 1764 1593 1805 prae-

148 1817 230 1860 tor,
250 1824 349 1850 cum
369 1809 449 1850 tibi
470 1809 734 1850 maritimum
757 1809 916 1850 bellum
936 1817 1049 1849 esset
1070 1808 1472 1859 administrandum,
1493 1806 1594 1848 Ma·-

147 1867 358 1917 mertinis,
390 1881 445 1907 ex
476 1867 640 1908 foedere
670 1882 799 1922 quam
821 1867 1028 1908 deberent
1048 1880 1217 1918 navem,
1248 1880 1324 1922 per
1358 1865 1593 1907 triennium

103 1953 106 1956 -
148 1924 375 1967 remisisti?
407 1925 486 1965 tibi
517 1925 629 1981 apud
661 1925 834 1966 eosdem
857 1923 1061 1981 privatim
1082 1924 1204 1965 navis
1234 1923 1430 1965 oneraria
1452 1923 1594 1968 maxi-—

149 1997 223 2023 ma
237 1982 427 2038 <publice
459 1991 524 2023 est
553 1983 794 2024 aedificata?
826 1992 871 2023 tu
894 1998 919 2023 a
948 1981 1199 2023 civitatibus
1223 1981 1426 2037 pecunias
1447 1981 1592 2022 classis

149 2042 326 2081 nomine
347 2040 558 2096 coiegisti?
585 2051 636 2081 tu
662 2041 800 2096 pretio
834 2040 1018 2096 remiges
1051 2039 1275 2082 dimisisti?
1308 2048 1370 2090 tu,
1400 2052 1499 2080 cum
1516 2053 1594 2080 na·

151 2097 216 2138 vis
237 2107 349 2139 esset
367 2113 393 2139 a
413 2108 627 2153 quaestore
650 2108 694 2139 et
722 2098 778 2139 ab
802 2098 946 2154 legato
969 2106 1097 2154 capta
1117 2098 1388 2154 praedonum,
1407 2096 1594 2152 archipi-

148 2164 288 2197 ratam
309 2156 364 2198 ab
383 2156 577 2197 omnium
611 2155 745 2197 oculis
775 2155 1024 2197 removisti?
1057 2164 1118 2207 tu,
1148 2155 1224 2210 qui
1254 2155 1369 2196 cives
1404 2153 1594 2196 Romani

148 2225 242 2255 esse
271 2214 531 2264 dicerentur,
562 2214 636 2269 qui
667 2229 692 2255 a
723 2213 868 2255 multis
897 2223 1278 2269 cognoscerentur,
1300 2212 1438 2253 securi
1467 2211 1596 2253 ferire

150 2271 358 2327 potuisti?
388 2281 434 2312 tu
458 2282 576 2313 tuam
606 2272 784 2313 domum
806 2271 1014 2327 54piratas
1043 2271 1272 2321 abducere,
1303 2271 1349 2311 in
1374 2269 1593 2324 judicium

147 2328 458 2385 archipiratam
495 2330 624 2371 domo
662 2330 897 2385 producere
933 2343 1060 2368 ausus
1095 2331 1165 2370 es?
1197 2337 1244 2369 tu
1287 2328 1331 2368 in
1368 2327 1594 2383 provincia
1609 2334 1711 2380 137-

145 2395 242 2428 „tam
264 2387 501 2444 splendida,
524 2387 636 2443 apud
661 2388 799 2428 socios
823 2385 1109 2438 fidelissimos,
1132 2386 1248 2427 cives
1271 2384 1495 2426 Romanos
1516 2385 1595 2427 ho-

150 2441 501 2497 nestissim05,‘in
533 2456 651 2486 metu
680 2444 958 2502 periculoque
980 2444 1232 2499 provinciae,
1253 2443 1342 2484 dies
1365 2443 1597 2485 continuos

196 2603 235 2632 53
258 2602 338 2641 quid
357 2600 478 2643 faeere
507 2603 627 2642 posses]
659 2601 773 2633 Posses
805 2607 855 2633 est
899 2600 986 2641 quod
999 2600 1080 2632 mihi
1099 2600 1218 2634 durum
1237 2606 1298 2632 est.
1344 2601 1464 2633 Cetera
1486 2601 1600 2633 omnia

153 2646 195 2673 ρκ’
218 2643 447 2675 emendatione
475 2645 697 2682 Hotomanni,
715 2645 814 2675 ducta
835 2656 854 2675 e
899 2644 1135 2683 interrogative
1150 2646 1248 2684 capit.
1262 2645 1355 2675 bene.
1544 2665 1548 2670 v

150 2685 300 2717 clausula
313 2685 490 2725 locifHaec
503 2689 531 2718 ,π’
548 2689 714 2728 eihipater
728 2689 785 2718 &tu
809 2687 855 2718 Et
941 2690 981 2718 54
998 2687 1132 2726 piratas
1154 2686 1327 2727 abducere]
1353 2687 1406 2718 Sic
1428 2685 1499 2718 edd.
1513 2697 1552 2718 ve
1588 2711 1595 2719 .

153 2726 241 2759 hanc
255 2728 431 2761 lectionem
455 2730 649 2761 facillimam
675 2739 744 2760 esse
759 2735 852 2770 puto.
898 2735 997 2760 recte.
1025 2728 1111 2759 male
1138 2729 1312 2764 ‚adducere
1344 2730 1417 2762 edd.
1449 2729 1596 2766 Gruteri,

153 2770 263 2811 Vulgo
273 2776 390 2810 posset.
399 2773 500 2813 possis
514 2774 549 2803 in
563 2773 612 2803 ed.
629 2774 728 2803 Grut.
743 2776 794 2803 est
805 2774 853 2803 vi·
897 2771 1031 2808 Graevii‚
1055 2771 1125 2802 sine
1149 2772 1392 2803 admonitione:
1416 2776 1451 2804 et
1473 2772 1598 2805 habent

153 2813 241 2843 tium
260 2815 544 2855 typographicam.
589 2816 738 2846 Graevius
752 2816 853 2845 eorri-
896 2816 942 2846 nie
958 2813 1090 2855 quidam
1107 2813 1186 2846 Mes.
1201 2824 1238 2846 ut
1253 2815 1363 2846 Guelf.

151 2856 220 2896 git:
255 2856 335 2896 quid
346 2855 466 2897 facere
484 2862 614 2900 posset,
630 2859 718 2899 φάη·
738 2858 795 2889 tibi
821 2858 852 2888 d.
