1907 3231
574 112 690 150 PRO
716 112 762 151 A.
791 111 1112 150 CLUENTIO.
1491 116 1566 156 55¹7

135 219 353 275 adjuvare,
382 225 456 259 aut
483 215 600 258 hunc
630 217 905 258 innocentem
924 216 1168 272 opprimere
1197 229 1321 270 posse
1344 216 1566 260 videatur?

135 277 252 323 Quid
283 277 417 332 igitur
437 288 633 316 censores
665 275 800 315 secuti
830 276 956 315 sunt?
988 287 1041 314 ne
1071 272 1154 328 ipsi
1181 272 1370 327 quidem,
1395 285 1439 314 ut
1470 276 1650 332 gra-45

133 334 305 374 vissime
337 332 492 381 dicam,
522 330 756 386 quidquam
792 330 908 371 aliud
945 331 1104 381 dicent,
1138 338 1294 385 praeter
1328 345 1565 373 sermonem
1580 350 1654 385 1526

132 400 262 445 atque
279 390 453 431 famam.
475 387 583 428 nihil
605 402 649 427 se
671 389 867 439 testibus,
887 387 999 430 nihil
1017 387 1188 439 tabulis,
1211 386 1319 428 nihil
1349 389 1470 442 gravi
1491 389 1568 430 ali·

134 461 221 502 quo
253 453 508 503 argumento
544 446 817 500 comperisse,
845 445 954 487 nihil
988 444 1186 499 denique,
1218 458 1346 485 causa
1377 446 1570 499 cognita,

135 503 334 545 statuisse
366 502 527 544 dicent.
588 502 755 548 Quodsi
790 503 855 543 ita
881 502 1106 543 fecissent:
1139 510 1282 542 tamen
1314 501 1357 543 id
1391 516 1478 542 non
1510 503 1572 543 ita

134 560 271 602 fixum
293 573 385 600 esse
405 559 595 611 deberet,
614 569 662 600 ut
683 559 865 601 convelli
887 575 975 600 non
997 559 1157 600 liceret.
1190 559 1290 600 Non
1312 567 1408 600 utar
1425 573 1572 600 exem-

134 616 304 673 plorum
324 616 465 672 copia,
488 632 584 672 quae
617 631 783 658 summa
804 626 892 658 est:
927 631 1013 657 non
1042 630 1131 656 rem
1153 625 1354 667 veterem,
1378 631 1462 657 non
1494 616 1572 657 ho-

133 674 295 715 minem
319 684 540 729 potentem
563 674 764 729 aliquem,
785 684 859 715 aut
880 674 1118 729 gratiosum
1140 673 1368 728 proferam.
1422 674 1573 730 Nuper

133 730 355 774 hominem
388 740 575 781 tenuem,
607 731 790 771 scribam
822 731 1069 779 aedilicium,
1103 729 1160 771 D.
1185 730 1442 772 Matrinium
1473 746 1574 773 cum

132 787 419 830 defendissem
453 788 566 844 apud
599 787 666 828 M.
690 787 888 838 Junium,
921 787 978 833 Q.
1002 787 1248 828 Publicium
1280 798 1499 842 praetores,
1530 799 1574 830 et

134 843 204 886 M.
244 844 512 896 Plaetorium,
552 844 605 886 C.
645 844 919 895 Flaminium,
963 843 1106 884 aediles
1145 844 1336 885 curules:
1369 846 1572 901 persuasi,

135 911 185 944 ut
214 903 399 944 scribam
422 902 558 957 jurati
588 901 780 957 legerent
809 915 924 951 eum,
951 915 1078 956 quem
1115 900 1244 941 iidem
1274 901 1345 941 isti
1375 917 1572 943 censores

135 960 332 1001 aerarium
354 959 638 1014 reliquissent.
690 957 803 999 Cum
824 959 938 998 enim
962 959 1003 998 in
1027 958 1202 998 homine
1224 958 1338 999 nulla
1359 959 1485 1015 culpa
1507 975 1572 1001 re-

136 1017 368 1073 periretur:
403 1016 506 1071 quid
540 1015 608 1056 ille
648 1016 886 1066 meruisset,
923 1031 1007 1056 non
1041 1016 1143 1070 quid
1181 1016 1234 1056 de
1271 1030 1322 1056 eo
1361 1026 1569 1058 statutum

134 1084 260 1125 esset,
282 1073 559 1129 quaerendum
582 1087 673 1113 esse
701 1073 932 1113 duxerunt.
994 1072 1107 1114 Nam
1139 1072 1232 1113 haec
1262 1073 1451 1128 quidem,
1473 1087 1660 1129 quae127‘

134 1131 188 1172 de
213 1131 382 1186 judicio
415 1142 619 1186 corrupto
649 1130 1023 1186 9subscripserint,
1053 1130 1148 1185 quis
1181 1139 1259 1180 est,
1291 1131 1365 1185 qui
1401 1133 1455 1172 ab
1488 1131 1570 1173 illis

136 1189 238 1229 satis
260 1188 439 1244 cognita
452 1197 496 1228 et
516 1188 958 1243 diligenterjudicata
978 1188 1233 1229 arbitretur?
1257 1188 1300 1228 in
1323 1187 1403 1230 M'.
1420 1189 1572 1244 Aquil-

134 1244 242 1287 lium
271 1255 314 1287 et
346 1246 388 1286 in
420 1244 472 1287 T.
507 1245 689 1286 Guttam
720 1244 843 1286 video
873 1259 964 1286 esse
994 1246 1298 1300 subscriptum.
1359 1247 1476 1293 Quid
1509 1256 1575 1288 est

136 1301 249 1345 hoc?
280 1303 387 1345 duos
424 1317 514 1343 esse
552 1310 776 1358 corruptos
814 1302 924 1343 solos
967 1302 1175 1358 pecunia?
1211 1303 1377 1349 lOQuid
1415 1304 1575 1346 ceteri?

138 1360 340 1401 videlicet
368 1361 502 1416 gratis
523 1360 892 1401 condemnarunt?
926 1360 1027 1400 Non
1058 1370 1123 1400 est
1153 1360 1285 1416 igitur
1306 1360 1681 1409 ci1·cumven-p.44‚

139 1428 222 1469 tus,
251 1433 338 1458 non
373 1426 437 1458 est
466 1431 692 1473 oppressus
725 1418 921 1472 pecunia,
947 1431 1048 1467 non,
1077 1420 1172 1457 llut
1205 1417 1286 1458 illae
1322 1419 1573 1465 Quintianae
1586 1423 1614 1443 ³·

137 1475 367 1516 conciones
405 1474 638 1525 habebant,
676 1488 839 1524 omnes,
882 1475 955 1529 qui
990 1473 1281 1530 Oppianicum
1315 1476 1575 1518 condemna-

136 1540 252 1583 runt,
289 1532 333 1572 in
366 1531 493 1586 culpa
526 1539 624 1572 sunt
661 1546 711 1585 ac
747 1532 990 1587 suspicione
1029 1532 1232 1588 ponendi.
1294 1532 1415 1573 Duos
1459 1534 1570 1575 solos

138 1589 264 1630 video
305 1589 561 1629 auctoritate
602 1602 828 1629 censorum
878 1589 1026 1629 affines
1069 1589 1107 1629 ei
1158 1589 1414 1645 turpitudini
1451 1591 1571 1646 judi-

136 1647 240 1687 cari.
301 1645 439 1686 12Aut
468 1645 571 1687 illud
602 1645 797 1697 afferant,
819 1645 999 1701 (aliquid
1021 1648 1130 1694 esse)
1151 1646 1264 1701 quod
1298 1647 1351 1688 de
1380 1647 1432 1688 iis
1462 1649 1575 1700 duo--

138 1704 217 1745 bus
251 1703 480 1745 habuerint
508 1713 793 1759 compertum,
825 1704 878 1745 de
917 1704 1069 1745 ceteris
1108 1705 1381 1759 comperisse.
1454 1705 1566 1747 Nam
1579 1707 1652 1761 46

138 1760 243 1802 illud
265 1761 437 1816 quidem
470 1761 648 1801 minime
678 1761 948 1817 probandum
971 1769 1049 1812 est,
1070 1761 1122 1802 ad
1156 1762 1399 1803 notationes
1420 1773 1568 1805 aucto-
1584 1785 1657 1818 1⁶23

139 1819 395 1873 ritatemque
427 1818 664 1859 censoriam
698 1818 944 1875 exemplum
967 1818 1060 1859 illos
1083 1834 1108 1859 a
1127 1820 1438 1862 consuetudine
1459 1821 1571 1862 mili-

138 1876 221 1917 tari
253 1875 530 1916 transtulisse.
588 1875 842 1917 Statuerunt
872 1876 986 1916 enim
1018 1876 1080 1916 ita
1113 1876 1294 1931 majores
1326 1879 1476 1929 nostri,
1510 1888 1573 1930 ut,

141 1933 176 1974 si
197 1948 223 1973 a
244 1932 388 1973 multis
410 1941 520 1974 esset
542 1933 756 1988 flagitium
778 1934 837 1974 rei
860 1933 1056 1974 militaris
1078 1934 1325 1985 adinissum,
1349 1936 1574 1977 sortitione

140 1989 185 2031 in
207 1990 415 2046 quosdam
434 1990 866 2032 animadverteretur:
898 2001 946 2032 ut
961 2001 1099 2031 metus
1116 1991 1313 2033 videlicet
1335 1993 1387 2033 ad
1409 2008 1573 2045 omnes,

144 2062 276 2103 poena
296 2047 349 2088 ad
382 2062 541 2103 paucos
575 2049 830 2103 perveniret.
892 2049 1022 2095 Quod
1056 2049 1168 2089 idem
1203 2049 1343 2090 facere
1376 2065 1572 2092 censores

143 2105 188 2147 in
210 2104 377 2146 delectu
399 2105 638 2161 dignitatis,
661 2115 703 2146 et
725 2106 768 2147 in
783 2105 954 2161 judicio
977 2107 1153 2157 civium,
1175 2116 1218 2147 et
1240 2107 1283 2147 in
1306 2108 1572 2150 animadver-

182 2255 202 2286 9
223 2252 468 2293 subscripserint
483 2253 554 2293 &c.]
576 2253 657 2284 Haec
679 2263 779 2293 usque
794 2253 834 2284 ad

877 2254 920 2295 ῼ.
944 2256 1091 2285 concione
1114 2255 1311 2286 habebatur:
1335 2265 1407 2295 quae
1433 2263 1481 2288 est
1505 2258 1574 2288 vio—

140 2305 169 2325 c.
182 2297 234 2329 47.
251 2295 348 2325 verba
368 2297 512 2336 opinione
532 2297 700 2332 standum,
716 2296 835 2326 absunt

878 2297 968 2327 lenta
982 2298 1151 2328 correctio.

141 2337 181 2367 ab
203 2337 253 2368 ed.
271 2340 360 2372 1471.
406 2339 561 2370 Ceterum
578 2339 724 2368 Graevius
747 2338 835 2369 dedit

142 2379 417 2420 subscripserunt.-
439 2381 494 2411 sed
511 2387 548 2412 et
571 2381 653 2412 illud
673 2380 727 2411 hic
749 2389 836 2412 stare

141 2426 261 2463 potest.

189 2467 226 2494 lo
247 2464 341 2505 Quid
360 2466 456 2496 ceteri
469 2465 499 2505 2⁹]
524 2464 606 2496 Edd.
629 2475 678 2505 pr.
697 2465 759 2495 sic:
779 2474 838 2504 pe-

143 2507 242 2536 cunia
255 2506 394 2538 dicant?
416 2509 513 2538 ceteri
529 2509 593 2538 z‘t'd.
611 2509 669 2538 ἃς.
714 2506 837 2546 vulga-

143 2552 218 2578 tum
240 2550 363 2590 primus
377 2549 466 2580 dedit
486 2551 612 2588 Junta3
637 2549 710 2581 inde
725 2550 838 2580 Victo—

145 2590 224 2627 rius,
246 2596 359 2621 utrum
381 2602 398 2623 e
421 2593 624 2631 conjectura,
647 2603 689 2623 an
710 2603 727 2623 e
749 2591 838 2622 libris

144 2633 285 2672 seriptis,
313 2635 432 2665 nescio.
478 2635 573 2666 Forte
605 2640 717 2665 tamen
744 2638 794 2665 est
821 2644 838 2665 e

142 2673 228 2704 libro
245 2675 376 2707 Colotii.
413 2676 473 2707 Est
487 2681 574 2708 certe
590 2677 705 2708 melius
719 2677 836 2708 altero.

191 2719 224 2748 11
253 2722 290 2748 ut
316 2719 380 2749 illae
406 2719 449 2759 Q.
476 2722 638 2752 conciones
663 2718 836 2758 habebant]

145 2759 198 2789 Sic
233 2760 356 2791 correxi
383 2762 598 2799 habebantur,
626 2762 712 2802 quod
746 2761 840 2792 nihili

144 2801 216 2832 est:
255 2801 400 2833 Graevius
427 2805 622 2845 corrigebat,
652 2810 690 2835 ut
717 2805 750 2834 in
779 2805 840 2835 illa

925 2342 960 2370 12
975 2340 1044 2370 Aut
1066 2341 1152 2370 illud
1172 2338 1320 2381 cgfferant
1345 2340 1416 2380 &c.]
1441 2340 1572 2381 Reliqui

878 2380 1001 2419 locum,
1036 2389 1075 2412 ut
1109 2388 1158 2413 est
1195 2383 1228 2412 in
1255 2383 1463 2413 Gruter-iana.
1495 2394 1573 2415 nam

879 2430 970 2454 totus
994 2425 1080 2455 varie
1105 2425 1139 2454 in
1162 2424 1251 2455 libris
1275 2425 1408 2463 legitur,
1431 2432 1464 2456 et
1484 2428 1574 2458 varie

878 2471 1042 2502 tentatur,
1058 2477 1118 2497 nec
1131 2472 1181 2497 est
1203 2466 1324 2505 aliquid
1337 2468 1428 2497 certi.
1469 2468 1576 2499 Vitio-

879 2517 933 2539 sus
947 2509 1077 2548 quidem
1090 2514 1140 2539 est
1152 2509 1222 2539 sine
1237 2509 1344 2539 dubio.
1369 2510 1437 2540 Aut
1452 2511 1577 2542 indicat

880 2551 972 2587 satis,
988 2555 1025 2581 ut
1040 2552 1168 2591 opinor,
1183 2551 1335 2581 lacunam
1350 2561 1418 2582 esse
1440 2553 1493 2584 hic
1516 2553 1576 2584 ali·

881 2603 992 2632 quani,
1014 2593 1080 2624 sive
1102 2599 1192 2630 ante,
1215 2593 1280 2623 sive
1300 2600 1387 2634 post,
1410 2605 1482 2634 quae
1505 2596 1576 2627 sine

882 2635 1070 2666 melioribus
1094 2635 1186 2665 libris
1213 2635 1336 2676 expleri
1364 2646 1431 2667 non
1454 2642 1574 2678 potest.

881 2677 971 2709 Fecit
985 2677 1150 2708 dilemma.
1177 2677 1313 2718 Aliquid
1322 2688 1388 2709 esse
1401 2679 1576 2711 delendum

881 2724 932 2750 est
952 2721 1021 2750 sine
1043 2720 1154 2757 dubio,
1167 2725 1206 2750 ut
1229 2720 1309 2751 vidit
1325 2721 1497 2759 Gruterus,
1521 2723 1576 2762 qui

882 2763 974 2792 uncis
993 2762 1136 2792 inclusit.
1180 2761 1220 2792 ln
1240 2763 1306 2794 fine
1327 2764 1473 2794 Graevius
1494 2765 1577 2796 bene

882 2804 964 2846 legit
977 2814 1040 2835 mm
1054 2806 1250 2845 comperisse.
