1907 3231
393 133 469 173 DE
493 131 638 185 LEGE
664 132 786 170 AGR:
815 130 1033 170 CONTRA
1060 131 1306 170 RULLUM.
1517 133 1596 175 587

151 237 340 280 diderint
362 237 405 290 ii,
428 238 502 294 qui
533 236 661 278 armis
692 244 736 278 et
769 236 929 278 virtute
958 243 1230 293 pepererunt,
1253 243 1301 276 ut
1330 242 1456 287 esset,
1477 235 1595 291 quod

154 309 248 346 nos,
269 296 511 352 largitionis
533 308 675 344 causa,
698 294 993 335 venderemus.

211 352 368 395 Videte
403 366 532 402 nunc,
558 351 733 406 9quoad
766 351 920 392 fecerit
951 351 1046 402 iter,
1074 349 1278 406 apertius,
1301 363 1430 403 quam
1454 358 1631 400 antea.5

152 423 252 451 nam
289 410 508 466 superiore
537 418 659 464 parte
690 408 797 465 legis
826 408 1187 464 quemadmodum
1227 406 1483 461 Pompeium
1519 422 1623 462 op-*

159 475 161 477 '
186 475 410 523 ugnarent,
427 481 452 507 a
473 481 542 507 me
561 466 738 507 indicati
763 475 885 508 sunt:
911 480 1024 507 nunc
1039 465 1131 520 jam
1156 478 1201 505 se
1223 463 1305 520 ipsi
1328 463 1597 505 indicabunt.

148 479 318 566 {abent
340 524 484 564 venire
514 538 640 579 agros
664 522 953 564 Attalensium
983 533 1114 578 atque
1137 521 1496 578 Olympenorum.
1521 520 1598 562 hos

151 581 314 637 populo
350 579 550 622 Romano
583 581 768 631 Servilii,
792 580 1014 622 fortissimi
1049 580 1144 630 viri,
1169 579 1350 620 victoria
1379 577 1597 632 adjunxit,
1610 593 1640 623 p.
1656 585 1708 616 62.

151 638 306 679 deinde
328 652 456 694 agros
475 639 519 678 in
544 637 808 679 Macedonia
826 638 986 694 regim,
1001 637 1073 693 qui
1099 638 1257 692 partim
1279 635 1330 677 T.
1352 635 1639 686 Flamininif‘·

153 695 312 750 partim
346 694 395 736 L.
420 695 574 745 Paulli,
596 695 671 750 qui
707 695 863 735 Persen
897 695 1016 744 vicit,
1039 694 1198 735 virtute
1231 694 1341 749 parti
1374 701 1495 734 sunt:
1526 692 1601 734 de-

151 752 253 794 inde
283 766 435 809 agrum
468 753 683 808 optimum
704 762 748 793 et
779 751 1171 792 fructuosissimum
1212 750 1505 801 Corinthium,
1527 750 1602 805 qui

156 808 205 850 L.
230 808 438 850 Mummii
475 809 658 866 imperio
684 824 734 849 ac
763 808 971 849 felicitate
1004 808 1056 848 ad
1080 807 1311 863 vectigalia
1341 808 1488 863 populi
1513 807 1604 849 Ro-

152 867 268 907 mani
304 866 534 922 adjunctus
567 875 659 907 est:
691 874 793 921 post
827 875 971 905 autem
1006 879 1132 920 agros
1167 865 1211 905 in
1246 864 1460 920 Hispania
1489 864 1605 921 apud

155 923 472 980 Karthaginem
511 938 684 973 novam,
721 923 906 963 duorum
945 922 1201 977 Scipionum
1244 922 1407 963 eximia
1445 923 1606 963 virtute

154 983 194 1012 ¹0
208 995 454 1037 possessos:
487 990 580 1021 tum
613 994 713 1020 vero
756 980 894 1035 ipsam
927 989 1115 1020 veterem
1150 979 1466 1035 Karthaginem
1503 993 1606 1020 ven-

152 1039 278 1090 dunt,
300 1052 429 1094 quam
454 1037 504 1078 P.
528 1037 760 1078 Africanus
794 1037 999 1078 nudatam
1031 1037 1157 1078 tectis
1185 1052 1234 1078 ac
1256 1038 1493 1088 moenibus,
1516 1037 1606 1079 sive

152 1096 206 1137 ad
238 1095 473 1136 notandam
499 1094 930 1151 Karthaginiensium
955 1094 1262 1145 calamitatem,
1287 1094 1376 1135 sive
1406 1094 1458 1135 ad
1483 1094 1605 1135 testi-

152 1152 368 1194 ficandam
397 1162 590 1193 nostram
620 1152 863 1202 victoriam,
885 1152 976 1192 sive
999 1152 1051 1192 ad
1083 1153 1271 1193 oblatam
1297 1152 1486 1207 aliquam
1507 1152 1604 1193 reli-

151 1210 328 1265 gionem
351 1210 404 1251 ad
421 1220 627 1251 aeternam
650 1208 873 1250 hominum
900 1209 1151 1250 memoriam
1173 1209 1458 1250 consecravit.
1518 1209 1640 1251 His6

152 1267 400 1323 insignibus
426 1270 458 1297 ¹¹
475 1276 605 1322 atque
638 1266 785 1307 infulis
808 1267 978 1322 imperii
1004 1267 1204 1317 venditis,
1227 1267 1383 1321 quibus
1406 1276 1605 1309 ornatam

151 1325 277 1365 vobis
309 1324 494 1380 majores
527 1324 655 1365 vestri
687 1325 1000 1380 rempubl-icam
1032 1325 1314 1375 tradiderunt,
1340 1324 1501 1379 jubent
1531 1339 1606 1366 eos

150 1396 277 1438 agros
303 1383 460 1432 venire,
483 1396 590 1437 quos
621 1395 697 1422 rex
731 1381 1013 1422 Mithridates
1036 1381 1081 1421 in
1108 1381 1420 1437 Paphlagonia,
1446 1381 1605 1434 Ponto,

152 1439 520 1496 Cappadociaque
551 1438 804 1495 possederit.
866 1439 986 1479 Num
1017 1441 1201 1480 obscure
1233 1439 1447 1489 videntur,
1470 1453 1606 1496 prope

149 1496 274 1538 hasta
304 1497 542 1552 praeconis,
564 1496 766 1537 insectari
800 1495 883 1537 Cn.
910 1495 1109 1551 Pompeii
1142 1496 1400 1546 exercitum,
1425 1497 1499 1551 qui
1531 1511 1605 1537 ve·

148 1554 240 1595 nire
256 1554 444 1610 jubeant
464 1567 537 1594 eos
569 1553 685 1609 ipsos
717 1567 860 1609 agros,
883 1553 927 1594 in
950 1553 1108 1609 quibus
1133 1553 1203 1594 ille
1225 1553 1357 1594 etiam
1376 1567 1491 1595 nunc
1514 1554 1605 1596 bel-

149 1610 238 1654 lum
263 1621 386 1668 gerat
407 1620 538 1666 atque
560 1613 779 1652 versetur?

209 1668 311 1711 Hoc
335 1683 435 1709 vero
466 1668 711 1723 cujusmodi
736 1677 815 1719 est,
836 1667 952 1722 quod
975 1667 1068 1722 ejus
1094 1667 1324 1717 auctionis,
1346 1682 1477 1723 quam
1499 1683 1648 1730 con-3

151 1727 354 1776 stituunt,
377 1725 519 1766 locum
544 1726 625 1767 sibi
646 1725 808 1767 nullum
827 1725 1063 1766 definiunt?
1094 1740 1194 1766 nam
1214 1725 1485 1777 decemviris,
1507 1727 1641 1793 qui-7

150 1785 232 1825 bus
253 1784 298 1825 in
320 1783 426 1824 locis
449 1784 552 1838 ipsis
577 1784 785 1833 videatur,
809 1782 1022 1824 vendendi
1045 1793 1236 1839 potestas
1268 1782 1364 1838 lege
1388 1784 1603 1838 permitti-

149 1849 235 1883 tur„
309 1840 574 1882 Censoribus
609 1840 840 1897 vectigalia
867 1840 1024 1891 locare,
1054 1840 1135 1880 nisi
1171 1841 1215 1880 in
1249 1849 1485 1895 conspectu
1522 1856 1603 1897 po·-

148 1899 239 1957 puli
266 1898 454 1939 Romani
483 1913 570 1938 non
602 1897 716 1939 licet.
750 1898 816 1938 his
839 1898 1023 1938 vendere
1044 1897 1110 1938 vel
1143 1898 1187 1938 in
1218 1897 1381 1938 ultimis
1404 1898 1527 1938 terris
1551 1899 1603 1940 li—

147 1957 294 1998 cebit?
344 1954 403 1997 At
426 1955 509 1996 hoc
531 1955 660 1996 etiam
694 1955 944 2010 nequissimi
970 1955 1182 2006 homines,
1205 1955 1444 1996 consumtis
1467 1956 1602 2011 patri-

147 2014 322 2063 moniis,
344 2013 525 2064 faciunt,
545 2023 591 2054 ut
614 2013 656 2053 in
680 2014 800 2053 atriis
822 2013 1101 2054 auctionariis
1124 2013 1285 2069 potius,
1305 2027 1436 2068 quam
1458 2013 1501 2054 in
1527 2014 1603 2054 tri-

147 2072 245 2123 viis,
262 2080 337 2113 aut
359 2070 402 2111 in
426 2070 628 2127 compitis
651 2071 970 2111 auctionentur.
986 2070 1059 2111 hic
1082 2070 1295 2127 permittit
1320 2085 1395 2110 sua
1416 2070 1512 2126 lege
1527 2071 1603 2112 de-

147 2129 362 2178 cemviris,
387 2139 447 2179 ut,
471 2128 514 2169 in
549 2129 706 2183 quibus
737 2128 1017 2169 commodum
1047 2128 1103 2169 sit
1138 2127 1339 2179 tenebris,
1369 2137 1413 2169 ut
1444 2128 1488 2169 in
1516 2144 1603 2185 qua

148 2186 284 2228 velint
315 2185 563 2237 solitudine,
601 2186 715 2226 bona
749 2185 898 2241 populi
932 2185 1120 2227 Romani
1153 2186 1320 2241 possint
1353 2185 1599 2228 divendere.

147 2243 248 2288 Jam
273 2243 344 2285 illa
365 2244 566 2284 omnibus
589 2243 632 2283 in
655 2243 906 2299 provinciis,
928 2243 1086 2300 regniS,
1114 2243 1259 2284 liberis
1277 2243 1448 2298 populis
1467 2252 1635 2298 quamS

149 2302 320 2352 acerba,
339 2315 469 2357 quam
493 2300 786 2351 formidolosa,
808 2315 937 2355 quam
959 2310 1207 2355 quaestuosa
1227 2300 1501 2341 concursatio
1525 2301 1599 2342 de-

149 2358 392 2400 cemviralis
424 2357 572 2399 futura
601 2359 671 2407 sit,
693 2372 779 2398 non
804 2358 987 2400 videtis?
1039 2357 1346 2399 Hereditatum
1377 2358 1599 2399 obeunda-

148 2430 244 2458 rum
267 2430 412 2466 causa,
433 2416 590 2471 quibus
612 2429 688 2456 vos
710 2415 947 2471 legationes
970 2415 1164 2465 dedistis,
1187 2415 1261 2470 qui
1293 2425 1336 2456 et
1362 2415 1533 2471 privati,
1554 2425 1598 2457 et
1610 2431 1642 2463 b,

148 2474 367 2530 privatum
387 2473 440 2514 ad
457 2473 679 2529 negotium
701 2471 916 2524 exierunt,
937 2487 1024 2514 non
1043 2473 1243 2514 maximis
1265 2473 1437 2528 opibuS,
1459 2487 1599 2529 neque

189 2591 210 2622 9
231 2586 466 2627 quoadfecerit
479 2586 556 2626 iter]
575 2586 627 2616 Sic
641 2586 767 2617 habent
778 2585 850 2617 edd.
892 2587 969 2623 iter,
984 2591 1024 2616 ut
1048 2587 1111 2617 feei
1125 2598 1133 2616 ι
1146 2596 1236 2616 :nam
1259 2586 1402 2618 refertur
1425 2587 1466 2618 ad
1487 2587 1598 2628 proxi·

148 2639 199 2670 pr.
214 2629 316 2660 Aldus
339 2630 382 2660 N.
398 2629 487 2660 dedit
509 2641 527 2659 e
550 2630 586 2659 P.
605 2628 750 2659 Manutii
762 2628 852 2669 judi-
893 2639 969 2661 ma:
993 2639 1074 2659 nam
1088 2630 1252 2669 mapa-iore
1260 2634 1359 2668 parte
1374 2631 1433 2660 ἂρ.

146 2673 198 2702 cio
213 2682 274 2712 quo
287 2671 466 2712 adfectavit
488 2673 562 2708 iter,
578 2671 665 2711 quod
684 2677 717 2702 et
733 2670 788 2701 alii
804 2681 852 2701 se·
940 2673 978 2701 lo
994 2671 1164 2711 possessos]
1192 2671 1213 2701 i.
1240 2677 1428 2713 occupatos.
1449 2682 1480 2702 v.
1506 2672 1598 2704 Clav.

147 2715 217 2745 cuti
231 2720 321 2744 sunt.
367 2714 430 2745 Ms.
447 2714 497 2744 Fr.
515 2714 658 2744 habebat
672 2712 750 2753 ulf.
766 2714 854 2753 quod
896 2714 933 2744 in
946 2713 980 2743 h.
997 2723 1024 2743 v.

145 2761 182 2787 et
204 2757 239 2787 in
262 2756 335 2787 aliis
358 2757 479 2796 reperit
499 2756 687 2787 Turnebus.
731 2755 855 2794 Vulga·
946 2759 979 2786 11
1018 2759 1116 2795 atque
1143 2753 1275 2795 infulis]
1304 2755 1440 2787 Addidit
1466 2756 1602 2793 infulas,

147 2802 222 2830 tum
235 2803 284 2829 est
298 2798 426 2830 melius.
440 2799 549 2839 quoad
561 2798 702 2828 refertur
717 2797 757 2828 ad
772 2798 858 2828 mul·
900 2798 988 2837 quod
1007 2798 1031 2828 ii
1046 2798 1116 2838 agri
1138 2796 1304 2831 habebant
1320 2798 1467 2846 aliquam
1481 2799 1604 2831 sancti-

146 2841 330 2872 titudinem
372 2850 540 2881 agrorum,
569 2850 650 2880 quos
687 2841 857 2881 petebant.
898 2846 1019 2872 tatem-

147 2884 212 2915 Sed
234 2883 542 2926 ‘umen-pungendum
570 2887 621 2914 est
643 2887 718 2925 post
733 2882 858 2923 fecerit
