1907 3231
648 109 771 164 PRQ
795 112 853 150 A.v
871 102 1128 164 CAECJNA.
1541 117 1620 155 469

165 213 221 260 tis
245 212 418 270 judicio
442 229 663 272 poenaque
696 216 897 274 mitigat„
948 215 1133 268 Praetor³
1151 214 1329 267 interea,
1353 214 1471 270 Piso,
1494 227 1617 261 tanta
1634 207 1700 256 13

162 271 217 313 de
240 287 284 313 re
301 273 492 315 tacebit?
521 274 888 329 quemadmodum
912 285 954 316 te
967 275 1175 317 restituat
1192 274 1236 314 in
1259 274 1374 321 aedes
1393 284 1504 328 tuas,
1524 291 1614 319 non
1625 273 1682 315 36

162 328 372 373 habebit?
404 331 493 378 Qui
524 331 615 372 dies
639 340 754 373 totos
776 342 851 373 aut
872 327 961 373 v'im
983 332 1078 374 'fieri
1100 339 1332 383 vetatsaut
1358 333 1528 374 restitui
1551 334 1616 377 fa-

159 396 279 430 ctam
293 388 448 445 jubet:
480 389 554 444 qui
578 389 631 431 de
663 390 805 442 fossis,
829 391 882 443 de
911 391 1087 442 cloacis,
1109 390 1162 431 de
1190 388 1382 431 minimis
1405 405 1615 445 aquarum

159 443 452 503 itinerumque
472 448 780 489 controversiis
803 449 1040 502 interdicit,
1062 448 1097 489 is
1118 460 1295 505 repente
1315 448 1615 492 obmutescet?

158 501 205 544 in
235 505 507 547 atrocissima
537 520 581 546 re
611 507 727 562 quod
760 506 907 558 faciat,
941 521 1028 548 non
1057 505 1262 548 habebit?
1293 515 1351 558 et,
1376 505 1615 549 C.'Pisone

155 560 289 617 domo
319 563 532 619 tectisque
567 564 653 605 suis
688 564 927 621 prohibito,
949 564 1404 622 prohibit0,''inqu'am,
1427 577 1502 619 per
1533 564 1614 607 ho-

153 618 293 661 mines
323 630 500 663 coactos
526 630 569 662 et
602 632 805 674 armatos,
828 623 991 680 praetor
1023 622 1390 679 quemadmodum
1408 627 1540 664 ‘more
1569 633 1614 664 et

153 677 358 735 exemplo
387 679 592 736 opitulari
627 681 778 737 possit,
800 695 889 722 non
921 676 1130 723 habebit?
1163 679 1282 728 Quid
1316 680 1612 725 enim-dicet?

151 743 229 777 aut
250 736 356 791 quid
383 747 444 789 tu,
468 748 557 779 tam
586 738 746 795 insigni
769 749 950 794 accepta
966 739 1155 795 injuria,
1183 738 1459 794 postulabis?-
1483 739 1744 785 Under-292.

149 791 195 834 vi
218 794 465 850 prohibitus
489 798 561 848 sis,
584 811 712 837 nemo
735 810 939 852 umquam
967 797 1209 837 interdixit.
1232 810 1396 837 novum
1418 804 1498 848 est,
1520 806 1609 840 non
1622 798 1652 819 a.

148 849 250 893 dico
273 853 545 906 inusitatum,
569 868 718 895 verum
740 854 919 895 omnino
943 853 1202 895 inauditum.
1235 853 1364 895 Unde
1385 854 1609 909 dejectus?

145 907 272 955 Quid
309 912 525 967 proficies,
560 926 661 952 eum
695 911 753 952 illi
790 911 874 953 hoc
916 911 1242 969 respondebunt
1276 911 1374 962 tibi,
1405 908 1522 967 quod
1559 916 1607 956 ni

145 981 264 1010 nunc
286 969 419 1012 mihi:
451 971 493 1001 36
505 979 694 1011 armatos
717 968 796 1011 tibi
821 969 1058 1025 obstitisse,
1083 984 1137 1011 ne
1157 971 1199 1011 in
1218 969 1332 1013 aedes
1355 970 1604 1014 accederes:

144 1024 277 1081 dejici
321 1042 449 1083 porro
491 1027 612 1069 nullo
663 1027 794 1070 modo
846 1023 1053 1085 potuissej
1094 1031 1166 1084 qui
1212 1043 1298 1068 non
1345 1029 1604 1072 accesserit?

145 1080 346 1139 Dejicior
374 1099 473 1143 ego,
506 1085 664 1142 inquiS,
702 1086 736 1127 si
766 1087 863 1143 quis
899 1084 1094 1128 meorum
1117 1086 1322 1143 dejicitur
1352 1088 1391 1120 37
1406 1087 1600 1129 omnino.
1613 1101 1666 1142 37

142 1139 246 1183 Jam
285 1143 395 1184 bene
424 1144 534 1201 agis.
567 1159 592 1186 a
623 1144 765 1185 verbis
792 1145 907 1185 enim
931 1145 1114 1196 recedis,
1136 1155 1180 1186 et
1208 1144 1416 1200 aequitate
1451 1146 1600 1187 uteris.

141 1213 244 1249 nam
277 1202 410 1242 verba
443 1202 537 1260 ipsa
570 1202 602 1243 si
642 1202 763 1258 sequi
798 1202 1012 1254 volumus,
1048 1203 1269 1259 quomodo
1307 1212 1352 1244 tu
1385 1202 1601 1257 dejiceris,

140 1271 242 1299 cum
265 1273 411 1301 servus
443 1269 542 1302 tuus
572 1259 806 1316 dejicitur?
839 1261 1003 1303 Verum
1028 1261 1088 1302 ita
1115 1271 1196 1312 est,
1217 1261 1282 1301 uti
1314 1260 1437 1301 dicis.
1464 1271 1504 1302 te
1527 1261 1602 1303 de-

132 1313 306 1371 jectum
328 1318 466 1360 debeo
497 1317 753 1375 intelligere,
776 1318 945 1360 etiamsi
980 1328 1122 1361 tactus
1146 1333 1230 1360 non
1256 1319 1403 1360 fueris.
1427 1323 1602 1363 nonne?

139 1371 239 1430 Age
261 1389 392 1427 nunc,
414 1377 448 1418 si
472 1391 526 1417 ne
549 1387 720 1417 tuorum
752 1377 928 1432 quidem
950 1377 1179 1433 quisquam
1214 1376 1310 1418 loco
1335 1385 1479 1417 motus
1502 1379 1600 1430 erit,

139 1441 271 1488 atque
292 1448 442 1475 omnes
465 1435 508 1475 in
541 1434 709 1475 aedibus
741 1435 952 1476 adservati
984 1450 1034 1476 ac
1068 1434 1246 1477 retenti:
1284 1447 1326 1475 tu
1361 1434 1474 1475 solus
1499 1438 1601 1492 pro'-

138 1488 320 1543 hibitus,
343 1500 387 1532 et
408 1507 434 1532 a
456 1492 540 1534 tuis
565 1492 732 1533 aedibus
757 1493 796 1535 vi
829 1502 960 1549 atque
982 1493 1112 1534 arinis
1136 1493 1418 1549 perterritus:
1452 1499 1600 1535 utrum

133 1545 248 1596 hanc
270 1549 489 1591 actionem
513 1550 710 1601 habebis,
733 1566 818 1607 qua
841 1566 918 1592 nos
942 1551 1007 1592 usi
1027 1566 1189 1603 sumus,
1214 1565 1266 1593 an
1292 1549 1418 1591 aliam
1442 1565 1599 1606 quam·-

133 1605 268 1662 piam‚
290 1622 346 1648 an
379 1608 560 1649 omnino
591 1608 779 1651 nullam?
810 1609 972 1651 nullam
1004 1620 1096 1650 esse
1124 1608 1343 1650 actionem
1375 1608 1519 1649 dicere
1552 1609 1598 1651 in

131 1678 178 1705 re
200 1673 288 1706 tam
312 1665 487 1723 insigni,
512 1676 688 1722 tamque
720 1667 874 1719 atroci,
896 1682 1035 1724 neque
1058 1666 1317 1724 prudentias,
1341 1680 1482 1722 neque
1515 1682 1591 1708 au-

133 1723 352 1765 ctoritatis
374 1733 462 1766 tuae
485 1734 564 1766 est.
588 1725 672 1766 alia
689 1725 722 1766 si
745 1741 832 1782 qua
848 1725 961 1767 forte
979 1735 1059 1776 est,
1082 1740 1180 1781 quae
1203 1739 1282 1765 nos
1305 1724 1483 1781 fugerit,
1506 1724 1592 1777 die,

131 1795 230 1836 quae
254 1781 325 1823 sit.
347 1783 479 1839 cupio
501 1782 680 1825 discere.
734 1783 846 1825 Haec
870 1784 903 1824 si
927 1793 1006 1836 est,
1029 1798 1114 1838 qua
1147 1798 1226 1824 nos
1249 1783 1314 1823 usi
1339 1797 1507 1834 sumus;
1548 1789 1653 1826 te33

125 1837 293 1894 judice,
318 1840 540 1882 vincamus
566 1856 738 1883 necesse
760 1851 838 1883 cst.
893 1842 995 1883 Non
1019 1841 1135 1882 enim
1160 1855 1324 1892 vereor,
1346 1855 1400 1882 ne
1422 1840 1506 1882 hoc
1526 1841 1591 1882 di*-

131 1911 220 1948 cas‚
244 1897 286 1939 in
310 1898 459 1940 eadem
483 1914 626 1951 causa,
650 1900 803 1942 eodem
834 1900 1083 1950 interdicto,
1108 1909 1150 1940 te
1181 1908 1383 1956 oportere
1405 1898 1591 1950 restitui,

131 1953 356 1997 Caecinam
379 1971 467 1998 non
490 1967 705 2014 oportere.
761 1957 934 1999 Etenim
958 1960 998 1988 38
1013 1959 1082 1998 cui
1105 1957 1383 2014 perspicuum
1408 1971 1496 1997 non
1520 1957 1590 2010 sit,

127 2012 182 2054 ad
203 2013 417 2056 incertum
441 2016 633 2057 revocari
664 2016 793 2068 bona,
816 2016 1028 2068 fortunas,
1053 2015 1346 2073 possessiones
1377 2015 1590 2067 omnium,
1636 2036 1638 2039 ·

127 2070 164 2120 si
187 2071 274 2113 ulla
294 2087 349 2114 ex
373 2083 495 2130 parte
530 2075 745 2115 sententia
779 2074 909 2130 hujus
933 2074 1153 2115 interdicti
1179 2073 1403 2114 deminuta
1425 2082 1500 2114 aut
1522 2073 1589 2114 in-

126 2128 299 2172 firmata
321 2131 402 2173 sit?
436 2131 469 2172 si
493 2131 754 2174 auctoritate
778 2133 969 2175 virorum
1005 2132 1157 2174 talium
1180 2133 1220 2166 39
1233 2132 1296 2173 vis
1319 2134 1587 2172 armatorum

164 2245 207 2276 36
228 2250 378 2277 arnmcos
387 2247 445 2277 tibi
455 2247 625 2287 obstitisse]
639 2247 832 2279 Delevimus
875 2257 977 2288 quam
992 2248 1029 2278 id
1047 2248 1126 2278 dicit
1141 2247 1288 2279 omnino.-
1312 2247 1346 2277 in
1372 2256 1437 2286 quo
1455 2248 1585 2278 omnino

120 2298 167 2326 se,
182 2289 270 2328 quod
285 2289 318 2319 in
335 2289 399 2319 Ms.
417 2290 468 2320 Fr.
486 2300 553 2321 non
568 2295 651 2321 erat.
678 2291 744 2322 Alii
760 2301 831 2321 eor·
875 2292 1006 2332 proprie
1021 2292 1168 2331 pertinet
1190 2290 1232 2321 ad
1246 2299 1404 2329 usquam:
1427 2289 1584 2321 libenter-

123 2341 235 2363 rexere
261 2334 415 2363 armatis.
464 2333 546 2363 Mox
575 2344 633 2373 pro
658 2334 831 2371 accesserit
873 2343 937 2373 que
952 2334 1069 2364 Cicero
1083 2335 1178 2375 ponit
1194 2334 1228 2364 in
1242 2333 1309 2362 fine
1326 2333 1460 2372 majoris
1475 2334 1583 2365 effica-

120 2379 204 2415 puto
220 2374 400 2415 legendum
420 2378 605 2413 accesseris,
629 2383 668 2407 nt
693 2377 733 2407 ad
747 2387 829 2408 cun-

118 2416 194 2447 dem
209 2418 374 2449 referatur
386 2419 568 2457 Caecinam,
585 2430 651 2450 non
668 2420 710 2451 ad
724 2429 828 2460 genus

117 2469 320 2492 universum.

160 2505 202 2536 37
229 2504 382 2542 Omnino,
388 2503 469 2545 jam
485 2505 513 2536 b.
528 2504 576 2545 a.]
617 2505 701 2536 Haec
723 2506 826 2535 inter-

116 2546 256 2585 punctio
271 2551 321 2578 est
342 2559 362 2578 a
380 2547 536 2579 Grutero.
583 2548 673 2578 Editi
696 2554 776 2578 ante
790 2553 825 2579 et

115 2587 197 2618 Mss.
212 2598 327 2620 omnes
352 2591 582 2630 conjungunt:
607 2590 823 2632 omninojam

116 2631 175 2661 διο.
191 2632 340 2672 τηιιὶεςυε
354 2635 474 2674 probat
488 2633 648 2664 Graevius.
692 2634 823 2674 Nempe

114 2675 246 2704 omnino
269 2675 465 2707 adfirmandi
492 2677 557 2707 vim
582 2677 703 2708 habere
725 2682 822 2717 puta-

112 2715 215 2747 bant:
240 2718 327 2756 quod
351 2719 500 2751 latinitas
526 2729 604 2749 vera
633 2729 701 2750 non
729 2720 821 2750 sinit.

111 2759 240 2798 Sequor
255 2760 470 2799 Lambinum,
491 2762 546 2801 qui
569 2762 610 2793 ad
622 2763 821 2793 anteceden-

111 2802 161 2833 tia
176 2802 290 2840 refert,
310 2807 346 2834 et
369 2805 522 2845 corrigit:
545 2805 574 2835 sc*
596 2806 669 2845 quis
691 2807 821 2836 omnino

111 2854 261 2876 meorum
289 2845 464 2887 deficitur.-
499 2857 561 2878 nec
589 2853 705 2884 tamen
738 2857 821 2888 opus

110 2888 382 2930 transpositione.
418 2889 519 2922 Tusc.
546 2891 588 2930 V,
615 2895 648 2926 9.
675 2901 741 2922 mm
765 2900 821 2922 us-

872 2386 932 2407 eiae
948 2387 1057 2408 causa.

914 2421 956 2451 38
978 2421 1031 2450 cui
1041 2419 1257 2460 perspicuum
1269 2427 1334 2448 non
1346 2416 1402 2457 sit]
1421 2417 1473 2448 An
1488 2417 1582 2449 Cice—

870 2471 908 2492 ro
923 2463 1054 2503 scripsit
1058 2462 1109 2503 fit
1117 2464 1132 2491 ,ἲ
1148 2472 1227 2496 nam
1243 2460 1452 2502 conjunctivi
1465 2470 1582 2493 caussa

870 2505 964 2536 nulla
976 2511 1026 2536 est
1039 2506 1167 2536 idonea.

911 2550 952 2583 39
974 2549 1024 2579 vis
1037 2558 1124 2578 arm.
1141 2549 1171 2577 h.
1179 2559 1198 2588 J
1204 2547 1309 2577 udicio
1321 2545 1504 2587 approbata
1517 2546 1575 2586 sit]

867 2592 920 2622 Sic
935 2600 1012 2622 cum
1030 2591 1161 2621 Graevio
1175 2589 1274 2626 edidi,
1287 2599 1347 2630 pro
1353 2588 1578 2629 jus—appro-

867 2635 995 2671 batum,
1019 2639 1058 2664 ut
1083 2634 1225 2664 Hotom.
1250 2637 1285 2662 et
1306 2631 1424 2662 Lamb.
1447 2641 1577 2662 correx-

865 2682 972 2708 erant.
990 2686 1069 2707 nam
1085 2676 1259 2716 nugatum
1277 2673 1372 2705 nihili
1389 2678 1451 2705 est.
1483 2674 1576 2707 Grae,-

866 2721 936 2750 vius
964 2720 1067 2750 etiam
1101 2719 1233 2749 volebat
1261 2722 1292 2748 et
1317 2716 1468 2758 judicio;
1506 2727 1576 2748 non

865 2763 965 2799 male,
977 2773 1038 2793 nec
1050 2767 1165 2792 tamen
1177 2761 1397 2791 necessarium
1408 2764 1469 2790 est.
1493 2761 1575 2791 Sen-

864 2815 919 2835 sus
943 2811 1007 2841 est,
1032 2805 1058 2835 si
1079 2804 1201 2835 talium
1223 2803 1373 2834 virorum
1392 2803 1574 2835 auctoritas

864 2849 1023 2887 effecerit,
1038 2852 1076 2879 ut
1091 2847 1139 2878 v-is
1152 2845 1279 2888 judicio
1292 2845 1463 2888 probetur.

772 2933 890 2975 nhss
