1907 3231
242 104 296 138 40
786 97 1036 136 ORATIO

246 201 494 242 ferendum?
528 201 641 243 Nam
662 215 737 258 per
755 201 857 243 deos
879 201 1156 252 immortales,
1175 202 1277 266 quid
1297 211 1362 243 est
1381 202 1422 243 in
1442 202 1524 244 hac
1542 217 1684 254 causa,

246 258 363 314 quod
387 258 650 300 defensionis
675 258 898 315 indigeat?
929 259 1001 313 qui
1031 258 1183 299 locus
1175 260 1396 315 ingenium
1423 260 1592 315 patroni
1621 273 1685 301 re-

246 315 393 373 quirit,
413 326 487 357 aut
510 315 716 358 orationis
735 316 1023 371 eloquentiam
1044 293 1305 372 mag-Onopere
1323 316 1559 358 desiderat?
1601 315 1688 358 To-

247 382 333 414 tam
357 388 544 423 causam,
561 373 746 428 judices,
766 372 1046 428 explicemus,
1069 382 1197 427 atque
1220 384 1318 414 ante
1342 373 1489 415 oculos
1512 373 1686 430 exposi-

247 440 335 470 tam
366 431 699 472 consideremus.
732 430 793 470 ita
823 428 1039 479 facillime,
1070 443 1167 484 qua:
1199 443 1262 470 res
1297 440 1435 471 totum
1464 431 1684 487 judicium

246 487 482 538 contiueat,
505 497 548 528 et
574 488 730 542 quibus
762 486 814 527 de
837 487 961 527 rebus
993 501 1070 527 nos
1102 486 1243 527 dicere,
1273 497 1435 544 oporte
1427 497 1485 539 lt
1507 496 1551 529 et
1581 487 1686 544 quid

169 540 324 588 13vos
357 545 474 600 sequi
508 544 750 593 conveniat,
782 543 1046 599 intelligetis.
1107 541 1210 584 Tres
1242 554 1341 585 sunt
1371 559 1451 595 rcs,
1475 554 1686 600 quantum

184 612 330 658 35eg0
370 602 618 642 existimare
657 615 846 656 possum,
880 615 975 655 quae
1017 600 1190 641 obstent
1230 600 1312 642 hoc
1353 612 1544 658 tempore
1583 601 1686 643 Sex.

251 636 435 700 ffoscio:
484 659 645 700 crimen
687 657 1040 709 adv-cismiorum,
1079 665 1123 697 et
1160 658 1353 710 audacia,
1391 668 1434 699 et
1476 659 1687 715 potentia.

251 716 457 757 Criminis
478 715 784 757 confictionem
808 724 1031 756 accusator
1052 713 1231 755 Erucius
1252 717 1462 772 suscepit:
1494 715 1687 757 audaciae

250 784 392 829 partes
427 773 575 814 Roscii
611 772 691 813 sibi
728 781 1032 829 poposcerunt.
1096 770 1406 828 Cliijsogonus
1445 782 1603 824 autem,
1638 773 1688 824 is,

187 831 237 865 36
251 846 324 886 qm
348 830 579 887 plurimum
611 840 768 886 potest,
792 830 985 885 potentia
1007 843 1138 885 pugn.
1128 839 1185 870 a.t
1249 806 1457 871 Dehisce
1487 831 1690 872 omnibus

249 889 375 929 rebus
398 902 466 928 me
488 888 629 928 dicere
659 897 857 942 oportere
884 886 1094 943 intelligo
1125 889 1166 918 ‘24
1185 886 1303 933 Quid
1328 887 1460 942 igitur
1483 889 1572 928 est?
1603 902 1691 929 non

247 945 399 987 eodem
419 945 548 986 modo
569 945 620 985 de
639 945 863 986 omnibus:
893 944 989 984 ideo
1009 920 1125 998 quod
1144 944 1281 1000 prima
1301 921 1370 984 illo
1348 960 1370 985 ιι
1391 959 1454 985 res
1474 944 1526 985 ad
1546 959 1690 986 meum

247 1003 439 1044 officium
466 1002 676 1066 pertinet3
709 1001 812 1041 duas
838 1010 982 1041 autem
1014 1000 1195 1056 reliquas
1227 1001 1350 1042 vobis
1382 1001 1567 1058 populus
1599 1001 1691 1043 Ro-

247 1075 397 1100 manus
422 1059 642 1114 imposuit.
675 1073 757 1114 ego
780 1057 942 1099 crimen
971 1067 1144 1113 oportet
1169 1058 1355 1100 diluam.
1391 1074 1465 1099 ios
1492 1068 1536 1100 et
1560 1059 1691 1100 auda-

249 1117 299 1157 ci·
293 1132 327 1157 ιιἱ
350 1116 557 1166 resistere,
577 1126 620 1156 et
640 1115 866 1156 hominum
886 1114 1100 1169 ejusmodi
1120 1116 1406 1171 perniciosam
1429 1125 1558 1171 atque
1578 1117 1692 1158 into-

204 1178 235 1208 b
250 1173 322 1214 lera
313 1173 464 1213 andam
494 1172 730 1229 potentiam
754 1172 894 1229 primo
917 1186 1090 1228 quoque
1112 1182 1306 1229 tempore
1329 1173 1606 1230 exstinguere
1627 1183 1692 1215 at-

251 1244 333 1286 que
356 1231 599 1286 oppiimere
621 1230 802 1271 debetis.

188 1292 239 1334 37
310 1287 533 1329 Occidisse
558 1296 723 1343 patlem
750 1288 852 1328 Sex.
878 1286 1062 1327 Roscius
1088 1287 1298 1343 ffuguitur.
1360 1287 1692 1339 Scelestum,d11

250 1343 527 1394 immortales,
553 1360 602 1386 ac
629 1345 840 1386 nefarium
873 1343 1054 1395 facinus,
1080 1354 1208 1399 atque
1239 1344 1468 1400 ejusmodi,
1494 1360 1581 1401 quo
1606 1360 1693 1386 uno

250 1402 465 1443 maleficio
494 1402 651 1443 scelera
681 1402 827 1442 omnia
851 1400 1079 1456 complexa
1103 1416 1193 1442 esse
1219 1401 1458 1443 videantur.
1520 1401 1695 1444 Etenim

251 1460 300 1510 si,
325 1460 366 1500 id
390 1459 506 1514 quod
532 1459 734 1516 plaeclare
757 1474 781 1499 a
804 1459 1069 1514 sapientibus
1092 1459 1264 1509 dicitur,
1288 1459 1406 1500 vultu
1435 1474 1550 1516 saepe
1574 1459 1695 1501 laedi-

249 1526 320 1557 tur
352 1517 508 1572 pietas:
546 1516 661 1572 quod
694 1517 952 1572 supplicium
986 1515 1086 1556 satis
1119 1530 1215 1557 aere
1247 1517 1480 1580 reperietur
1512 1532 1554 1557 m
1580 1531 1695 1580 eum,

250 1575 325 1629 qui
356 1583 539 1614 monem
571 1573 777 1615 obtulerit
810 1572 990 1630 parenti,
1020 1587 1096 1629 pio
1128 1588 1214 1628 quo
1245 1588 1353 1614 morl
1381 1588 1537 1629 ipsum,
1563 1574 1596 1615 Si
1630 1588 1695 1616 res

251 1631 408 1687 postult
412 1640 502 1682 net,
535 1630 637 1686 jura
675 1631 821 1672 divina
852 1644 980 1686 atqu(
1013 1630 1200 1671 humana
1230 1631 1474 1687 cogebant?
1528 1630 1579 1672 In
1610 1630 1696 1673 hoc

252 1698 389 1739 tanto,
410 1698 493 1729 tun
520 1688 670 1739 antioc-i,
694 1697 780 1728 tam
805 1687 1008 1744 singulari
1032 1687 1261 1738 maleficio,
1284 1688 1397 1743 quod
1419 1688 1479 1729 ita
1502 1703 1595 1729 raro
1618 1704 1695 1729 ex-

253 1746 378 1796 stitit,
403 1756 464 1796 ut,
488 1746 521 1786 si
545 1761 617 1801 qu
607 1746 717 1786 mdo
746 1746 941 1786 auditum
968 1744 1036 1795 sit,
1062 1746 1249 1801 portenti
1273 1760 1322 1786 ac
1346 1745 1532 1801 prodigii
1557 1745 1695 1787 simile

188 1814 522 1853 3811111ne1·etul;
554 1806 593 1834 25
608 1803 763 1866 quibus
797 1803 970 1844 tandem
1002 1811 1058 1854 te,
1083 1801 1135 1853 C,
1160 1801 1304 1853 Eruci,
1328 1803 1592 1859 argumentis
1624 1817 1695 1845 ac-

252 1871 493 1902 cusatorem
525 1874 672 1901 censes
704 1860 766 1900 uti
798 1862 1086 1916 0p01·tere?l
1070 1859 1227 1901 Nonne
1259 1867 1302 1900 et
1332 1860 1555 1901 audaciam
1586 1860 1696 1915 ejus,

251 1919 325 1974 qui
349 1918 392 1958 in
415 1918 577 1959 crimen
602 1926 794 1968 vocetur,
818 1916 1078 1974 singularem
1110 1917 1360 1969 ostendere3
1392 1926 1436 1958 et
1460 1932 1599 1958 mores
1631 1916 1694 1959 fe-

250 1990 319 2016 ros
346 1975 662 2030 immanemque
694 1985 905 2025 naturam,
927 1983 970 2015 et
994 1975 1127 2015 vitam
1160 1975 1276 2015 vitiis
1308 1974 1571 2031 flagitiisque
1602 1989 1700 2016 om-'

249 2033 378 2074 nibus
411 2032 616 2084 deditam,
647 2041 690 2072 et
721 2033 905 2088 denique
937 2033 1083 2073 omnia
1113 2032 1164 2073 ad
1198 2032 1431 2088 perniciem
1462 2032 1696 2088 profligata

251 2099 379 2145 atque
403 2090 596 2145 perdita?
627 2104 811 2144 quorum
837 2100 882 2130 tu
913 2089 1055 2131 nihil
1047 2104 1091 2129 ln
1114 2089 1217 2130 Sex.
1250 2089 1474 2140 Roscium,
1498 2104 1552 2130 ne
1581 2089 1694 2145 obji-

250 2147 391 2191 ciendi
414 2147 589 2204 quidem
611 2161 753 2198 causa,
773 2146 1009 2188 contulisti.

250 2293 423 2328 propterea
458 2297 526 2318 esse
553 2287 615 2318 hoc
643 2288 827 2324 ferendum,
863 2287 949 2327 quod

251 2330 482 2371 Chrysogonus
511 2331 623 2367 faciat,
659 2331 719 2360 etsi
748 2330 782 2360 in
819 2330 951 2360 homine

250 2373 321 2409 fiat,
338 2374 391 2412 qui
409 2373 506 2411 longe
522 2373 630 2402 minor
644 2373 790 2403 Scaevola
804 2373 858 2402 sit.
891 2372 953 2402 Sed

250 2415 547 2453 argumentationis
563 2415 668 2445 forma
680 2415 839 2455 postulat,
852 2420 891 2444 ut
904 2415 952 2445 in-

250 2458 432 2495 tex-rogatio
451 2458 505 2493 sit,
523 2456 665 2496 adeoque
685 2462 744 2487 aut
764 2467 843 2487 num
865 2457 953 2495 lega-

252 2505 321 2535 tur,
343 2506 400 2528 aut
416 2499 608 2538 simpliciter
629 2498 864 2539 estserendum
878 2500 894 2529 ?
916 2504 954 2529 ut

251 2541 383 2579 quidam
400 2541 540 2570 volucre.
558 2541 609 2571 Ita
623 2541 710 2571 bella
728 2542 834 2572 ironia
847 2546 897 2571 est
919 2542 953 2571 in

252 2581 314 2619 his,
334 2583 467 2622 qniufit
488 2594 509 2613 α
537 2582 748 2622 Chrysogono.
792 2585 872 2615 Non
893 2594 950 2623 po-

250 2625 318 2655 tuit
343 2625 422 2654 oriri
448 2636 487 2655 ex
515 2625 634 2655 ultima
658 2626 783 2665 syllaba
807 2627 949 2656 nominis

250 2667 364 2707 Chrys,
382 2667 430 2697 vel
446 2677 465 2697 a
480 2667 671 2706 glossatore,
687 2669 752 2698 vim
767 2669 949 2708 interroga-

246 2709 348 2738 tionis
356 2709 551 2748 explicante,
561 2709 611 2739 vel
621 2720 640 2739 a
648 2715 844 2747 correctore,
855 2711 956 2741 inter-

1036 2290 1077 2319 24
1090 2288 1184 2329 „Quid
1193 2289 1300 2328 igitur
1308 2293 1354 2319 est
1365 2288 1395 2328 ἕ]
1418 2288 1491 2318 Hoc
1503 2287 1611 2319 alieno
1623 2286 1697 2319 loco

995 2339 1063 2361 esse
1077 2335 1238 2371 putarunt
1255 2331 1488 2361 Hotomannus
1500 2334 1535 2361 et
1547 2331 1696 2362 Passera-

995 2373 1075 2410 tius,
1101 2374 1275 2413 reponique
1298 2373 1413 2404 debere
1435 2377 1509 2413 post
1532 2373 1695 2412 imposuit.

996 2415 1080 2446 Sane
1093 2416 1185 2445 bene.
1200 2426 1274 2445 nam
1287 2416 1342 2446 illa
1351 2414 1492 2446 formula
1500 2414 1596 2445 debet
1605 2415 1700 2454 sequi

995 2457 1252 2495 dubitationem,
1281 2463 1339 2488 ant
1372 2457 1529 2496 ejusmodi
1562 2461 1695 2487 senten-

995 2501 1092 2537 tiam,
1125 2510 1199 2539 qum
1230 2499 1482 2540 explicationem
1516 2499 1694 2530 desideret:

995 2543 1090 2581 quale
1100 2542 1183 2572 nihil
1191 2547 1239 2572 est
1250 2542 1283 2572 in
1298 2543 1401 2572 verbis
1412 2553 1419 2571 τ
1433 2541 1472 2571 de
1480 2543 1699 2580 hisce—opor-

994 2589 1049 2615 tec.
1089 2585 1174 2625 Dein
1194 2585 1257 2614 Ms.
1272 2584 1335 2615 Gu.
1352 2593 1433 2614 num
1446 2584 1554 2615 eodem
1568 2593 1612 2614 m.
1632 2583 1698 2614 sre-

994 2627 1108 2666 quenti
1125 2627 1158 2656 in
1173 2627 1264 2657 libris
1276 2627 1476 2657 confusione.

1035 2671 1074 2700 25
1089 2669 1202 2709 quibus
1209 2670 1342 2699 tandem
1351 2668 1423 2708 δῖα]
1437 2669 1477 2699 In
1486 2668 1697 2705 Gruteriana,

1003 2716 1041 2741 ut
1055 2710 1089 2741 in
1104 2711 1188 2749 aliis,
1202 2716 1253 2741 est
1269 2712 1322 2742 hie
1336 2721 1429 2741 novae
1442 2710 1618 2740 sententiae
1634 2710 1697 2740 ini-

248 2752 453 2791 rogationem
477 2760 543 2781 non
566 2751 860 2783 animadvertente.
896 2753 955 2783 Et.-
997 2754 1095 2783 tium.
1140 2753 1287 2783 Graevius
1301 2758 1389 2784 reete
1403 2753 1577 2784 absurdam
1595 2753 1698 2782 inter-

249 2794 313 2822 iam
331 2795 437 2831 magis
449 2793 563 2833 friget:
581 2793 669 2832 quod
680 2799 752 2824 tum
771 2794 855 2825 bene
871 2794 955 2825 ‹lice-
999 2796 1213 2835 punctionem
1232 2796 1380 2832 sustulit,
1397 2805 1473 2835 quae
1485 2795 1518 2825 in
1537 2793 1628 2825 libris
1643 2803 1699 2824 ve-

250 2842 353 2872 retur,
369 2836 393 2865 si
409 2840 609 2875 sequeretur,
629 2837 708 2876 quia
721 2837 757 2867 in
774 2836 950 2878 Rosciofit.
998 2838 1123 2869 teribus
1136 2847 1203 2869 non
1217 2842 1278 2877 est,
1295 2841 1401 2869 necin
1414 2838 1478 2870 Ms.
1493 2837 1556 2868 Gu.
