1907 3231
522 135 644 174 ACT.
677 133 729 172 11.
762 129 1252 172 LIBER-TERTIUS.
1524 135 1602 171 5289

161 238 204 279 id
237 237 379 280 forum
415 237 497 280 sibi
531 239 729 295 iniquum
760 238 941 294 ejurare,
971 236 1050 277 ubi
1077 235 1369 292 negotientur.
1431 234 1600 277 Praetor

160 297 430 350 provinciam
459 310 579 338 suam
601 306 738 338 totam
763 297 845 337 sibi
872 295 1064 350 iniquam
1085 293 1240 348 ejurat.
1301 292 1342 333 O
1372 289 1686 348 impuden-138

161 353 266 394 tiam
289 353 570 409 singularem!
606 353 694 395 Hic
717 353 906 410 postulat
927 366 973 393 se
994 351 1148 393 Romae
1167 349 1347 401 absolvi,
1368 350 1442 405 qui
1461 350 1505 390 in
1523 365 1600 392 sua

158 411 383 466 provincia
397 410 629 465 judicavit,
666 425 710 452 se
733 411 896 452 absolvi
930 409 1048 450 nullo
1069 408 1200 450 modo
1223 409 1377 464 posse?
1407 407 1481 462 qui
1504 407 1598 463 plus

157 467 378 508 existimet
408 468 523 523 apud
546 467 801 510 lectissimos
824 470 1040 509 senatores
1058 466 1304 522 pecuniam,
1332 478 1462 520 quam
1484 465 1599 520 apud

155 526 196 558 37
210 533 294 565 tres
329 525 621 581 negotiatores
655 536 819 567 metum
859 525 1022 567 valere?
1055 523 1298 565 Scandilius
1331 535 1433 563 vero
1467 530 1598 577 negat
1611 533 1642 564 P·
1659 526 1727 558 179.

155 594 246 622 sese
267 583 382 638 apud
405 582 727 625 Artemidorum
756 592 1100 639 recuperatorem
1132 581 1309 622 verbum
1339 593 1430 621 esse
1459 578 1599 620 factu·
1610 576 1641 597 ὃ·

155 652 272 680 rum:
305 650 349 681 et
371 648 514 681 tamen
537 644 576 671 33
588 651 718 697 auget
736 651 865 696 atque
881 648 1032 681 onerat
1054 649 1096 680 te
1115 638 1240 679 bonis
1258 636 1599 690 conditionibus,

156 695 192 736 si
216 707 262 737 tu
285 697 347 738 uti
369 697 498 740 velis:
537 698 571 738 si
599 713 652 740 ex
680 699 905 755 provincia
920 696 1068 739 Sicilia
1094 704 1186 737 tota
1215 703 1376 736 statuas
1395 695 1600 736 idoneum

149 752 361 808 judicem,
393 764 467 796 aut
488 767 831 812 recuperatorem
853 755 1018 795 nullum
1040 768 1166 809 posse
1186 753 1377 809 reperiri,
1395 752 1600 808 postulat

154 825 181 851 a
209 820 267 863 te,
297 822 346 854 ut
369 812 557 854 Romam
578 814 763 869 rejicias,
826 811 915 853 Hic
943 811 1162 852 enimvero
1181 818 1229 854 tu
1254 810 1485 861 exclamas,
1519 810 1685 856 ho-139

153 868 316 912 minem
350 870 614 926 improbum,
644 872 717 926 qui
755 869 957 926 postulet,
987 869 1049 909 ibi
1083 868 1137 909 de
1170 875 1245 908 tua
1275 867 1599 909 existimatione

149 926 371 981 judicium
392 928 499 979 fieri,
532 928 605 968 ubi
637 937 679 969 te
700 928 963 968 invidiosum
983 939 1075 967 esse
1094 928 1137 959 39
1150 924 1378 981 intelligat.
1399 938 1532 980 negas
1558 935 1601 966 te

158 984 347 1026 Romam
368 985 652 1040 rejecturum:
676 1000 807 1042 negas
825 985 878 1026 de
895 993 1115 1025 conventu
1133 991 1454 1040 recuperatores
1475 983 1601 1024 datu-

152 1056 275 1084 rum:
307 1043 531 1084 cohortem
553 1052 671 1084 tuam
707 1043 928 1100 proponiS.
989 1040 1231 1083 Scandilius
1261 1054 1352 1081 rem
1385 1054 1429 1081 se
1462 1048 1601 1083 totam

155 1100 405 1141 relicturum
427 1100 548 1152 dicit,
580 1110 623 1141 et
646 1115 722 1142 suo
752 1109 946 1156 tempore
975 1113 1067 1141 csse
1095 1098 1348 1139 rediturum.
1409 1097 1529 1145 Quid
1551 1106 1599 1139 tu

153 1156 216 1198 ibi
253 1160 370 1199 tum?
401 1158 505 1213 quid
544 1158 674 1201 facis?
707 1158 972 1199 Scandilium
1010 1156 1147 1213 cogis.
1186 1156 1601 1212 quid?·4⁰sponsio-

151 1229 252 1256 nem
267 1225 491 1271 acceptam
506 1215 675 1258 facere?
696 1219 734 1246 41
754 1215 1034 1271 Impudenter
1052 1213 1166 1255 tollis
1184 1221 1486 1270 exspectatum
1505 1214 1598 1254 exi-

152 1272 415 1314 stimationis
446 1281 531 1314 tuae
550 1274 782 1329 judicium.
804 1288 891 1314 non
913 1272 1035 1313 facie.
1095 1271 1215 1318 Quid
1237 1273 1369 1327 ergo?
1400 1270 1597 1327 Apronio
1613 1273 1687 1306 140

154 1331 385 1385 permittis,
417 1339 479 1381 ut,
511 1346 618 1385 quos
641 1331 757 1381 velit,
789 1331 842 1371 de
866 1330 1046 1371 cohorte
1077 1337 1220 1370 sumat
1253 1332 1598 1384 recuperatores?

152 1386 404 1444 Indignum,
427 1388 500 1428 uni
531 1389 674 1444 potius
692 1402 746 1428 ex
770 1388 930 1443 iniquis
947 1386 1158 1438 sumendi,
1174 1400 1304 1442 quam
1328 1386 1522 1442 utrisque
1542 1401 1599 1427 ex

155 1447 291 1500 aequis
323 1445 547 1501 rejiciendi
586 1446 677 1486 fieri
713 1455 988 1502 potestatem.
1051 1444 1266 1485 Neutrum
1298 1443 1405 1485 facis
1435 1458 1599 1486 eorum.

156 1502 275 1548 Quid
297 1505 427 1559 ergo?
461 1502 539 1543 Est
560 1503 736 1559 aliquid,
768 1503 884 1559 quod
906 1501 1147 1559 improbius
1181 1501 1272 1542 fieri
1296 1509 1455 1557 potest.
1477 1501 1599 1559 cogit

154 1560 270 1600 enim
294 1560 561 1602 Scandilium
583 1562 774 1617 quinque
796 1560 868 1602 illa
891 1560 1027 1602 millia
1046 1559 1230 1601 numum
1251 1559 1352 1600 dare
1373 1568 1504 1614 atque
1524 1560 1601 1600 ad-

153 1631 378 1659 numerare
399 1618 610 1675 Apronio.
674 1619 793 1666 Quid
827 1619 973 1675 potuit
1004 1617 1243 1673 elegantius
1272 1616 1414 1658 facere
1438 1626 1599 1672 praetor

153 1675 336 1732 cupidus
367 1677 704 1718 existimationis
738 1677 889 1719 bonae:
942 1675 1016 1732 qui
1055 1676 1110 1716 ab
1138 1689 1239 1715 *sese
1270 1688 1443 1715 omnem
1473 1677 1598 1715 42511-

149 1734 390 1789 spicionem
423 1735 691 1791 propulsare,
722 1734 797 1790 qui
830 1748 874 1775 se
906 1735 1072 1790 eripere
1102 1746 1156 1773 ex
1183 1731 1362 1773 infamia
1392 1734 1598 1789 cuperet?

153 1790 381 1833 Add‘uctus
403 1802 494 1833 erat
515 1793 559 1833 in
589 1806 844 1844 sermonem,
876 1791 1099 1842 invidiam,
1133 1789 1511 1847 vituperationem.
1533 1775 1676 1831 di-61

193 1951 232 1982 37
256 1952 322 1979 tres
335 1949 564 1989 negotiatores]
576 1980 577 1983 ,
591 1950 721 1990 Nempe
734 1949 789 1980 hic
804 1953 855 1980 est
898 1948 1066 1988 legitimis.
1091 1948 1272 1988 Corrigunt
1285 1952 1453 1988 acceptam
1468 1948 1602 1979 missam
1660 1965 1663 1969 ·
1690 1963 1692 1966 ·

149 1988 319 2030 legitimus
330 2001 486 2022 numerus
494 1997 771 2033 recuperatorum.
788 1992 854 2023 An·
885 1990 1024 2032 facere.-
1047 1990 1132 2031 quod
1147 1989 1300 2021 convenit
1316 1991 1398 2021 bene
1414 1991 1459 2021 rei
1481 1995 1515 2020 et
1529 2000 1603 2021 sen-

149 2037 185 2063 te
198 2033 300 2064 etiam
320 2038 388 2064 tres
403 2034 576 2074 aliquoties
592 2034 856 2065 commemorari·
897 2034 1031 2064 tentiaez
1056 2033 1112 2064 sed
1137 2034 1206 2064 sine
1232 2032 1334 2063 libris.
1371 2032 1512 2064 Interim
1540 2032 1602 2064 hu-

149 2080 219 2112 tur,
242 2086 318 2107 cum
333 2087 351 2107 e
367 2077 502 2107 cohorte
526 2077 635 2108 Verris
655 2077 790 2114 dantur,
815 2082 856 2108 ut
890 2076 1038 2119 jusmodi
1053 2077 1132 2116 quid
1146 2077 1261 2107 Cicero
1275 2075 1368 2105 dixit.

150 2118 261 2159 paullo
276 2125 354 2149 ante
369 2120 522 2156 medicus,
537 2122 713 2159 haruspex,
722 2129 841 2159 proeco.
938 2122 980 2149 41
1004 2120 1221 2160 Impudenter
1242 2118 1342 2157 tollis]
1374 2117 1415 2148 In
1437 2116 1499 2148 hac
1520 2118 1600 2148 scri-

193 2163 233 2192 38
257 2166 360 2200 auget
373 2166 482 2202 atque*
493 2163 621 2202 onerat]
647 2162 699 2192 Sic
713 2161 783 2192 edd.
802 2172 855 2192 ve·
898 2165 998 2202 ptura
1010 2163 1108 2199 tollis,
1118 2160 1335 2200 interrogatio
1348 2160 1400 2190 hic
1410 2158 1600 2199 intelligen-

150 2205 236 2234 teres
266 2213 440 2234 consensu.
480 2206 676 2245 posteriores
704 2204 855 2243 quaedam
896 2204 938 2235 da
951 2210 1047 2241 esset,
1073 2209 1114 2234 ut
1137 2213 1212 2234 cum
1233 2203 1448 2233 antecedente
1463 2203 1601 2242 conjun-

151 2250 258 2276 ornat.
275 2246 371 2277 male.
389 2247 421 2277 id
436 2253 554 2278 natum
568 2259 608 2278 ex
622 2257 673 2284 eo,
694 2247 782 2286 quod
796 2247 856 2277 ali·
897 2252 1041 2286 geretur.
1083 2246 1147 2277 Sed
1161 2247 1191 2276 ei
1209 2246 1254 2276 rei
1269 2245 1303 2276 τὸ
1317 2245 1525 2285 impudenter
1550 2255 1601 2275 re·-

151 2286 183 2317 bi
200 2298 325 2327 augere
339 2294 370 2320 et
393 2300 512 2320 ornare
531 2291 700 2330 jungitur,
725 2299 801 2319 cum
816 2290 856 2319 de
898 2293 1036 2329 pugnat.
1080 2289 1185 2319 Credo
1214 2288 1407 2318 Ciceronem
1433 2287 1599 2327 scripsisse

150 2332 301 2362 oratione
316 2341 423 2362 sermo
437 2337 497 2362 est.
513 2332 566 2362 hic
581 2333 620 2363 de
644 2332 732 2362 facto
747 2331 854 2371 loqui·
896 2333 1003 2368 tollas,
1017 2342 1060 2362 sc.
1070 2332 1095 2361 si
1110 2331 1142 2362 id
1155 2332 1260 2361 fucere
1273 2339 1369 2369 cogas
1383 2329 1598 2366 Scandilium,

152 2379 209 2403 tur
229 2378 264 2405 et
287 2374 322 2404 in
336 2381 465 2415 partem
489 2375 699 2411 deteriorem,
724 2375 780 2404 ubi
803 2384 854 2404 or·
889 2374 1053 2414 judicium
1068 2374 1166 2404 tollas
1183 2373 1278 2403 modo
1296 2371 1472 2402 admodum
1488 2372 1596 2413 impu-

151 2424 234 2447 nare
258 2416 370 2447 locum
394 2426 461 2446 non
485 2423 593 2457 potest
619 2417 749 2448 habere.
793 2416 854 2447 Ed.
897 2416 1006 2447 dente.
1050 2416 1165 2456 Itaque
1181 2425 1248 2445 nun
1262 2415 1352 2445 facis.
1389 2413 1501 2445 Simile
1509 2415 1598 2454 judi·
1645 2440 1648 2441 ⁷

151 2457 281 2489 Ascens.
297 2460 399 2489 etiam
424 2464 521 2498 urget
545 2464 642 2500 atque
665 2463 795 2490 onerat.-
817 2463 852 2490 at
896 2459 986 2489 cium
1000 2459 1131 2498 subjicit
1147 2459 1308 2497 sequenti:
1328 2457 1502 2495 indignum
1518 2457 1576 2488 διε.

153 2499 187 2530 in
203 2502 351 2540 margine
365 2507 477 2540 aug-et.
937 2503 979 2532 42
1001 2502 1212 2541 suspicionem
1231 2500 1440 2540 propmlsare]
1465 2500 1517 2529 Sic
1532 2500 1598 2533 edi·

194 2545 234 2577 39
256 2545 438 2583 intelligat]
470 2545 522 2574 Sic
548 2544 618 2575 sine
642 2545 852 2575 haesitatione
896 2543 928 2573 di
942 2553 1002 2583 pro
1015 2544 1151 2583 vulgato
1161 2544 1384 2583 propulsaret,
1408 2542 1442 2571 in
1457 2551 1521 2580 quo
1537 2543 1599 2572 mi-

151 2586 300 2626 rescripsi
327 2597 386 2627 pro
413 2587 628 2625 intellig-ebat,
654 2587 741 2627 qnod
767 2592 852 2617 esset
896 2595 950 2616 ror
974 2586 1194 2626 interpretum
1222 2585 1388 2615 neminem
1414 2584 1596 2615 adhaesisse.

152 2627 377 2667 accipiendum
393 2641 410 2660 e
425 2639 564 2670 persona
578 2630 746 2670 etjudicio
760 2630 852 2659 Cice·
896 2629 948 2658 Sic
974 2628 1098 2659 habent
1121 2627 1192 2659 edd.
1218 2637 1268 2667 pr.
1291 2627 1364 2657 Ald.
1388 2627 1513 2657 Victor.
1537 2628 1614 2658 &cs

153 2670 259 2700 tonis:
284 2671 339 2700 sed
352 2671 384 2701 id
397 2678 447 2701 est
463 2672 711 2703 alienissimum.
897 2671 1045 2701 Primum
1060 2672 1095 2701 in
1109 2672 1158 2701 ed.
1176 2671 1209 2700 P.
1225 2670 1368 2700 Manutii
1383 2669 1508 2699 factum
1518 2678 1599 2708 pro·
1659 2670 1663 2673 '

193 2713 235 2741 40
256 2714 453 2751 sponsionem
469 2719 638 2754 acceptam
639 2714 775 2754 facere]
793 2714 854 2745 Di-
891 2714 1054 2753 pulsaret,
1078 2722 1251 2753 operarum
1265 2712 1360 2749 vitio,
1385 2712 1480 2751 idque
1497 2712 1597 2743 ceteri

152 2758 234 2784 cunt
262 2764 342 2791 esse,
381 2759 528 2796 persequi
557 2759 782 2797 sponsionem,
810 2766 854 2786 sc.
896 2764 1021 2786 temere
1035 2756 1139 2786 secuti
1154 2761 1242 2785 sunt.
1268 2756 1376 2794 Atque
1390 2763 1450 2794 ego
1466 2756 1511 2784 sic
1526 2764 1597 2784 cor-

152 2805 224 2834 quae
251 2797 291 2826 ab
307 2797 411 2828 altero
436 2805 570 2839 accepta
592 2800 646 2830 sit.
691 2800 754 2830 Sed
778 2799 853 2829 inde
898 2798 1051 2828 rexissem
1066 2799 1167 2828 etiam
1189 2797 1259 2827 sine
1275 2797 1378 2834 libris,
1393 2796 1598 2826 animadver-

153 2838 264 2868 nunus
279 2849 390 2870 sensus
414 2841 560 2872 idoneus.
605 2843 739 2873 Etenim
755 2843 854 2872 Scan·
897 2841 989 2880 tique
1005 2842 1136 2880 vitium,
1163 2839 1310 2871 nondum
1336 2840 1491 2880 inspeetis
1506 2839 1598 2871 libris

150 2880 247 2911 dilius
262 2882 414 2921 cupiebat
439 2885 586 2925 persequi
608 2885 669 2915 sub
686 2884 855 2926 judicibus
898 2883 1074 2914 veteribus.

212 2948 321 2977 ΥΟΕ.
342 2950 396 2979 ΙΙ.
860 2951 888 2979 U
