1907 3231
370 154 448 190 404
885 145 958 184 IN
982 140 1260 184 VERREM

362 268 464 295 nem
484 252 793 307 numerumque
820 250 1011 298 haberet,
1042 255 1086 288 et
1115 243 1300 302 reliquos
1327 259 1414 287 non
1445 243 1700 286 desideraret
1721 243 1791 285 so·-

301 315 353 354 72
364 310 469 362 lum,
499 311 571 352 sed
593 309 724 351 etiam
747 316 941 363 posceret
971 314 1014 344 et
1041 304 1274 359 flagitaret.
1334 302 1447 343 Cum
1477 301 1690 342 maximus
1709 314 1790 342 nu-

363 381 505 409 merus
540 367 719 416 deesset,
753 373 844 404 tum
878 364 957 402 iste
989 360 1120 401 homo
1152 360 1338 400 nefarius
1373 360 1416 401 in
1452 372 1598 400 eorum
1632 357 1790 408 locum,

364 439 472 480 quos
495 424 670 465 domum
695 434 812 462 suam
836 419 887 458 de
906 417 1055 474 piratis
1077 417 1330 467 abduxerat,
1348 416 1604 457 substituere
1625 423 1790 470 et-sup-

363 495 524 537 ponere
545 479 683 534 coepit
705 478 818 516 cives
843 475 1076 522 Romanos,
1099 487 1205 528 quos
1238 474 1288 514 in·
1311 486 1520 515 carcerem
1543 482 1669 513 antea
1688 485 1792 513 con-

357 539 548 593 jecerat:
581 547 761 590 quorum
784 531 904 582 alios,
927 530 1194 571 Sertorianos
1223 529 1380 570 milites
1412 529 1542 570 fuisse
1574 527 1793 569 insimula-

365 595 454 644 bat,
476 603 519 634 et
536 607 590 633 ex
612 588 823 644 Hispania
844 587 1059 643 fugientes
1075 587 1128 627 ad
1145 587 1336 627 Siciliam
1355 586 1554 642 appulsos
1570 599 1660 626 esse
1677 585 1794 626 dice-

362 652 464 692 bat:
496 649 615 697 alio's,
646 647 720 702 qui
753 661 778 686 a
812 644 1085 700 praedonibus
1112 652 1232 684 erant
1263 643 1394 699 capti,
1416 657 1513 684 cum
1534 651 1794 683 mercaturas

362 707 567 755 facerent,
597 705 725 743 9¹aut
747 701 936 756 aliquam
968 702 1025 741 ob
1055 715 1226 741 causam
1260 700 1527 755 navigarent,
1548 714 1624 740 sua
1643 699 1796 740 volun-

363 772 453 804 tate
470 775 570 803 cum
591 760 740 816 piratis
764 758 894 799 fuisse
917 758 1139 812 arguebat.
1191 756 1343 812 Itaque
1363 756 1434 797 alii
1456 756 1570 796 cives
1593 755 1796 805 Romani,

363 834 419 861 ne
442 824 820 874 cognoscerentur,
851 815 1066 870 capitibus
1097 814 1312 855 obvolutis
1334 827 1357 853 e
1379 826 1547 854 carcere
1576 812 1627 853 ad
1651 812 1796 868 palum

366 885 496 931 atque
513 874 567 915 ad
586 888 737 915 necem
761 872 1059 928 rapiebantur:
1082 871 1167 921 alii,
1190 885 1287 912 cum
1310 885 1335 910 a
1355 869 1500 910 multis
1518 869 1685 910 civibus
1708 869 1798 910 Ro-

366 932 504 974 manis
535 938 957 987 recognoscerentur,
988 929 1041 968 ab
1070 929 1268 968 omnibus
1297 926 1639 977 defenderentur,
1661 925 1798 967 securi

367 990 646 1030 feriebantur.
710 987 906 1032 Quorum
929 999 1010 1039 ego
1033 985 1084 1025 de
1107 985 1381 1026 acerbissima
1401 992 1539 1024 morte
1559 982 1799 1029 crudelissi-

365 1060 527 1100 moque
549 1044 742 1085 cruciatu
774 1042 930 1091 dicam,
952 1056 1051 1081 cum
1078 1056 1176 1081 eum
1208 1043 1350 1082 locum
1384 1050 1566 1081 tractare
1596 1053 1799 1094 coepero:

362 1113 412 1144 vet
433 1103 495 1143 ita
515 1102 672 1150 dicam,
694 1109 755 1150 ut,
779 1099 812 1138 si
840 1113 907 1138 me
930 1098 972 1137 in
1006 1112 1056 1138 ea
1087 1098 1368 1153 querimonia,
1398 1112 1525 1153 quam
1560 1111 1654 1137 sum
1678 1096 1802 1140 habiv

325 1170 355 1198 b.
370 1170 489 1201 turus
525 1158 578 1198 de
610 1156 733 1197 istius
765 1155 1033 1205 crudelitate,
1067 1164 1110 1195 et
1142 1155 1194 1195 de
1227 1156 1385 1196 civium
1423 1154 1715 1195 Romanorum
1736 1153 1803 1193 in-

371 1215 626 1272 dignissima
646 1222 800 1263 morte,
827 1227 915 1252 non
947 1212 1076 1253 modo
1100 1213 1223 1263 vires,
1246 1226 1392 1252 verum
1425 1212 1552 1252 etiam
1577 1210 1665 1251 vita
1697 1209 1802 1251 defi-

302 1280 357 1317 253
371 1273 474 1324 ciat,
495 1272 539 1313 id
571 1270 678 1311 mihi
710 1269 960 1326 praeclarum
984 1269 1284 1324 etjucundum
1307 1278 1469 1325 putem.
1529 1267 1641 1308 Haec
1671 1267 1804 1322 igitur

371 1339 436 1371 est
469 1338 591 1385 gesta
622 1341 702 1377 res,
736 1326 833 1367 haec
862 1325 1044 1366 victoria
1075 1325 1298 1382 praeclara:
1330 1339 1594 1381 myoparone
1621 1322 1803 1379 piratico

373 1395 517 1443 capto,
546 1386 635 1426 dux
667 1384 885 1433 liberatus,
916 1383 1216 1438 symphoniaci
1242 1382 1426 1423 Romam
1447 1382 1587 1423 missi:
1627 1380 1806 1421 formosi

374 1443 584 1493 homines,
617 1449 661 1481 et
691 1440 995 1490 adolescentes,
1034 1450 1076 1480 et
1107 1440 1291 1481 artifices
1322 1440 1498 1480 domum
1529 1437 1729 1480 abducti:
1761 1438 1806 1478 in

374 1514 523 1541 eorum
567 1499 724 1548 locum,
755 1507 799 1538 et
839 1497 891 1537 ad
932 1511 1079 1537 eorum
1109 1511 1334 1537 numerum
1364 1497 1478 1537 cives
1510 1494 1698 1536 Romani
1727 1494 1786 1535 ho

374 1557 514 1598 stilem
546 1556 589 1596 in
619 1555 795 1595 modum
828 1554 1005 1594 cruciati
1035 1563 1078 1594 et
1110 1555 1273 1596 necati:
1311 1553 1450 1594 omnis
1481 1552 1609 1594 vestis
1638 1550 1804 1592 ablata:

293 1607 363 1663 29
375 1628 502 1655 omne
519 1627 670 1653 aurum
692 1621 735 1652 et
757 1620 983 1666 argentum
1017 1610 1207 1651 ablatum
1245 1619 1287 1651 et
1310 1625 1520 1651 aversum.
1577 1609 1639 1650 At
1658 1622 1808 1664 quem-

377 1670 608 1712 admodum
632 1669 723 1724 ipse
745 1683 834 1708 sese
856 1668 997 1708 induit
1025 1669 1166 1723 priore
1199 1668 1391 1708 actione?
1421 1668 1495 1722 qui
1528 1675 1594 1707 tot
1621 1665 1712 1706 dies
1745 1675 1808 1706 ta-

378 1729 552 1778 cuisset,
577 1735 752 1781 repente
775 1725 818 1765 iu
842 1724 909 1764 M.
933 1723 1078 1774 Annii,
1112 1725 1299 1765 hominis
1321 1723 1668 1780 splendidissimi,
1690 1722 1810 1763 testi-

379 1785 544 1835 monio,
575 1786 725 1822 92'cum
756 1782 792 1822 is
829 1781 967 1822 civem
1006 1781 1251 1822 Romanum
1283 1782 1478 1832 dixisset,
1507 1779 1811 1835 archipiratam

379 1848 579 1897 negasset.
593 1839 728 1880 securi
745 1852 836 1879 esse
851 1852 1111 1893 percussum,
1126 1839 1297 1879 exsiluit
1312 1856 1322 1891 ς
1345 1837 1610 1879 conscientia
1628 1836 1811 1887 sceleris,

381 1908 424 1939 et
456 1897 598 1938 furore
633 1911 687 1936 ex
723 1895 943 1936 maleficiis
980 1905 1191 1951 concepto
1220 1896 1435 1937 excitatus
1466 1895 1593 1946 dixit,
1615 1909 1674 1945 se,
1696 1893 1813 1949 quod

382 1955 524 2005 sciret,
547 1953 629 1994 sibi
651 1953 820 1994 crimini
843 1952 989 1992 datum
1004 1953 1069 2003 iri,
1092 1954 1319 2008 pecuniam
1342 1953 1571 2008 accepisse,
1601 1965 1739 2006 neque
1759 1950 1813 1991 de

382 2026 483 2053 vero
505 2010 764 2066 archipirata
785 2010 982 2049 sumsisse
1003 2010 1276 2065 supplicium,
1306 2010 1401 2051 ideo
1435 2009 1570 2051 securi
1603 2022 1687 2048 non
1719 2021 1815 2064 per-

324 2068 374 2105 74
386 2069 591 2110 cussisse:
615 2067 731 2108 domi
751 2081 841 2106 esse
858 2067 969 2121 apud
987 2081 1077 2107 sese
1095 2068 1374 2123 archipiratas
1390 2067 1502 2108 dixit
1518 2066 1639 2107 duos.
1672 2064 1712 2106 Ο
1731 2064 1816 2105 cle-

386 2125 592 2166 mentiam
625 2123 773 2180 populi
806 2123 1007 2174 Romani,
1031 2139 1102 2164 seu
1136 2126 1278 2179 potius
1313 2125 1563 2180 patientiam
1591 2123 1743 2163 miram
1766 2136 1816 2162 ac

388 2182 668 2239 singularem!
703 2180 856 2220 Civem
887 2179 1132 2222 Romanum
1157 2182 1292 2223 securi
1314 2196 1404 2221 esse
1434 2193 1695 2236 percussum,
1726 2177 1817 2219 An-

386 2240 497 2291 nius,
514 2253 641 2292 eques
666 2237 884 2277 Romanus
902 2237 1031 2278 dicit:
1056 2247 1185 2278 taceS.
1208 2238 1511 2294 archipiratam
1525 2245 1677 2293 negat:
1710 2235 1818 2276 fate-

387 2297 458 2337 ris.
481 2299 520 2331 93
533 2296 579 2335 fit
616 2295 657 2334 in
688 2309 738 2335 eo
776 2295 960 2350 gemitus
991 2296 1183 2336 omnium
1216 2306 1258 2336 et
1287 2296 1460 2346 clamor,
1491 2308 1588 2336 cum
1622 2303 1765 2334 tamen
1793 2307 1820 2333 a

431 2412 469 2443 91
495 2413 555 2438 aut
569 2409 713 2447 aliquam
729 2408 765 2437 ob
780 2406 929 2447 causam]
948 2408 1000 2438 Sic
1012 2408 1082 2439 edd.
1127 2409 1189 2439 hoc
1205 2409 1340 2438 crimine
1366 2408 1524 2447 loquitur,
1545 2405 1602 2437 sed
1622 2405 1661 2436 de
1684 2414 1723 2436 eo
1737 2405 1821 2442 cive,

390 2457 472 2481 vett.
502 2456 535 2479 et
562 2450 642 2479 Mss.
694 2449 926 2479 Hotomannus
951 2461 990 2480 ex
1018 2461 1084 2481 uno
1128 2452 1182 2490 qui
1197 2460 1255 2491 pro
1278 2451 1474 2490 archipirata
1494 2454 1543 2479 est
1567 2447 1772 2484 interfectus,
1786 2451 1822 2476 et

392 2493 456 2523 ΜΞ.
472 2491 596 2522 addidit
618 2492 758 2530 gio÷=am
775 2493 890 2527 alium,
914 2502 1010 2530 quam
1025 2495 1086 2523 mi-
1129 2503 1205 2522 mox
1221 2497 1284 2522 est:
1315 2492 1421 2523 Civem
1436 2491 1532 2522 Rom.
1554 2490 1659 2520 securi
1673 2499 1736 2519 esse
1744 2498 1821 2528 per-

394 2544 448 2564 ror
463 2534 641 2563 Gruterum
658 2533 832 2563 admisisse.
859 2533 991 2564 Dela-:it
1004 2536 1086 2565 bene
1130 2545 1270 2570 cussum,
1290 2535 1331 2565 A.
1351 2544 1442 2574 eques
1465 2533 1508 2563 R.
1532 2533 1620 2563 dicit.
1666 2531 1821 2561 Ceterum

393 2577 551 2605 Graevius.
587 2575 750 2614 Frequens
765 2580 814 2605 est
832 2585 882 2614 ap.
899 2575 1089 2608 Ciceronem
1133 2577 1250 2616 copula
1265 2581 1295 2606 et
1310 2577 1426 2607 melius
1451 2580 1486 2606 et
1505 2575 1665 2604 efficacius
1685 2573 1822 2603 abesset.

396 2618 525 2657 aliquis,
542 2627 599 2656 pro
613 2619 698 2646 alius
711 2619 790 2656 quis.
807 2628 837 2646 v.
855 2617 944 2647 Clav.
1134 2624 1245 2648 natam
1261 2623 1341 2658 puto
1355 2629 1373 2648 e
1387 2616 1622 2648 terminatione
1635 2615 1723 2645 verbi
1740 2619 1823 2655 przie-

437 2661 479 2693 99
501 2669 575 2689 cum
603 2659 629 2688 is
653 2661 735 2688 cit-es
763 2659 860 2690 Rom.
888 2660 1030 2696 dixisset,
1061 2665 1091 2691 et
1134 2660 1288 2690 cedentis.
1312 2660 1356 2691 Et
1371 2660 1461 2690 abest
1475 2659 1537 2688 Gu.
1552 2659 1660 2696 itaque
1674 2656 1789 2687 delevi.

397 2700 503 2738 arch]
550 2700 630 2730 Edd.
657 2710 704 2740 pr.
720 2700 845 2731 habent
863 2702 1090 2742 compendium
1175 2705 1214 2735 93
1227 2702 1276 2742 fit
1290 2706 1324 2732 in
1341 2713 1375 2733 eo
1385 2702 1436 2741 g.]
1475 2701 1517 2731 In
1536 2710 1570 2730 eo
1590 2699 1709 2730 delevit
1733 2698 1825 2728 Grae·

404 2742 450 2773 Cf.
466 2741 525 2773 Ro.
554 2742 628 2771 inde
652 2743 775 2772 factum
800 2743 974 2782 explanate
1005 2744 1092 2775 Cives
1133 2744 1204 2774 vius
1218 2754 1235 2773 e
1250 2744 1312 2774 Ms.
1328 2745 1408 2783 Reg.
1423 2748 1458 2774 et
1471 2743 1563 2773 abest
1579 2742 1641 2771 Gu.
1681 2739 1766 2771 Mihi
1778 2739 1826 2769 la-

403 2784 496 2814 Rom.
541 2783 675 2822 Aliquot
701 2790 814 2814 tamen
839 2786 964 2824 scripti,
991 2787 1091 2816 etiam
1134 2786 1236 2815 tinius
1252 2786 1286 2815 in
1300 2796 1345 2824 eo,
1360 2796 1457 2827 quam
1476 2789 1516 2816 ut
1531 2784 1695 2817 alibrario
1710 2786 1826 2813 natum

401 2826 463 2855 Gu.
478 2825 602 2855 habent
626 2826 724 2855 civem
747 2826 843 2857 Rom.
863 2827 948 2865 quod
971 2829 1093 2868 recepit
1135 2827 1294 2859 videatur.
1798 2826 1801 2829 .

402 2868 558 2898 Graevius.
576 2867 674 2898 bene:
700 2877 775 2898 nam
800 2878 867 2900 non
881 2869 920 2899 de
943 2870 1093 2900 universo
