1907 3231
307 108 380 149 ,592
859 107 1108 145 ORATIO
1146 106 1178 142 Ι,

241 243 244 248 .
303 209 462 260 omnia,
483 225 580 265 quae
599 212 758 268 populo
774 219 897 268 grata
918 207 1253 265 atquejucunda
1271 214 1395 260 suut3
1426 209 1534 251 nihil
1553 217 1640 252 tam
1657 227 1735 268 po*

302 266 464 320 pulare,
485 283 614 323 quam
646 284 809 325 pacem,
832 283 959 322 quam
989 264 1278 316 concordiam,
1300 279 1427 319 quam
1456 266 1592 308 otium
1614 282 1735 324 repe-

303 322 473 364 riemus.
535 325 770 367 Sollicitam
804 325 911 365 inihi
941 322 1162 363 civitatem
1195 323 1451 378 suspicione,
1485 338 1732 380 suspensam

300 389 433 432 metu,
459 384 750 437 perturbatam
782 380 932 421 vestris
964 379 1146 434 legibus·,
1169 388 1212 419 et
1240 379 1536 432 concionibus,
1558 391 1601 422 et
1622 383 1733 424 sedi-

300 437 490 479 tionibus
532 439 789 481 tradidistis:
823 451 939 492 spem
981 435 1189 492 improbis
1232 437 1498 479 ostendistis:
1531 437 1732 481 timorem

299 495 424 544 bonis
446 496 674 551 injecistis:
709 495 835 534 fidem
857 494 909 534 de
932 492 1041 542 foro,
1072 492 1327 547 dignitatem
1347 494 1400 534 dc
1421 495 1640 551 republica
1661 512 1730 538 su-

237 552 492 596 24stulistis.
554 552 653 594 Hoc
690 561 812 591 motu
849 560 977 605 atque
1017 549 1097 590 hac
1131 549 1453 605 perturbatione
1486 552 1728 595 animorum

296 621 426 664 *atque
459 624 612 660 rerum,
643 622 741 649 cum
775 606 934 663 populo
969 606 1167 661 Romano
1192 620 1275 646 vox
1306 613 1349 647 et
1369 609 1602 654 auctoritas
1623 625 1728 663 con-

297 666 397 706 sulis
421 675 594 721 repente
610 666 654 706 in
676 665 806 705 tantis
828 664 1014 705 tenebris
1033 663 1246 715 illuxerit3
1278 678 1376 717 cum
1392 666 1640 717 ostenderit,
1661 668 1727 709 ni-

295 721 355 762 hil
393 737 483 763 esse
520 722 812 773 metuendum,
849 720 1010 763 nullum
1053 720 1307 771 exercitum,
1343 720 1501 763 nullam
1534 737 1724 777 manum,

293 778 428 819 nullas
444 778 648 830 colonias,
662 779 820 820 nullam
839 778 1129 831 venditionem
1146 777 1438 833 vectigalium,
1461 778 1622 822 nullum
1645 782 1725 834 ini-7

292 836 458 890 perium
490 850 665 888 novum,
686 835 850 877 nullum
882 850 1062 892 regnum
1095 833 1391 885 decemvirale,
1417 835 1584 878 nullam
1615 838 1720 888 alte-

293 907 381 932 ram
405 892 606 945 Romam,
629 908 766 949 neque
788 893 912 934 aliam
937 893 1078 933 sedem
1103 892 1287 948 imperii,
1310 892 1434 934 nobis
1457 894 1720 948 consulibus,

288 949 495 1001 futuram,
529 953 569 982 92
582 964 877 1005 summamque
915 949 1266 1006 tranquillitatem
1304 950 1422 1005 pacis
1455 959 1599 1005 atque-
1620 952 1721 1006 otii3

291 1008 538 1057 verendum,
575 1008 717 1059 credo,
751 1007 874 1048 nobis
913 1007 1008 1058 erit,
1039 1020 1093 1047 ne
1129 1016 1269 1048 vestra
1302 1007 1385 1048 ista
1415 1007 1619 1064 praeclara
1650 1008 1720 1052 lex

229 1069 279 1104 25
292 1065 458 1120 agraria
491 1065 629 1121 magis
662 1064 879 1121 popularis
911 1078 1002 1104 csse
1033 1063 1239 1105 videatur.
1301 1062 1411 1105 Cum
1436 1079 1534 1106 vero
1563 1065 1721 1109 scelera

289 1122 566 1163 consiliorum
593 1132 846 1174 vestrorum,
879 1120 1158 1176 fraudemque
1188 1120 1309 1177 legis,
1332 1130 1375 1162 et
1407 1121 1596 1173 insidias,
1619 1138 1717 1179 quae

285 1179 367 1235 ipsi
402 1179 563 1235 populo
597 1179 796 1220 Romano
833 1195 859 1220 a
892 1178 1171 1235 popularibus
1208 1178 1390 1221 tribunis
1426 1179 1562 1234 plebis
1597 1178 1718 1234 fiant,

284 1236 536 1289 ostendero;
569 1237 882 1292 pertimescam,
905 1236 1046 1286 credo,
1069 1249 1122 1276 ne
1153 1235 1260 1276 mihi
1294 1250 1380 1277 non
1412 1235 1540 1278 liceat
1567 1247 1718 1279 contra

284 1308 360 1334 vos
381 1293 424 1335 in
453 1294 662 1336 concione
689 1294 942 1345 consistere3
976 1293 1214 1350 praesertim
1245 1307 1344 1334 cum
1372 1293 1479 1334 mihi
1510 1292 1717 1348 delibera-

283 1359 376 1391 tum
409 1359 453 1391 et
486 1351 771 1392 constitutum
811 1351 879 1402 sit,
913 1351 973 1392 ita
1007 1364 1153 1406 gerere
1184 1350 1468 1402 consulatum,
1506 1364 1592 1406 quo
1627 1366 1715 1394 uno

282 1408 412 1449 modo
435 1409 525 1464 geri
556 1409 743 1464 graviter
773 1418 818 1448 et
848 1408 981 1449 libere
1013 1415 1170 1463 potest,
1192 1416 1239 1447 ut
1268 1421 1406 1462 neque
1433 1407 1715 1464 provinciam,

280 1479 420 1521 neque
452 1466 673 1517 honorem,
705 1480 844 1520 neque
876 1473 1175 1506 ornamentum
1211 1463 1383 1519 aliquod
1416 1474 1490 1505 aut
1521 1480 1714 1508 commo-

282 1522 400 1574 dum,
422 1537 561 1578 neque
583 1537 670 1563 rem
691 1523 836 1574 ullam,
858 1537 955 1577 qum
985 1537 1010 1562 a
1041 1521 1215 1562 tribuno
1238 1521 1372 1577 plebis
1394 1522 1591 1578 impediri
1614 1538 1714 1579 pos-

220 1580 352 1630 265it,
383 1581 650 1636 appetiturus
684 1580 777 1620 sim.
841 1578 961 1620 Dicit
995 1578 1339 1633 frequentissimo
1371 1588 1517 1619 senatu
1548 1580 1713 1631 consul,

239 1631 268 1662 b.
283 1635 488 1677 Kalendis
509 1636 720 1687 Januarii,
743 1651 845 1686 sese,
866 1636 898 1676 si
924 1645 1057 1676 status
1081 1635 1150 1676 hic
1166 1635 1412 1691 reipublicae
1430 1646 1614 1687 maneat,
1637 1652 1710 1678 ne-

279 1709 361 1748 que
396 1694 509 1736 aliud
543 1694 766 1749 negotium
799 1693 1028 1741 exstiterit,
1062 1692 1176 1747 quod
1201 1692 1379 1733 honeste
1413 1692 1710 1750 subterfugere

275 1767 363 1793 non
387 1750 536 1808 possit,
559 1751 600 1790 in
623 1751 887 1806 provinciam
912 1765 998 1790 non
1027 1749 1201 1790 iturum.
1262 1749 1334 1790 Sic
1360 1764 1428 1790 me
1451 1750 1491 1790 in
1515 1749 1598 1791 hoc
1620 1766 1712 1792 ma-

277 1810 459 1864 gistratu
482 1811 521 1839 23
532 1822 677 1863 geram
699 1807 859 1864 populo
884 1806 1097 1857 Romano,
1119 1815 1167 1847 ut
1196 1806 1356 1862 possim
1379 1807 1600 1848 tribunum
1621 1808 1709 1864 ple·

277 1867 342 1906 bis
366 1865 613 1922 reipublicae
637 1866 790 1905 iratum
814 1864 1033 1905 coercere:
1065 1863 1173 1904 mihi
1196 1865 1366 1914 iratum,
1389 1875 1678 1906 contemnere.

231 1920 266 1974 9
335 1923 644 1973 Quamobrem,
676 1937 750 1978 per
771 1921 873 1962 deos
902 1920 1186 1961 immortales!
1219 1920 1410 1977 colligite
1433 1936 1522 1971 vos,
1547 1922 1707 1965 tribuni

274 1980 428 2035 plebis,
447 1980 627 2021 deserite
649 1993 736 2030 cos,
758 1995 783 2020 a
799 1979 971 2035 quibuS,
993 1979 1073 2019 uisi
1097 1977 1357 2034 prospicitiS‚
1378 1978 1494 2019 brevi
1517 1987 1709 2035 tempore

270 2037 549 2078 deseremini:
583 2037 826 2093 conspirate
863 2035 1112 2076 nobiscum:
1144 2035 1384 2076 consentite
1419 2050 1517 2076 cum
1554 2036 1704 2078 bonis:

269 2109 541 2136 communem
565 2093 873 2150 rempublicam
903 2093 1122 2134 communi
1153 2092 1295 2133 studio
1317 2101 1445 2147 atque
1465 2106 1610 2134 amore
1630 2093 1704 2134 de-

269 2151 446 2193 fendite.
508 2151 653 2192 Multa
674 2161 772 2191 sunt
794 2151 964 2191 occulta
993 2149 1241 2205 reipublicae
1264 2149 1453 2199 vulnera,
1473 2149 1608 2191 multa
1629 2165 1702 2191 ne-

269 2209 474 2250 fariorum
496 2208 656 2250 civium
679 2208 920 2264 perniciosa
941 2207 1143 2248 consilia:
1174 2205 1338 2247 nullutn
1367 2216 1592 2248 externum
1627 2204 1701 2264 pe-

267 2267 450 2307 riculum
473 2275 561 2317 est3
581 2280 666 2306 non
690 2279 780 2315 rex,
804 2280 889 2305 nou
912 2279 1016 2320 gens
1035 2263 1133 2314 ulla,
1154 2278 1241 2304 non
1259 2263 1378 2304 natio
1397 2263 1701 2319 pertimescen-

221 2363 228 2369 ,
268 2323 324 2364 da
355 2333 444 2375 est3
477 2324 687 2364 inclusum
717 2322 891 2372 malum,
926 2322 1178 2374 intestinum
1209 2335 1260 2362 ac
1297 2320 1582 2361 domesticum
1618 2331 1700 2364 est.

267 2380 369 2422 huic
392 2396 469 2437 pro
491 2395 534 2421 se
556 2381 736 2435 quisque
757 2379 951 2419 nostrum
981 2378 1156 2429 mederi,
1187 2387 1314 2432 atque
1344 2377 1427 2418 hoc
1456 2391 1604 2418 omnes
1635 2394 1700 2420 sa-

205 2448 257 2486 27
270 2453 369 2479 nare
392 2438 497 2479 velle
523 2438 742 2478 debemus.
804 2435 981 2486 Erratis,
1011 2437 1044 2476 si
1075 2444 1268 2476 senatum
1303 2435 1483 2489 probare
1514 2448 1578 2485 ea,
1600 2450 1698 2490 quae

266 2495 468 2536 dicuntur
495 2510 521 2536 a
541 2509 623 2546 me,
645 2494 822 2550 putatis,
854 2493 1062 2548 populum
1087 2502 1229 2533 autem
1253 2505 1344 2532 esse
1371 2491 1412 2532 in
1437 2489 1520 2532 alia
1547 2491 1699 2533 volun-

264 2561 366 2594 tate.
429 2552 606 2602 Omnes,
635 2551 709 2606 qui
739 2566 782 2591 se
815 2551 1048 2592 incolumes
1073 2549 1238 2601 volunt,
1260 2557 1489 2604 sequentur
1509 2549 1697 2592 auctori-

269 2677 272 2680 *
300 2685 341 2714 ‘29
363 2692 590 2722 summamque
609 2686 651 2712 tr.
672 2681 721 2722 μ]
749 2681 812 2712 llio
826 2680 955 2711 videtur
996 2679 1035 2710 (lc
1055 2679 1246 2720 conjectura
1268 2678 1369 2709 Patr.
1397 2677 1523 2708 Conse-r.
1546 2677 1634 2718 quod
1656 2683 1692 2710 et

256 2726 390 2760 verbum
408 2725 570 2755 excidisse.
587 2735 663 2755 uani
687 2734 747 2764 que
761 2734 819 2764 pro
840 2728 955 2754 contra
997 2721 1112 2752 Lamb.
1141 2726 1174 2751 et
1204 2721 1334 2751 Manut.
1360 2721 1463 2750 secuti
1492 2725 1582 2757 sunt,
1610 2721 1692 2751 it‘em

258 2767 417 2808 accipere,
433 2767 551 2797 durum
567 2772 627 2797 est.
997 2764 1103 2794 Graev.
1118 2768 1250 2794 auctore
1266 2763 1330 2793 Ms.
1348 2762 1399 2793 Fr.
1441 2762 1481 2792 In
1496 2761 1568 2792 edd.
1580 2768 1629 2793 est
1643 2762 1692 2793 P.

270 2804 272 2806 ’
297 2811 337 2840 ‘23
349 2819 468 2848 geram
478 2810 599 2849 populo
611 2808 670 2847 R.]
691 2808 763 2838 Hoc
778 2805 870 2838 nullo
885 2816 955 2837 mo-
997 2806 1040 2839 Η.
1064 2806 1098 2837 Si
1114 2806 1202 2847 legas
1214 2805 1334 2846 Populi
1348 2803 1391 2837 R.
1405 2803 1608 2836 tolerabilius
1622 2805 1679 2836 sit,

253 2850 294 2881 do
328 2861 441 2884 verum
470 2856 530 2882 est.
575 2850 791 2882 Lauro-danus
815 2849 955 2880 correxit
