1907 3231
552 122 673 162 ACT.
701 122 752 161 11.
798 120 985 160 LIBER
1017 121 1290 161 TERTIUS.
1559 128 1634 164 292

195 230 285 266 tam
320 225 486 283 iniquas
523 228 761 283 pactiones,
792 228 834 269 vi
870 235 914 268 et
942 236 1313 283 metussexpressas
1350 229 1634 284 cognoverit?

194 297 294 325 cum
317 293 436 326 tanta
458 285 636 340 praemia
655 286 866 337 civitates,
897 285 939 326 vi
962 295 1091 340 atque
1124 285 1321 340 imperi0,
1345 285 1561 340 virgarum
1583 302 1633 328 ac

193 341 345 382 mortis
366 351 498 392 metu,
529 357 615 383 non
649 343 779 384 modo
800 342 996 399 Apronio
1025 352 1154 397 atque
1182 342 1274 397 ejus
1303 342 1528 392 similibus,
1560 359 1632 385 ve-

192 410 287 438 rum
317 400 446 440 etiam
472 399 666 440 Veneriis
697 400 827 442 servis
857 401 958 441 dare
989 409 1176 441 coactas.
1238 398 1407 447 Quodsi
1437 400 1531 453 quis
1561 415 1628 441 so-
1644 405 1724 446 144,

191 454 357 497 ciorum
380 457 666 498 incommodis
691 458 830 498 minus
852 467 1070 509 movetur3
1101 458 1135 498 si
1169 471 1297 513 quem
1324 466 1540 497 aratorum
1564 457 1631 498 fu-

191 525 275 567 gae,
298 512 578 566 calamitates,
599 515 766 566 exsilia,
789 515 1018 571 suspendia
1039 514 1223 570 denique
1245 528 1331 555 non
1354 524 1630 570 permovent;

189 582 275 609 non
305 583 479 626 possum
509 572 722 624 dubitare,
753 573 856 628 quin
891 573 926 613 is
957 581 1115 623 tamen,
1146 586 1245 613 cum
1277 580 1488 613 vastatam
1521 572 1631 613 Sici-

187 624 304 678 liam,
328 628 499 670 relictos
522 644 663 686 agros,
684 644 738 671 ex
753 630 982 671 civitatum
1006 629 1174 681 litteris,
1187 638 1232 671 et
1253 628 1437 686 epistola
1461 629 1509 670 L.
1532 628 1631 671 Me-

187 683 275 725 telli
289 687 560 741 cognoverit,
584 696 758 738 statuat,
781 687 871 729 fieri
890 702 972 728 non
990 698 1128 742 posse,
1151 696 1198 728 ut
1219 687 1272 728 de
1296 688 1378 728 isto
1401 701 1488 727 non
1511 701 1630 728 seve-

185 741 600 798 1·issimejudicetu1·.
661 744 755 785 Erit
774 745 906 786 etiam
929 744 1098 799 aliquis,
1120 745 1192 799 qui
1218 744 1314 786 haec
1336 745 1483 785 omnia
1504 744 1629 786 dissi-

185 798 349 841 mulare
370 816 420 842 ac
439 802 658 858 negligere
679 803 829 858 possit.
872 801 1012 842 Attuli
1033 802 1283 857 sponsiones
1301 801 1394 857 ipso
1416 812 1629 857 praesente

184 855 320 898 factas
343 859 395 899 de
417 859 692 901 decumarum
716 860 936 909 societate,
970 859 1024 900 ab
1048 860 1141 914 ipso
1164 858 1404 915 prohibitas
1419 859 1626 915 judicari.

181 915 339 969 44quid
362 926 441 968 est,
471 918 586 973 quod
620 916 756 972 possit
784 917 1010 972 quisquam
1045 916 1315 957 manifestius
1343 916 1427 957 hoc
1459 916 1626 958 deside-

182 975 300 1014 rare?
333 974 434 1014 Non
457 975 624 1024 dubito,
655 974 759 1030 quin
783 975 905 1015 vobis
929 973 1225 1025 satisfecerim,
1247 973 1433 1029 judices,
1456 988 1626 1015 verum-

182 1037 325 1070 tamen
356 1032 606 1088 progrediar
632 1031 828 1088 longius:
861 1046 947 1073 non
980 1032 1222 1073 mehercule
1251 1046 1337 1087 quo
1371 1031 1510 1087 magis
1540 1031 1625 1075 hoc

180 1088 304 1128 vobis
329 1089 646 1144 persuadeatur,
668 1104 797 1144 quam
813 1089 907 1144 jam
932 1103 1178 1145 persuasum
1201 1103 1292 1130 esse
1318 1088 1518 1142 confid03
1550 1090 1624 1132 sed

181 1154 229 1184 ut
264 1145 334 1186 ille
357 1146 588 1202 aliquando
622 1147 903 1203 impudentia:
932 1162 1019 1188 suae
1049 1146 1178 1188 finem
1212 1146 1359 1196 faciat,
1391 1146 1623 1202 aliquando

178 1201 362 1254 desinat,
392 1219 443 1244 ea
465 1219 508 1245 se
530 1214 682 1261 putare
704 1219 828 1261 posse
849 1218 1005 1255 emere,
1038 1218 1135 1260 quae
1166 1205 1257 1261 ipse
1280 1218 1447 1260 semper
1469 1205 1623 1247 habuit

178 1260 359 1312 venalia,
392 1261 535 1313 fidem,
570 1262 892 1318 jusjurandum,
932 1262 1171 1313 veritatem,
1207 1261 1415 1313 officium,
1446 1262 1620 1319 religio-

177 1331 292 1369 nem,
314 1319 513 1361 desinant
535 1321 662 1361 amici
686 1320 778 1375 ejus
801 1335 851 1360 ea
871 1320 1089 1371 dictitare,
1111 1334 1209 1374 quae
1231 1319 1506 1370 detrimento,
1528 1335 1618 1361 ma-

177 1375 301 1427 culae,
326 1376 516 1429 invidiae,
539 1377 730 1418 infamiae
753 1378 877 1418 nobis
900 1377 1102 1418 omnibus
1123 1391 1214 1418 esse
1238 1376 1418 1433 possint.
1461 1376 1521 1418 At
1543 1378 1615 1433 qui
1632 1397 1702 1433 145

177 1433 333 1477 amici?
366 1433 406 1475 O
429 1435 647 1485 miserum,
675 1443 803 1490 atque
826 1434 1103 1486 invidiosum,
1137 1434 1436 1490 offensumque
1456 1449 1618 1490 panco-

175 1504 269 1530 rum
303 1491 430 1548 culpa
455 1501 585 1548 atque
616 1492 876 1548 indignitate
911 1493 1104 1533 ordinem
1142 1492 1426 1533 senatorium!
1458 1491 1616 1534 Albam

175 1547 401 1590 rEmilium
436 1550 654 1591 sedentem
687 1551 730 1591 in
768 1549 966 1591 faucibus
994 1549 1162 1592 macelli
1196 1549 1314 1605 loqui
1347 1549 1504 1605 palam,
1545 1565 1617 1593 vx-

175 1619 312 1648 CISSE
351 1607 544 1660 Verrem,
577 1618 747 1663 emptos
783 1608 942 1649 habere
967 1608 1155 1663 judices,
1186 1607 1321 1648 alium
1353 1606 1452 1648 H-S
1493 1621 1613 1649 cccc

172 1663 377 1716 millibus,
397 1665 529 1707 alium
553 1665 652 1707 H-S
678 1679 741 1717 ιο,
764 1680 892 1721 quem
913 1666 1111 1717 minimo,
1137 1679 1242 1706 ccc.
1283 1664 1429 1720 Atque
1451 1664 1490 1705 ei
1511 1680 1613 1707 cum

168 1735 423 1777 responsum
455 1733 581 1774 esset,
614 1723 706 1765 fieri
744 1738 829 1765 non
865 1738 1008 1779 posse:
1051 1722 1211 1764 multos
1247 1732 1376 1763 testes
1418 1736 1509 1763 esse
1549 1722 1615 1764 di-

168 1787 328 1830 cturos,
359 1795 429 1821 me
450 1793 659 1836 praeterea
679 1796 819 1822 causae
843 1796 930 1822 non
949 1781 1213 1822 defuturum.
1275 1779 1395 1821 Licet
1422 1779 1612 1833 hercules,

170 1835 325 1891 inquit,
359 1852 490 1879 omnes
521 1839 658 1879 omnia
691 1839 831 1881 dicant
863 1839 908 1880 in
936 1838 1074 1889 illum‚·
1104 1838 1183 1879 nisi
1211 1838 1272 1879 ita
1305 1852 1364 1880 res
1391 1836 1612 1894 manifesta

167 1893 247 1934 erit
278 1894 424 1946 allata,
455 1902 502 1936 ut
533 1896 761 1951 responderi
788 1896 896 1937 nihil
918 1897 1060 1952 possit,
1095 1896 1277 1937 vicimus.
1336 1898 1377 1926 45
1393 1895 1510 1936 Bene
1533 1896 1608 1948 ais,
1623 1918 1697 1954 146

165 1950 303 1994 Alba:
337 1953 389 1994 ad
413 1963 531 1994 tuam
560 1955 730 1994 veniam
758 1954 1071 1995 conditionem.
1094 1953 1202 1995 nihil
1235 1962 1362 2010 putas
1395 1952 1535 1994 valere
1564 1953 1609 1995 in
1622 1977 1652 2007 b.

152 2008 340 2065 ‘judiciis
391 2011 702 2066 conjecturam,
743 2012 852 2053 nihil
903 2012 1208 2068 suspicionem,
1249 2010 1358 2052 nihil
1399 2019 1611 2053 anteactae

170 2066 269 2107 vitae
311 2069 695 2119 existimationem,
726 2069 835 2111 nihil
871 2071 1084 2111 bonorum
1122 2069 1311 2110 virorum
1349 2069 1611 2119 testimonia,

165 2123 274 2165 nihil
296 2127 522 2167 civitatum
546 2126 824 2168 auctoritates
843 2142 893 2169 ac
914 2126 1190 2168 testimonia:
1219 2127 1262 2164 46
1275 2141 1340 2167 res
1361 2125 1611 2166 manifestas

166 2183 338 2236 quaeris.
400 2185 502 2225 Non
544 2198 692 2239 quaero
728 2184 899 2240 judices
939 2184 1195 2226 Cassianos:
1227 2192 1414 2224 veterem
1448 2183 1611 2238 judici-

163 2253 285 2281 orum
309 2243 581 2283 severitatem
606 2256 693 2283 non
727 2242 925 2297 requiro:
958 2252 1143 2284 vestram
1172 2242 1216 2282 in
1248 2241 1330 2282 hoc
1360 2240 1505 2291 fidem,
1543 2241 1609 2281 di-

161 2297 389 2353 gnitatem,
411 2299 665 2356 religionem
689 2299 984 2355 injudicando
1007 2315 1094 2341 non
1117 2298 1322 2354 imploro:
1354 2297 1513 2339 Albam
1531 2297 1607 2339 ha÷

161 2355 272 2396 bebo
295 2356 506 2411 judicem,
537 2372 636 2398 eum
670 2357 904 2409 hominem,
938 2359 1012 2413 qui
1047 2372 1090 2398 se
1124 2370 1313 2398 scurram
1335 2356 1608 2411 improbissi-

160 2426 281 2455 mum
303 2415 542 2456 existimari
561 2415 677 2457 vult:
702 2415 774 2470 qui
798 2430 822 2455 a
844 2415 998 2457 scurris
1021 2415 1168 2471 potius
1190 2427 1357 2470 semper
1380 2413 1606 2469 gladiator,

199 2545 242 2574 44
263 2545 342 2583 quid
364 2550 422 2582 est,
446 2546 531 2586 quod
549 2548 650 2587 possit
669 2546 855 2588 quisquam]
944 2546 986 2577 46
1009 2546 1122 2576 literas
1147 2543 1344 2584 manffestas
1378 2543 1510 2584 quccrz's]
1538 2543 1606 2576 De·

158 2583 265 2624 Vulgo
282 2593 389 2626 posset
413 2588 528 2618 vitiose
550 2589 668 2620 editur.
714 2589 796 2620 Edu.
810 2600 859 2630 pr.
902 2589 1008 2620 stendit
1032 2588 1201 2628 vulgatam
1227 2588 1311 2617 hane
1334 2586 1523 2624 lectionem,
1550 2586 1606 2616 sed

156 2626 298 2658 habent:
323 2631 472 2669 quidest,
495 2633 580 2670 quod
595 2633 730 2673 possetis
745 2643 788 2662 m.
804 2635 860 2662 hoc
905 2641 971 2661 non
996 2631 1138 2670 explicat
1159 2631 1330 2660 Gruterus.
1376 2628 1447 2669 Ego
1472 2635 1605 2660 secutus

155 2670 351 2702 desiderare.
374 2673 471 2704 Forte
483 2675 675 2714 quodpossit
689 2676 716 2705 is
730 2676 857 2705 vulnd.
903 2684 976 2704 sum
1004 2673 1142 2703 Hotom.
1165 2679 1198 2702 et
1227 2671 1442 2707 Lanibinum,
1463 2676 1496 2701 et
1518 2671 1604 2701 edidi

198 2714 239 2742 45
262 2712 354 2744 Bene
367 2717 428 2752 ais,
445 2716 502 2754 A.]
541 2717 593 2747 Sic
605 2717 678 2748 edd.
693 2727 742 2754 pr.
760 2718 855 2754 bene,
899 2727 959 2747 res.
976 2726 1094 2756 nempe
1108 2716 1179 2746 haec
1194 2720 1272 2745 sunt
1287 2714 1388 2745 verba
1399 2713 1506 2750 Albae,
1530 2723 1605 2753 quae

155 2763 224 2784 ¹¹0ss
239 2756 324 2793 agis,
340 2758 425 2796 quod
438 2759 478 2789 ab
491 2758 574 2789 Aldo
589 2766 649 2790 est.
687 2755 751 2790 Hie
766 2760 856 2791 locu-
900 2758 953 2789 hic
969 2759 1149 2788 necessario
1165 2761 1378 2797 repetuntur:
1396 2762 1429 2786 et
1445 2756 1505 2786 hoc
1521 2755 1602 2787 mihi

155 2801 210 2826 tus
239 2805 290 2828 est
315 2799 416 2830 Alba:
447 2801 524 2831 huie
549 2802 632 2832 bene
661 2803 854 2842 respondet:
901 2801 1015 2832 statim
1031 2802 1067 2830 in
1082 2805 1227 2831 mentem
1250 2799 1354 2835 venit,
1378 2798 1434 2828 ubi
1459 2799 1603 2839 primum

156 2839 232 2870 hene
247 2842 308 2876 ctis,
325 2851 391 2873 non
406 2844 490 2885 agis.
506 2853 566 2875 nee
581 2844 619 2876 de
632 2845 720 2877 facto
735 2854 856 2883 sermo,
870 2851 874 2854 ”
902 2843 966 2883 legi
993 2843 1116 2880 locum,
1142 2849 1321 2882 antequam
1347 2840 1602 2873 Hotomannun·

153 2887 192 2913 ut
205 2891 314 2924 supra.
901 2891 936 2917 et
951 2885 1151 2919 Lambinum
1164 2885 1401 2926 cognovissem.

829 2934 917 2977 tie
