1907 3231
504 93 628 132 ACT.
659 92 710 131 ΙΙ.
742 89 926 129 LIBER
954 92 1194 132 PRIMUS.
1493 100 1565 136 138

134 206 204 238 me
224 196 336 238 hanc
356 203 518 238 tantam
533 195 749 251 jacturam
780 197 1008 238 criminum
1038 196 1192 238 facere.
1253 198 1455 244 Quaestor
1478 200 1625 251 Cn.34¹

135 253 310 310 Papirio
328 253 490 295 consuli
512 253 630 294 fuisti
653 253 811 294 abhinc
832 268 965 294 annos
987 254 1325 308 quatuordecim.
1349 270 1402 296 cx
1422 271 1472 296 ea
1493 258 1561 298 die

132 311 186 352 ad
207 311 316 352 hanc
347 310 461 351 diem
491 325 587 365 quae
619 309 773 362 fecisti,
806 311 847 351 in
876 311 1090 366 judicium
1114 325 1244 352 voco.·
1298 311 1421 352 Hora
1448 314 1563 354 nulla.

135 382 270 409 vacua
297 367 469 418 afurto,
500 367 670 418 scelere,
691 367 957 419 crudelitate,
989 368 1157 423 flagitio
1188 369 1435 424 reperietur.
1499 369 1561 412 Hi

132 434 232 465 sunt
251 425 351 465 anni
382 424 596 465 consumti
628 425 672 465 in
705 435 933 480 quaestura,
955 433 998 464 et
1029 425 1243 481 legatione
1279 425 1485 476 Asiatica,
1518 436 1562 468 et

130 489 317 536 praetura
338 482 512 546 uibana,
533 490 576 523 et
610 492 795 537 praetura
817 482 1044 523 Siciliensi.
1071 459 1249 528 0·Quale
1282 482 1376 523 haec
1409 483 1558 524 eadem

128 538 210 578 erit
231 538 541 594 quadripartita
560 538 806 580 distributio
829 539 960 580 totius
984 554 1108 580 accus
1113 540 1268 580 ationis
1290 554 1413 580 meae.

185 596 390 642 Quaestor
419 597 526 637 9765-
565 597 932 638 senatusconsulto
975 596 1241 652 ploxinciam
1281 597 1454 637 sortitus
1494 593 1636 640 es.13

128 652 290 708 obtigit
320 652 399 693 tibi
424 653 671 717 consularis,
693 663 741 694 ut
766 668 865 695 cum
886 654 1060 695 consule
1092 653 1173 694 Cn.
1198 654 1396 695 Carbone
1426 668 1552 718 esses,

126 722 306 765 eamque
329 710 594 765 provinciam
616 711 846 752 obtineres.
899 709 1002 750 Erat
1025 720 1115 750 tum
1137 711 1344 751 dissensio
1366 711 1525 753 civium
1542 728 1552 763 ;
1567 732 1597 762 p.
1612 724 1664 758 83..

128 765 182 806 de
202 781 287 822 qua
305 766 411 807 nihil
433 782 526 808 sum
548 767 752 818 dicturus,
771 767 875 823 quid
894 768 1050 808 sentire
1068 767 1286 809 debueris:
1320 782 1452 808 unum
1472 769 1554 811 hoc
1565 775 1594 796 ἃ·

126 823 241 875 dico,
275 824 319 864 in
348 824 559 879 ejusmodi
592 832 786 880 tempore
818 838 867 865 ac
902 834 1014 864 sorte
1047 832 1231 865 statuere
1267 834 1309 865 te
1341 825 1554 888 debuisse,

125 888 270 922 utrum
293 881 436 922 malles
459 881 614 922 sentire
634 890 763 936 atque
793 880 1035 922 defendere
1069 881 1212 923 Carbo
1236 882 1423 938 gravitei
1445 882 1554 924 fere-

126 936 216 990 bat,
248 938 329 979 sibi
359 946 618 993 quaestorem
649 938 871 994 obtin-isse,
894 938 1114 980 hominem
1148 914 1354 995 singulari
1384 939 1556 981 luxuria

124 1002 254 1050 atque
276 995 442 1036 inertia.
476 1005 767 1037 verumtamen
786 996 966 1037 ornabat
988 1010 1087 1037 eum
1118 998 1157 1028 ‘28
1178 973 1396 1037 beneficiis
1416 997 1556 1038 omni-

125 1052 221 1093 bus.
281 1052 351 1093 Ne
372 1052 532 1093 diutius
555 1062 749 1105 teneam;
780 1053 964 1109 pecunia
987 1053 1209 1105 attributa,
1232 1061 1454 1094 numerata
1475 1063 1553 1095 est.

121 1109 342 1165 profectus
373 1118 437 1150 est
458 1118 646 1165 quaestor
677 1110 720 1151 in
751 1125 1032 1166 provmmam.
1064 1111 1182 1151 venit
1204 1111 1247 1151 in
1271 1110 1456 1151 Galliam
1479 1126 1554 1152 ex-

123 1175 340 1230 spectatus
373 1167 426 1207 ad
456 1167 693 1209 exercitum
727 1167 992 1208 consularem
1025 1182 1124 1208 cum
1152 1168 1348 1223 pecunia.
1377 1167 1554 1210 simulac

123 1223 312 1288 primum
333 1223 371 1264 ei
395 1224 564 1265 occasio
586 1225 676 1265 visa
694 1233 772 1275 est,
792 1224 1062 1280 (cognoscite
1084 1223 1270 1265 hominis
1294 1224 1555 1280 principium

121 1281 453 1345 magistratuum
487 1281 770 1337 gerendorum
802 1290 845 1322 et
879 1281 1127 1336 reipublicae
1166 1282 1551 1333 administrandae,)

123 1351 271 1379 aversa
302 1337 485 1394 pecunia
487 1314 708 1394 ζῇριιῌίοιι,
747 1341 989 1393 ‘29quaestor
1026 1338 1260 1389 consulem,
1299 1340 1553 1403 exercitum,

121 1406 280 1436 sonem
311 1410 517 1451 provmcr
509 1410 661 1451 unque
691 1395 892 1436 deseruit.
953 1395 1091 1436 Video
1120 1396 1222 1451 quid
1254 1396 1437 1451 egerim:
1469 1397 1551 1437 eii·
1563 1410 1613 1444 35

120 1451 188 1507 git
220 1466 285 1494 se:
318 1460 473 1508 sper,at
504 1452 585 1494 sibi
616 1455 656 1484 30
670 1467 815 1493 auram
839 1466 964 1508 posse
991 1452 1178 1507 aliquam
1208 1452 1357 1503 afflari,
1389 1452 1433 1493 in
1467 1453 1552 1495 hoc

120 1508 316 1559 crimine,
338 1509 571 1550 voluntatis
602 1510 945 1574 assensionisque
976 1524 1139 1562 emum,
1163 1510 1319 1566 quibus
1344 1508 1426 1551 Cn.
1452 1510 1558 1552 Car-

118 1565 246 1607 bonis
268 1567 428 1607 mortui
451 1581 607 1608 nomen
629 1567 730 1608 odio
754 1567 829 1609 sit:
854 1567 1010 1622 quibus
1031 1565 1148 1607 illam
1171 1567 1437 1608 relictionem
1458 1583 1559 1624 pro-

120 1623 417 1679 ditionemque
447 1624 634 1665 consulis
659 1625 723 1665 sui
755 1638 806 1680 gr
808 1633 923 1665 atam
957 1632 1100 1681 sperat
1121 1623 1227 1665 fore.
1290 1624 1425 1671 Quasi
1456 1639 1558 1667 vero

123 1679 167 1720 id
189 1681 426 1745 cupiditate
448 1681 728 1724 defendendae
752 1682 1007 1733 nobilitatis,
1029 1689 1104 1722 aut
1125 1682 1267 1722 studio
1288 1682 1476 1746 partium
1494 1682 1558 1723 fe-

122 1738 244 1790 cerit,
267 1753 316 1779 ac
337 1752 459 1778 non
447 1739 712 1794 apertissime
733 1739 969 1790 consulem,
993 1739 1246 1790 exercitum,
1268 1739 1558 1794 provinciam-

122 1808 206 1850 que
235 1795 492 1851 compilaiit,
514 1805 557 1837 et
586 1804 761 1852 propter
788 1796 1208 1852 impudentissimum
1239 1795 1400 1836 furtum
1432 1797 1557 1837 aufu-

119 1852 245 1907 gerit.
307 1851 384 1892 Est
424 1853 540 1894 enim
571 1855 816 1904 obscurum,
847 1862 891 1894 et
924 1853 1135 1909 ejusmodi
1170 1852 1333 1894 factum
1367 1853 1475 1909 ejus,
1509 1863 1558 1895 ut

115 1910 253 1965 possit
273 1909 425 1965 aliquis
450 1910 670 1966 suspica1i‚
699 1910 750 1952 (3.
774 1911 965 1964 Verrem,
988 1911 1104 1967 quod
1126 1908 1235 1952 seire
1257 1925 1393 1952 novos
1415 1910 1556 1953 homi-

155 2062 194 2093 27
218 2071 257 2092 ex
273 2060 520 2092 Sota—sortitus
538 2060 584 2100 es]
610 2061 660 2091 Ne
674 2061 728 2091 hic
742 2061 808 2092 hae-
851 2061 906 2102 pla
914 2062 1009 2102 plura
1021 2061 1206 2103 sunt'hujus
1219 2063 1410 2104 artificiiap.
1426 2063 1555 2094 Cicero·

113 2109 209 2134 reant
229 2104 363 2134 studiosi
379 2105 413 2134 in
436 2104 669 2144 conjunctione
692 2105 759 2134 Soti
775 2111 809 2135 et
853 2115 941 2141 nem,
958 2105 1105 2142 Livium,
1120 2106 1286 2136 Tacitum.

112 2146 228 2176 sortisz
261 2147 470 2176 sortitionem
499 2145 654 2186 praeeedit
681 2147 807 2184 sctum,

893 2150 934 2177 30
955 2157 1077 2178 azeram
1098 2148 1330 2178 -voluntaeis
1351 2149 1555 2179 assmzsionis-

112 2188 153 2226 de
167 2189 382 2228 quaestoribus
404 2189 438 2218 in
453 2188 655 2228 provinciam
669 2199 726 2228 per
740 2197 808 2218 sor·
851 2188 924 2229 que]
949 2189 1031 2220 Edd.
1048 2200 1096 2230 pr.
1106 2190 1229 2221 habent
1241 2190 1442 2221 dissensionis
1455 2200 1559 2230 usque

110 2234 182 2262 tem
208 2231 389 2261 mittendis.
442 2230 530 2261 Alias
554 2231 619 2260 fere
645 2231 813 2261 omittitur

113 2272 182 2303 Scti
196 2273 340 2303 mentio:
367 2272 420 2303 hic
442 2273 588 2303 additum
611 2278 674 2309 est,
691 2277 727 2302 ut
743 2273 812 2313 opi-

113 2323 187 2352 nor,
198 2315 238 2345 ad
247 2315 438 2354 explendam
447 2315 643 2351 orationem,
655 2325 694 2345 ne
710 2325 811 2345 niem-

112 2355 211 2387 hrum
227 2357 288 2387 hoc
301 2357 398 2387 nimis
412 2357 508 2386 breve
522 2362 616 2387 esset.

154 2401 194 2430 28
218 2400 375 2440 benefieiis
399 2399 557 2438 omnibus]
598 2398 713 2429 Delevi
741 2398 811 2440 qffi'-

111 2441 242 2481 ciisque,
259 2441 345 2480 quod
360 2442 451 2472 abest
466 2442 506 2471 ab
522 2441 592 2471 edd.
612 2451 658 2480 pr.
682 2442 809 2471 Primus

111 2483 276 2514 Victorius
292 2483 427 2520 addidit,
443 2493 538 2522 quern
553 2483 666 2513 statim
684 2484 718 2514 P.
736 2484 770 2514 M
776 2495 809 2514 a

110 2525 224 2556 nutius
245 2531 376 2556 secutus
398 2530 447 2555 est
469 2530 504 2556 et
526 2526 600 2556 inde
621 2527 734 2556 ceteri.
750 2536 809 2557 nec

112 2567 236 2598 habent
262 2568 294 2598 id
318 2568 452 2599 verbum
478 2568 558 2598 Mss.
583 2567 746 2605 meliores,
773 2573 811 2599 ut

112 2609 181 2641 Esf.
195 2609 255 2640 Dr.

151 2653 193 2685 29
214 2656 350 2691 quoestor
383 2651 482 2690 coum]
526 2652 577 2682 Ne
610 2653 681 2691 quis
715 2656 809 2692 putet

109 2694 208 2724 inane
222 2703 289 2724 esse
306 2699 452 2733 quaesz'or.
468 2693 614 2724 additum
627 2700 676 2724 est
690 2700 811 2734 praeter

112 2736 342 2766 necessitatem
364 2736 446 2766 illud
459 2736 604 2775 quidem,
621 2737 676 2766 sed
692 2742 729 2766 ut
743 2736 808 2766 ele—

110 2777 243 2815 gantior
255 2782 290 2808 et
303 2778 464 2808 efficacior
487 2783 570 2808 esset
585 2779 704 2814 oratio,
719 2787 808 2818 quae-

111 2824 198 2850 stoi-e
211 2829 286 2851 eum
296 2819 428 2852 consule
437 2821 675 2862 conjungendo,
691 2821 809 2851 Exem-

856 2232 896 2261 ad
924 2232 1108 2262 Victorium
1137 2237 1171 2263 et
1199 2242 1361 2271 sequaces·
1404 2233 1558 2268 Primum

855 2273 941 2314 apud
960 2274 996 2304 P.
1018 2275 1210 2305 Manutium
1230 2276 1333 2315 reperi
1352 2277 1556 2306 assensionis-

854 2326 926 2354 que,
942 2317 1028 2354 quod
1047 2322 1080 2347 et
1096 2318 1175 2347 Mss.
1197 2317 1321 2347 habent
1342 2317 1450 2357 plures
1465 2319 1555 2351 boni.

854 2357 947 2388 Inter
962 2359 1149 2389 Graevianos
1168 2369 1251 2390 unus
1274 2360 1484 2397 Fralicianus‚
1502 2362 1554 2393 cui

853 2401 1021 2431 consentit
1058 2402 1165 2431 Guelf.
1206 2401 1407 2432 dissensIonis
1442 2403 1554 2440 habet,

853 2442 939 2472 unde
973 2448 1006 2473 et
1031 2443 1066 2473 in
1094 2449 1222 2474 textum
1251 2445 1371 2483 recepit
1397 2445 1554 2476 Graevius.

853 2483 930 2514 Non
943 2486 1083 2516 sustinui
1099 2486 1235 2516 imitari.
1282 2485 1317 2515 l
1311 2488 1440 2517 oluntcrs
1454 2493 1488 2517 et
1502 2498 1556 2518 as-

853 2528 954 2557 sensio
975 2533 1054 2557 sunt
1074 2538 1266 2568 swronyma,
1287 2528 1428 2559 alterum
1451 2531 1554 2570 expli-

852 2574 905 2598 cat
934 2569 1034 2608 prius.
1078 2562 1164 2609 Quia
1188 2569 1228 2600 ad
1254 2580 1376 2601 auram
1411 2572 1553 2606 refertur

852 2615 1042 2650 utrumque,
1066 2622 1139 2651 quae
1165 2622 1231 2642 non
1259 2617 1309 2642 est
1335 2613 1468 2644 adversa
1489 2615 1556 2646 hoo

851 2662 960 2689 serim,
975 2655 1164 2685 assensionis
1178 2664 1291 2684 verum
1306 2655 1444 2686 videtur.
1487 2656 1552 2688 Sed

852 2701 965 2725 tamen
985 2702 1019 2725 et
1038 2697 1239 2727 dissensionis
1254 2697 1409 2737 explicari
1432 2702 1553 2738 potest.

850 2736 978 2785 Nempe
1001 2748 1039 2768 ea
1061 2739 1231 2776 reserenda
1250 2746 1302 2772 est
1323 2739 1366 2777 ad
1386 2739 1511 2773 Cicero·
1502 2742 1552 2773 iis

852 2780 1046 2813 orationem

794 2870 872 2904 ΚΒ
