1907 3231
283 131 332 165 44
877 125 1124 164 ORATIO

286 228 430 279 Eruci,
452 229 566 286 quod
589 230 703 272 hunc
724 230 808 271 ruri
832 244 922 272 esse
943 231 1199 287 patiebatur.
1243 226 1464 285 Numquid
1487 238 1549 272 est
1571 229 1712 274 aliud?

286 285 427 327 Immo
459 302 574 337 vero,
607 287 761 343 inquit,
790 294 868 327 est.
909 302 1005 330 nam
1046 288 1174 328 istum
1203 286 1462 328 exheredare
1495 288 1537 329 in
1568 288 1712 330 animo

284 343 485 385 habebat.
540 344 706 385 Audio:
739 359 852 384 nunc
886 345 992 386 (licis
1023 342 1197 399 aliquid,
1229 344 1343 398 quod
1382 345 1433 384 ad
1465 359 1552 386 rem
1582 345 1714 402 perti-

283 410 398 442 neat.
419 414 516 442 nam
540 401 625 449 ilia,
647 402 814 457 opinor,
838 411 880 442 tu
914 415 1084 456 quoque
1105 400 1304 441 concedis
1336 401 1444 442 levia
1463 415 1554 443 esse
1584 411 1713 458 atque

284 457 444 513 inepta.
504 458 718 498 Convivia
738 472 835 498 cum
859 468 978 513 patre
1009 472 1093 498 non
1126 458 1276 498 inibat.
1299 457 1458 514 quippe
1488 459 1560 514 qui
1592 473 1645 500 ne
1668 459 1713 500 in

283 515 491 570 oppidum
514 515 701 569 quidem,
725 514 804 555 nisi
828 529 1012 570 perraro,
1032 515 1208 555 veniret.
1234 514 1423 555 Domum
1443 529 1561 556 suam
1584 516 1715 556 istum

283 585 371 612 non
395 571 482 612 fere
502 571 728 626 quisquam
751 572 946 611 vocabat.
970 585 1047 612 nec
1073 572 1242 620 mirum,
1265 572 1338 626 qui
1370 586 1506 626 neque
1536 573 1579 613 in
1610 573 1715 613 urbe

208 620 463 679 19viveret,
485 643 623 683 neque
644 636 916 669 revocaturus
938 638 1061 669 esset.
1096 628 1251 668 Verum
1276 628 1368 669 haee
1389 643 1560 684 quoque
1582 637 1627 670 tu
1651 629 1717 670 in-

286 685 443 742 telligis
475 700 566 725 esse
602 685 842 741 nugatoria.
904 684 1028 735 illud,
1067 685 1180 740 quod
1214 685 1443 740 ecepimus,
1475 686 1717 737 videainus;

318 756 371 782 uo
409 743 565 783 certius
603 751 902 797 argumentum
932 742 1019 783 odii
1052 742 1223 798 reperiri
1253 741 1369 782 nullo
1398 742 1528 784 modo
1558 751 1716 799 potest.

225 803 272 836 53
311 798 559 840 ‘xheredare
581 810 700 855 pater
722 799 855 840 filium
878 800 1114 856 cogitabat.
1175 798 1311 840 Mitto
1332 812 1536 853 quaerere,
1557 814 1643 856 qua
1663 799 1717 842 de

284 871 436 898 causa:
468 871 630 913 quaero,
652 857 724 912 qui
748 857 879 898 scias:
905 856 1072 898 tametsi
1097 866 1138 897 te
1159 856 1300 898 dicere
1320 864 1449 911 atque
1469 870 1718 898 enumerare

285 928 433 954 causas
451 928 599 954 omnes
618 913 860 969 oportebat.
878 923 922 954 et
941 914 982 955 id
1001 923 1091 954 erat
1108 913 1212 955 certi
1232 913 1491 954 accusatoris
1508 913 1717 965 officium,

177 971 358 1026 p.27.qui
383 971 487 1011 tanti
512 971 679 1012 sceleris
701 978 911 1026 argueret,
933 971 1148 1026 explicare
1170 970 1315 1011 onmia
1336 970 1441 1010 vitia
1460 979 1589 1026 atque
1618 985 1717 1027 pec-

243 1031 381 1068 ³·cata
404 1027 494 1078 filii,
512 1028 668 1082 quibus
691 1028 887 1068 incensus
908 1042 1057 1083 parens
1081 1028 1269 1083 potuerit
1289 1027 1480 1068 animum
1499 1027 1717 1079 inducere,

285 1093 335 1124 ut
367 1094 560 1125 naturam
592 1085 729 1140 ipsam
753 1084 956 1134 vinceret,
981 1094 1026 1125 ut
1056 1099 1244 1125 amorem
1276 1084 1391 1124 illum
1416 1085 1586 1140 penitus
1617 1084 1721 1126 insi-

283 1151 376 1181 tum
397 1141 573 1195 ejiceret
593 1155 648 1182 ex
671 1141 829 1192 animo,
852 1150 898 1181 ut
920 1141 1104 1197 denique
1134 1151 1299 1197 patrem
1328 1154 1418 1182 esse
1449 1156 1539 1183 sese
1559 1141 1715 1183 oblivi-

283 1207 486 1239 sceretur.
505 1213 601 1254 quae
621 1199 712 1239 sine
729 1199 896 1254 magnis
915 1198 1095 1254 hujusce
1114 1198 1300 1255 peccatis
1318 1198 1511 1240 accidere
1530 1198 1719 1254 potuisse

223 1264 272 1298 54
287 1269 371 1296 non
402 1256 600 1296 arbitror.
661 1255 819 1296 Verum
847 1256 1036 1297 concedo
1061 1256 1155 1305 tibi,
1187 1264 1234 1296 ut
1263 1270 1313 1296 ea
1342 1264 1582 1311 praetereaS,
1604 1269 1718 1310 quae,

284 1326 383 1354 cum
407 1321 536 1364 taces,
567 1313 683 1354 nulla
702 1326 793 1353 esse
815 1313 1029 1354 concedis.
1091 1312 1217 1354 Illum
1240 1312 1413 1368 quidem
1437 1312 1620 1354 voluisse
1640 1325 1718 1354 ex-

282 1368 499 1420 heredare,
522 1379 636 1411 certe
668 1379 712 1410 tu
745 1370 918 1426 planum
941 1370 1080 1411 faeere
1109 1370 1252 1411 debes.
1314 1369 1431 1416 Quid
1452 1383 1556 1427 ergo
1577 1368 1719 1421 affers,

283 1441 413 1481 quare
434 1427 476 1468 id
500 1426 661 1468 factum
686 1429 912 1483 putemus?
943 1427 1052 1467 Vere
1084 1427 1190 1468 nihil
1221 1435 1342 1482 potes
1363 1426 1519 1468 dicere.
1579 1426 1717 1483 Finge

283 1483 444 1539 aliquid
477 1483 627 1525 saltem
659 1485 910 1525 commode:
952 1495 998 1524 ut
1031 1498 1083 1524 ne
1114 1484 1237 1540 plane
1270 1483 1451 1525 videaris
1484 1483 1527 1525 id
1561 1483 1716 1535 facere,

281 1541 397 1596 quod
428 1551 574 1598 aperte
605 1541 725 1592 facis,
747 1541 874 1596 hujus
902 1541 1044 1582 miseri
1067 1541 1265 1591 fortunis,
1287 1550 1330 1582 et
1352 1540 1504 1582 horum
1527 1541 1716 1583 virorum

280 1597 433 1639 talium
454 1598 657 1655 dignitati
680 1598 868 1640 illudere.
919 1598 1190 1640 Exheredare
1213 1598 1348 1639 filium
1370 1598 1519 1639 voluit.
1573 1599 1718 1646 Quam

283 1655 340 1696 ob
371 1659 572 1698 causam?
604 1656 778 1697 Nescio.
840 1656 1214 1697 Exheredavitne?
1255 1655 1370 1696 Non.
1431 1655 1540 1703 Quis
1570 1655 1719 1712 prohi-

283 1713 405 1754 buit?
435 1717 475 1745 33
489 1712 741 1769 Cogitabat.
803 1712 1066 1770 Cogitabat?
1096 1713 1166 1754 cui
1188 1713 1329 1754 dixit?
1363 1712 1551 1754 Nemini.
1598 1712 1718 1760 Quid

282 1778 347 1810 est
375 1769 505 1821 aliud,
529 1770 698 1825 judicio
721 1785 771 1812 ae
802 1770 984 1827 legibus,
1014 1785 1064 1811 ac
1094 1769 1319 1825 majestate
1343 1778 1485 1810 vestra
1513 1769 1634 1811 abuti
1664 1769 1719 1811 ad

281 1836 496 1882 quaestum
527 1837 656 1883 atque
685 1828 738 1868 ad
768 1828 1006 1878 libidinem,
1038 1827 1119 1868 nisi
1152 1828 1234 1868 hoc
1265 1826 1394 1867 modo
1417 1841 1631 1878 accusare,
1652 1834 1719 1868 at-

281 1898 365 1939 que
394 1884 437 1924 id
460 1883 664 1940 objicere,
686 1885 800 1940 quod
824 1884 998 1942 planum
1021 1884 1160 1926 facere
1189 1898 1274 1925 non
1298 1884 1427 1925 modo
1450 1898 1536 1925 non
1566 1883 1720 1940 possis,

221 1958 270 1991 55
284 1955 429 1981 verum
453 1956 505 1984 ne
526 1942 693 1983 coneris
715 1942 887 1997 quidem
907 1945 921 1984 ?
968 1941 1110 1983 Nemo
1129 1950 1323 1983 nostrum
1344 1950 1423 1993 est,
1448 1940 1591 1993 Eruci,
1612 1940 1719 1996 quin

283 1998 403 2049 sciat,
427 1999 506 2040 tibi
540 1999 789 2040 inimicitias
818 2013 918 2041 cum
952 1999 1053 2040 Sex.
1079 1998 1240 2041 Roscio
1268 1998 1404 2039 nullas
1434 2013 1539 2040 esse.
1570 1999 1720 2040 vident

281 2069 444 2106 omnes,
467 2071 553 2112 qua
581 2056 634 2098 de
664 2071 792 2098 causa
823 2056 924 2098 huic
955 2056 1153 2098 inimicus
1178 2055 1337 2097 venias.
1361 2055 1516 2107 sciunt,
1538 2055 1719 2112 hujusce

281 2114 464 2168 pecunia
495 2123 536 2155 te
567 2114 799 2155 adductum
819 2127 924 2155 esse.
965 2113 1083 2161 Quid
1106 2128 1210 2170 ergo
1231 2115 1324 2155 est?
1353 2113 1414 2154 ita
1436 2122 1577 2154 tamen
1599 2127 1719 2169 quae-

282 2178 372 2210 stus
394 2179 436 2211 te
457 2171 661 2227 cupidum
693 2185 784 2212 esse
813 2171 1056 2227 oportebat,
1085 2180 1134 2212 ut
1167 2172 1321 2212 horum
1352 2170 1720 2212 existimationem

201 2227 270 2275 ⁶20
282 2236 324 2268 et
341 2227 534 2284 34legem
559 2228 803 2269 Remmiam
826 2237 996 2285 putares
1019 2229 1179 2284 aliquid
1202 2228 1340 2269 valere
1361 2236 1574 2284 oportere.
1632 2225 1719 2268 Ac-

281 2294 497 2326 cusatores
519 2285 678 2327 multos
700 2299 790 2326 esse
812 2286 855 2326 in
875 2286 1050 2327 civitate
1073 2286 1176 2327 utile
1198 2294 1276 2337 est,
1295 2294 1343 2326 ut
1360 2293 1477 2326 metu
1497 2285 1718 2327 continea-

283 2350 350 2383 tur
372 2342 574 2384 audacia:
609 2351 900 2384 verumtamen
923 2342 1007 2384 hoc
1030 2344 1089 2384 ita
1106 2352 1171 2384 est
1195 2342 1310 2393 utile,
1332 2351 1380 2383 ut
1402 2356 1454 2383 ne
1476 2341 1602 2398 plane
1624 2341 1719 2382 illu-

280 2398 430 2440 damur
459 2401 513 2441 ab
536 2400 872 2442 accusatoribus.
933 2399 1146 2441 Innocens
1168 2408 1232 2441 est
1252 2400 1482 2456 quispiam.
1504 2407 1719 2441 verumta-

280 2469 393 2505 men,
424 2471 684 2513 quamquam
715 2458 836 2498 abest
865 2472 890 2498 a
910 2457 1051 2513 culpa,
1083 2457 1325 2514 suspicione
1357 2466 1499 2498 tamen
1531 2470 1618 2497 non
1647 2469 1718 2497 ca·

280 2522 357 2553 ret.
391 2515 558 2555 tametsi
590 2515 792 2555 miserum
814 2522 894 2565 est,
925 2523 1068 2556 tamen
1091 2515 1146 2566 ei,
1168 2515 1240 2570 qui
1264 2515 1379 2555 hunc
1410 2522 1597 2565 accuset,
1618 2526 1718 2569 pos-

281 2569 359 2610 sim
382 2570 525 2625 aliquo
548 2572 676 2613 inodo
699 2573 937 2628 ignoscere.
961 2586 1059 2613 cum
1081 2572 1196 2613 enim
1226 2570 1386 2627 aliquid
1408 2570 1580 2622 habeat,
1601 2569 1718 2626 quod

321 2698 359 2724 :33
389 2695 568 2731 ffgritabat.
601 2695 771 2733 (agitabat
782 2695 812 2734 .⁷]
840 2697 891 2727 Sic
909 2696 978 2727 edd.
1063 2699 1104 2727 34
1127 2698 1230 2735 legem
1246 2695 1449 2735 Remmiam]
1475 2696 1527 2726 Sic
1543 2694 1605 2726 Ms.
1620 2695 1682 2725 Gu.
1698 2703 1718 2725 a

279 2736 318 2766 R.
343 2737 397 2767 Br.
425 2740 514 2768 1430.
538 2737 625 2768 Med.
647 2737 742 2768 «lunt.
766 2738 829 2768 Ms.
853 2738 915 2769 Gu.
937 2739 980 2770 At
1023 2748 1066 2769 m.
1083 2748 1131 2779 pr.
1145 2738 1216 2768 cdd.
1232 2748 1279 2778 pr.
1298 2738 1359 2768 nisi
1375 2737 1460 2777 quod
1473 2737 1523 2768 ed.
1538 2737 1590 2768 W.
1607 2746 1718 2768 corru-

276 2778 349 2808 Aid.
374 2778 513 2809 altr-rum
531 2781 655 2813 omisit,
676 2786 714 2809 nt
733 2779 782 2809 ed.
798 2779 851 2810 W.
872 2781 979 2811 Resti-
1022 2781 1109 2820 ptius
1123 2790 1252 2811 renuas.
1263 2778 1717 2811 MemmiaminduxitAldus.

278 2821 345 2851 tuit
381 2821 559 2857 Victorius,
598 2826 753 2859 sequente
781 2822 814 2851 P.
843 2822 977 2863 *Manum
1021 2823 1124 2853 Vetus
1140 2822 1284 2852 restituit
1298 2822 1470 2853 Gruterus.
1498 2821 1548 2852 De
1563 2822 1636 2862 lege
1649 2821 1720 2862 ipsa

280 2862 357 2893 Post
375 2863 495 2893 iterum
512 2864 754 2899 Hotomannns.
1024 2876 1051 2894 ϊ.
1068 2864 1160 2895 Clav.
