1907 3231
322 140 398 174 284
851 139 918 178 IN
949 139 1222 179 VERREM

321 239 442 280 bellis
477 239 910 300 Karthaginiensibus
944 245 1090 286 Sicilia
1120 255 1277 286 vexata
1306 252 1384 295 est,
1406 251 1448 284 et
1478 248 1749 300 post'nostra

317 306 576 354 patrumque
596 302 803 341 memoria
823 316 922 342 cuin
945 303 1009 342 bis
1032 303 1075 343 in
1097 316 1147 343 ea
1168 301 1389 358 provincia
1406 315 1575 356 magnae
1598 300 1748 356 fugiti-

316 366 468 398 vorum
490 358 629 413 copiae
652 367 828 398 versatae
853 368 975 410 sunt3
1009 367 1150 399 tamen
1181 367 1395 399 aratorum
1418 358 1608 398 interitio
1632 357 1747 398 facta

313 411 431 452 nulla
458 422 536 453 est.
569 423 674 464 tum,
707 426 893 455 semente
924 415 1155 471 prohibita,
1186 426 1260 455 aut
1289 430 1425 456 messe
1457 415 1624 464 amissa,
1655 415 1745 455 fru-

311 477 407 509 ctus
441 484 604 511 annuus
637 471 853 521 interibat,
886 479 1025 512 tamen
1059 471 1282 512 incolumis
1313 487 1514 513 numerus
1544 472 1746 512 manebat

310 525 584 568 dominorum
621 537 749 581 atque
788 537 1018 569 aratorum.
1051 537 1156 579 tum,
1187 529 1258 583 qui
1289 531 1325 563 27
1342 529 1408 570 M.
1442 529 1633 579 Laevino,
1669 536 1746 569 aut

313 581 364 622 P.
398 581 588 638 Rupilio,
621 593 694 624 aut
726 584 804 625 Μ’.
832 583 1037 640 Aquilfio,
1070 586 1339 641 praetoribus,
1370 586 1414 626 in
1444 601 1537 626 eam
1567 585 1743 642 provin-

310 639 421 679 ciam
444 652 747 692 successerant,
770 652 956 683 aratores
979 643 1162 697 reliquos
1186 657 1271 682 non
1294 642 1568 698 colligebant.
1628 641 1742 683 Tan-

310 705 412 736 tone
438 697 531 752 plus
557 697 705 738 Verres
728 713 825 740 cum
850 698 1043 755 Apronio
1067 699 1300 755 provinciae
1333 699 1491 742 Sieiliae
1521 699 1741 742 calamita-

310 753 364 793 tis
390 752 654 809 importavit,
676 769 804 810 quam
836 767 909 798 aut
941 755 1187 797 Hasdrubal
1217 771 1315 797 cum
1349 756 1586 798 Poenorum
1616 770 1738 797 exer·

307 810 412 859 citu,
434 822 509 851 aut
529 811 718 854 Athenio
741 827 839 854 cum
862 813 1146 869 fugitivorum
1169 813 1369 853 maximis
1391 814 1541 869 copiis,
1560 821 1609 854 ut
1630 822 1738 854 tem-

307 867 483 923 poribus
506 868 587 909 illis
610 869 734 912 simul
756 880 883 926 atque
915 871 1049 912 hostis
1081 881 1302 927 superatus
1324 879 1448 921 esset,
1470 885 1571 926 ager
1600 884 1739 911 arare·

307 934 376 964 tur
404 926 558 977 omnis,
588 941 726 982 neque
762 928 918 969 aratori
958 938 1118 985 praetor
1157 941 1229 984 per
1263 928 1423 968 litteras
1463 927 1737 983 supplicaret,

303 994 442 1037 neque
463 997 559 1023 eum
582 998 768 1039 praesens
790 994 945 1036 oraret,
965 995 1011 1025 ut
1029 1000 1157 1040 quam
1180 985 1407 1040 plurimum
1431 994 1599 1035 sereret,
1621 998 1738 1025 nunc

305 1048 464 1090 autem,
487 1055 540 1081 ne
570 1050 669 1097 post
697 1042 862 1083 abitum
893 1042 1067 1097 quidem
1096 1041 1222 1096 hujus
1253 1042 1631 1098 importunissimae
1662 1056 1737 1100 pe·

305 1097 395 1147 stis,
416 1097 641 1153 quisquam
673 1099 941 1155 reperiretur,
963 1100 1036 1154 qui
1065 1114 1140 1139 sua
1163 1099 1382 1140 voluntate
1413 1102 1576 1143 araret?
1608 1098 1735 1155 panni

284 1163 445 1194 >essent
466 1155 631 1210 reliqui,
653 1157 724 1211 qui
752 1156 800 1197 L.
823 1156 990 1197 Metelli
1014 1156 1269 1198 auctoritate
1291 1157 1334 1196 in
1361 1170 1501 1211 agros,
1522 1166 1650 1211 atque
1680 1154 1734 1201 ad

221 1221 293 1255 126
306 1224 428 1251 suum
459 1211 589 1253 larem
610 1213 861 1255 familiarem
885 1213 1098 1255 redirent?
1132 1213 1214 1254 His
1246 1223 1287 1253 te
1317 1213 1484 1264 litteris,
1508 1213 1638 1254 homo
1659 1228 1735 1257 au·

304 1267 529 1310 dacissime
560 1279 690 1325 atque
721 1271 1026 1322 amentissime,
1050 1270 1298 1327 jugulatum
1332 1284 1423 1311 esse
1454 1284 1541 1311 non
1575 1270 1734 1311 sentis?

303 1338 388 1365 non
414 1326 544 1378 vides,
566 1342 664 1369 cum
695 1328 744 1378 is,
774 1328 846 1383 qui
879 1328 956 1369 tibi
989 1328 1207 1378 successit,
1229 1336 1416 1368 aratores
1445 1327 1629 1383 reliquos
1655 1342 1732 1383 ap-

282 1382 444 1437 pellet,
463 1383 545 1425 hoc
574 1399 673 1426 eum
700 1385 856 1426 diserte
889 1386 1085 1435 scribere,
1110 1385 1293 1440 reliquos
1326 1385 1404 1425 hos
1434 1399 1538 1436 esse,
1568 1399 1654 1426 non
1675 1396 1730 1425 ex

170 1440 427 1493 ,.176,be110‚
457 1456 594 1497 neque
623 1456 676 1483 ex
712 1443 854 1498 aliqua
883 1443 1129 1497 hujusmodi
1158 1442 1415 1491 calamitate,
1455 1442 1528 1482 sed
1564 1456 1620 1483 ex
1655 1450 1732 1482 tuo

194 1538 202 1547 ,
257 1505 287 1525 a.
301 1497 470 1549 scelere,
501 1499 842 1555 importunitate,
873 1500 1065 1550 avaritia,
1087 1499 1365 1541 crudelitate?
1400 1499 1554 1540 Recita
1573 1508 1729 1541 cetera.

300 1566 471 1599 TAMEN
517 1569 610 1597 PRO
649 1570 726 1607 Eo,
767 1571 827 1598 ur
864 1570 1116 1598 TEMPORls
1164 1570 1502 1606 DlFFICULTAS‚
1542 1569 1729 1597 ARATO-

298 1623 505 1664 RUMQUE
548 1627 650 1658 PAEN
662 1627 779 1655 UR1A
813 1628 976 1656 TULIT.
1035 1613 1281 1663 Aratorum‚
1322 1614 1478 1670 inquit,
1519 1613 1726 1669 paenuria.

296 1667 341 1709 Si
373 1683 454 1724 ego
486 1679 709 1712 accusator
742 1672 867 1712 toties
899 1672 951 1712 de
981 1686 1023 1712 re
1051 1671 1199 1711 eadem
1232 1670 1432 1721 dicerem,
1463 1684 1641 1722 vererer,
1673 1683 1728 1711 ne

294 1726 460 1767 animos
483 1738 644 1770 vestros
664 1728 939 1779 offenderem,
954 1728 1150 1783 judices:
1183 1728 1339 1769 clamat
1359 1727 1584 1769 Metellus:
1620 1741 1723 1769 NISI

301 1795 538 1829 ιιτΤΕΡ-Αε
560 1799 916 1831 M1S1ssEM.non
930 1795 994 1826 est
1010 1786 1125 1826 satis.
1146 1799 1248 1826 N1s1
1268 1798 1495 1826 PRAESENS
1521 1798 1726 1826 CONFlR-

297 1852 515 1886 MASSEM.
547 1857 600 1883 ne
630 1843 672 1884 id
699 1843 872 1898 quidem
905 1843 1005 1885 satis
1028 1852 1105 1883 est.
1140 1856 1403 1894 REL1ouos,
1427 1842 1581 1896 inquit,
1605 1855 1727 1884 ARA-

295 1910 467 1939 TORES.
491 1899 703 1956 reliquos?
734 1914 867 1957 prope
888 1900 1059 1956 lugubri
1083 1901 1213 1941 verbo
1235 1899 1522 1940 calamitatem
1550 1899 1725 1955 provin·

210 1954 372 2010 55ciae
404 1955 563 1997 Siciliae
595 1957 824 2013 significat.
856 1958 989 2008 addit,
1014 1970 1287 1998 ARATORUM
1324 1969 1572 1998 PAENURIA.
1633 1955 1723 1998 Ex-

207 2034 276 2072 1327
293 2022 482 2068 spectate
503 2014 647 2064 etiam,
663 2014 848 2068 judices,
870 2024 1118 2071 exspectate
1148 2015 1181 2055 si
1204 2015 1399 2071 potestis,
1421 2013 1723 2056 auctoritatem

290 2071 574 2114 accusationis
615 2086 737 2113 meae.
779 2072 877 2112 dico
918 2082 1104 2112 aratores
1146 2072 1267 2112 istius
1315 2071 1494 2112 avaritia
1532 2070 1721 2126 ejectos-2

288 2127 439 2168 scribit
464 2127 680 2179 Metellus,
702 2129 886 2184 reliquos
909 2130 962 2169 ab
986 2144 1028 2169 se
1050 2143 1139 2169 csse
1161 2129 1452 2169 confirmatos.
1473 2127 1570 2169 dico
1593 2142 1721 2184 agros

288 2183 473 2235 relictos,
496 2186 792 2241 arationesque
814 2187 1000 2227 desertas
1023 2201 1138 2228 csse:
1171 2186 1320 2226 scribit
1351 2185 1554 2226 Metellus
1579 2194 1722 2227 arato-

287 2255 381 2282 rum
397 2257 487 2283 esse
502 2244 751 2298 paenuriam.
767 2243 848 2284 hoc
867 2259 965 2284 cuin
988 2243 1151 2293 scribit,
1166 2243 1269 2284 illud
1290 2242 1492 2293 ostendit,
1511 2242 1720 2298 dejectOS,

285 2298 462 2353 ejectos,
481 2299 664 2341 fortunis
696 2301 895 2342 omnibus
922 2300 1123 2356 expulsos
1154 2314 1244 2340 esse
1266 2300 1415 2356 populi
1441 2299 1627 2341 Romani
1649 2314 1718 2341 so·-

285 2356 375 2396 cios
407 2367 534 2412 atque
565 2359 740 2403 amicos,
774 2358 928 2412 quibus
959 2359 993 2399 si
1016 2373 1100 2413 qua
1120 2357 1340 2398 calamitas
1368 2366 1542 2413 propter
1572 2356 1718 2408 istum,

287 2412 411 2453 salvis
433 2415 713 2470 vectigalibus
738 2415 906 2465 nostris,
930 2415 1169 2465 accidisset,
1193 2414 1530 2455 animadvertere
1552 2413 1596 2454 in
1618 2428 1718 2456 eum

288 2484 360 2510 vos
383 2472 635 2527 oportebat:
669 2472 907 2528 praesertim
930 2487 1028 2513 cum
1051 2487 1101 2512 ea
1122 2471 1215 2528 lege
1239 2471 1508 2526 judicaretiS,
1530 2486 1627 2526 quae
1650 2486 1720 2512 so-

282 2526 448 2569 ciorum
466 2543 593 2570 causa
612 2539 722 2570 esset
744 2529 1004 2571 constituta:
1027 2544 1126 2571 cum
1141 2543 1239 2571 vero
1257 2528 1433 2585 perditis
1455 2529 1718 2586 profligatis-

280 2676 471 2707 repugnem.
499 2668 705 2700 Alterutrum
720 2669 849 2709 quidem
865 2679 974 2700 neces-
1018 2671 1105 2709 quod
1125 2679 1192 2700 non
1214 2674 1264 2700 est
1289 2679 1409 2700 nomen
1434 2669 1634 2707 Romanum,
1656 2674 1714 2701 aut

279 2709 401 2740 sarium
426 2715 486 2740 est.
530 2711 592 2741 Sed
616 2712 704 2752 prius
733 2716 863 2742 secutus
877 2721 973 2751 sum,
1018 2714 1087 2749 ejus
1102 2713 1174 2749 viri,
1189 2711 1228 2742 de
1242 2722 1304 2752 quo
1320 2712 1372 2742 hie
1387 2722 1503 2743 sermo.
1537 2712 1625 2743 Dein
1639 2713 1715 2752 Pig-

278 2751 356 2790 quia
376 2753 609 2784 auctoritatem
631 2754 789 2784 librorum
802 2755 892 2794 sequi
906 2764 975 2785 ma·
1018 2754 1090 2785 hius
1113 2755 1146 2784 in
1167 2754 1252 2784 Ann.
1276 2754 1316 2784 ad
1338 2765 1365 2784 a.
1385 2757 1454 2785 544.
1478 2755 1612 2794 corrig-it
1627 2754 1712 2785 Pro-

279 2790 335 2824 lui.
1018 2807 1094 2827 coss.
1121 2801 1152 2826 et
1176 2797 1386 2836 prcetoribus:
1409 2796 1496 2835 quod
1522 2796 1673 2827 Laevinus
1695 2807 1714 2827 e

321 2838 360 2869 ‘27
373 2835 422 2866 Μ.
433 2836 810 2878 Loevino——proetoribusJ
828 2839 976 2870 Primum
1020 2839 1201 2869 Consulatu
1214 2839 1248 2868 in
1261 2839 1461 2879 provinciam
1474 2839 1638 2881 profectus
1651 2847 1712 2873 est.

277 2887 317 2908 ex
329 2878 401 2910 edd.
417 2884 494 2910 vett.
511 2879 643 2911 Laevino
657 2881 740 2912 edidi
756 2892 815 2922 pro
829 2882 976 2919 Lemnio,
1020 2881 1081 2913 Sed
1096 2892 1126 2912 v·
1142 2881 1233 2916 Clav.
1246 2881 1281 2912 in
1296 2880 1438 2912 Proetor.
