1907 3231
347 141 423 175 688
897 141 1143 180 ORATIO
1181 139 1245 177 l·V.

347 241 476 281 etiam
504 255 634 296 grave
669 250 758 284 tum
792 245 943 286 vulnus
976 244 1159 300 accepit,
1180 245 1218 274 ‘23
1235 255 1286 282 ne
1318 241 1422 296 quid
1455 242 1507 283 de
1535 255 1700 283 summa
1722 255 1785 283 ie-

346 298 520 352 publica
551 299 839 343 minuet-:emi
878 302 949 342 hic
988 302 1041 342 ad
1075 299 1306 342 evertenda
1335 297 1615 340 fundamenta
1643 299 1785 354 reipu-

346 354 431 395 blic
436 370 471 395 e
505 355 653 397 (Su-illos
685 359 724 389 24
737 358 928 407 arcessit,
961 357 1134 398 servitia
1155 357 1362 406 concitat,
1385 355 1618 397 Catilinam
1640 364 1783 406 vocat,

344 412 544 453 ·1ttribuit
565 427 642 454 nos
667 414 943 455 trucidandos
967 413 1180 470 Cethego,
1200 422 1364 454 ceteios
1384 413 1501 454 cives
1522 412 1783 453 interficien-

344 468 421 508 dos
459 470 666 520 Gabinio,
689 471 839 511 urbem
870 471 1160 512 inflammand·
1153 484 1221 510 rm
1247 469 1413 520 Cassio,
1436 479 1572 511 totam
1611 469 1783 510 Italiam

346 527 595 567 wastandun
627 526 1581 583 di1ipie11damqueCatilinae.2⁵Veremini,
1612 540 1783 576 censeo,

343 597 397 623 ne
419 583 461 623 in
494 583 576 624 hoc
607 583 762 623 scelere
796 594 882 624 tam
915 585 1092 626 immani
1115 599 1165 626 ac
1196 582 1398 634 nefando,
1419 584 1597 624 26nimis
1619 583 1781 638 aliquid

345 654 488 680 sexere
511 640 708 680 statuisse
733 640 992 693 videamini3
1024 656 1124 683 cum
1145 640 1282 681 multo
1304 640 1442 695 magis
1460 641 1516 681 sit
1535 640 1780 689 verendum,

345 711 398 736 ne
429 697 676 737 icinissione
707 712 851 752 poenae
883 699 1104 740 crudeles
1095 713 1140 739 in
1173 697 1369 761 patriam,
1391 711 1519 751 quam
1550 711 1603 737 ne
1625 696 1782 738 severi-

301 764 333 794 b.
348 763 433 794 tate
463 753 843 795 animadv-eisionis
873 755 1001 796 nimis
1026 753 1327 797 vehementes
1319 768 1362 795 in
1384 754 1680 795 acerbissimos
1703 754 1781 795 ho-

346 821 428 850 stes
448 809 577 851 fuisse
597 811 830 852 videamur.

299 867 330 918 7
402 891 419 898 ·
403 867 540 908 ῖὸρά
562 882 625 918 ea,
642 883 716 922 qu·
703 884 738 909 e
761 869 962 920 exaudio,
981 878 1122 925 patres
1144 867 1394 924 conscripti,
1408 867 1674 908 dissimulare
1693 881 1781 908 non

286 937 333 970 14
347 938 533 979 possum
593 926 633 956 28
647 925 877 968 Jaeiuntm
897 927 1010 967 enini
1032 940 1172 977 voces,
1190 940 1287 980 quae
1311 925 1565 980 perveniunt
1586 925 1639 966 ad
1659 938 1782 965 aures

344 995 475 1032 meas,
505 996 667 1032 eoium,
697 983 771 1037 qui
802 997 934 1023 vereri
958 983 1171 1033 videntur,
1208 992 1257 1023 ut
1287 982 1468 1023 habeam
1502 981 1603 1022 satis
1635 981 1783 1037 praesi-

343 1038 400 1078 dii
426 1039 478 1079 ad
517 1053 579 1088 ea,
602 1054 699 1094 quae
732 1054 805 1080 vos
828 1040 1061 1082 statueritis
1085 1040 1292 1080 hodierno
1314 1039 1397 1090 die,
1427 1042 1467 1074 99
1487 1038 1781 1095 transigunda.

345 1094 504 1136 Omnia
525 1105 567 1136 et
590 1096 774 1151 provisa,
794 1106 837 1137 et
867 1108 1029 1152 parata,
1050 1107 1094 1138 et
1123 1096 1361 1138 constituta
1381 1105 1494 1147 sunt,
1516 1104 1658 1151 patres
1677 1109 1779 1136 con-

343 1152 506 1215 scripti,
536 1167 635 1193 cuin
667 1167 763 1194 mea
785 1168 952 1194 summa
973 1169 1076 1195 cura
1103 1163 1233 1209 atque
1264 1153 1503 1209 diligentia,
1526 1162 1618 1193 tum
1641 1151 1777 1193 multo

342 1209 471 1249 etiam
510 1210 674 1265 majore
706 1211 854 1266 populi
890 1210 1094 1261 Romani,
1126 1211 1179 1251 ad
1214 1225 1428 1252 summum
1458 1210 1685 1265 imperium
1715 1224 1781 1250 re-

343 1267 583 1317 tinendum,
612 1276 656 1307 et
687 1268 739 1308 ad
772 1282 1022 1309 communes
1055 1269 1249 1309 fortunas
1278 1266 1606 1317 conservandas,
1629 1266 1781 1308 volun-

343 1333 445 1364 tate.
506 1323 669 1365 Omnes
702 1325 858 1365 adsunt
882 1325 1092 1366 omnium
1108 1325 1306 1366 01dinum
1342 1324 1554 1374 homines,
1586 1324 1780 1364 omnium

343 1380 527 1436 denique
549 1390 755 1423 aetatum:
788 1382 960 1438 plenum
985 1392 1051 1423 est
1072 1382 1229 1432 forum,
1252 1381 1377 1437 plena
1400 1381 1558 1437 templa
1579 1380 1694 1422 ciica
1714 1380 1780 1421 fo-

342 1452 452 1489 rum,
476 1438 590 1494 pleni
613 1453 760 1479 omnes
791 1440 932 1480 aditus
956 1439 1083 1494 hujus
1105 1439 1188 1480 loci
1208 1454 1257 1479 ac
1281 1439 1444 1494 templi.
1505 1437 1648 1479 Causa
1664 1437 1777 1478 enim

343 1504 408 1535 est
430 1505 527 1550 post
560 1496 708 1536 nibem
741 1496 961 1537 conditam
998 1496 1093 1538 haec
1123 1497 1299 1537 inventa
1329 1496 1460 1546 sola,
1451 1511 1494 1536 ln
1525 1510 1610 1550 qua
1631 1509 1778 1536 omnes

345 1552 552 1592 sentirent
575 1567 705 1594 unum
727 1563 855 1607 atque
880 1553 1007 1604 idem,
1027 1562 1184 1609 piaeter
1215 1567 1304 1603 808,
1325 1554 1398 1617 qui
1429 1568 1528 1593 cum
1559 1552 1640 1592 sibi
1663 1552 1780 1593 vide-

320 1618 436 1649 -rent
468 1624 559 1650 esse
592 1610 871 1666 pereundum,
902 1625 1001 1652 cum
1030 1610 1231 1651 omnibus
1261 1611 1420 1666 potius,
1442 1624 1570 1665 quam
1594 1608 1672 1650 soli
1705 1623 1779 1665 pe-

1083 1771 1142 1797 aut
1156 1768 1254 1797 m'mis
1275 1777 1393 1803 severe,
1409 1771 1467 1797 aut
1480 1767 1608 1807 aliquid
1625 1766 1779 1803 severius,

384 1769 424 1797 93
448 1776 487 1796 ne
501 1767 579 1805 qnid
593 1767 631 1797 de
655 1777 786 1798 summa
811 1767 896 1807 rep]
922 1768 973 1797 Sic
989 1767 1039 1798 ed.

1083 1809 1191 1840 deleto
1207 1810 1313 1839 nimis.
1363 1810 1517 1849 Ambigo,
1533 1813 1643 1839 utrum
1666 1809 1780 1848 praefe-

342 1808 395 1838 W.
409 1814 446 1838 ut
462 1816 495 1839 et
510 1809 588 1839 Mss.
602 1809 731 1848 quidam
749 1810 882 1840 habent.
902 1810 983 1840 Edd.
1001 1810 1040 1840 R.

346 1853 435 1881 1430.
452 1852 506 1881 ΒΡ.
532 1862 571 1881 ex
597 1852 687 1882 libris
708 1858 835 1888 tamen,
851 1853 889 1882 de
911 1862 1041 1882 summa

342 1894 506 1931 dignitate
532 1895 612 1933 reip.
658 1894 718 1924 Est
733 1894 772 1924 ab
787 1894 819 1925 h.
836 1894 857 1924 l.
875 1895 981 1925 aliena
993 1895 1040 1925 di-

343 1937 451 1974 gnitas
464 1948 470 1965 ε
495 1936 653 1974 agebatur
667 1946 728 1972 res,
745 1947 816 1975 quae
832 1937 925 1967 valde
939 1937 978 1967 ad
991 1946 1041 1967 sa·

342 1978 447 2008 lutem
461 1978 539 2018 reip.
554 1978 744 2018 pertineret.

384 2023 425 2051 ‘24
462 2020 927 2060 arcessit—coaezeitat-vocat]
959 2020 1041 2050 Haec

343 2071 402 2102 pro
428 2062 578 2102 perfectis
616 2063 1041 2093 arcessivit—coma·tavit—

344 2106 487 2134 ezvcavie
503 2104 573 2134 dedi
602 2114 678 2134 cum
700 2105 842 2141 Graevio,
857 2105 912 2144 qui
936 2105 980 2134 sic
1006 2104 1041 2134 in

341 2152 484 2185 quatuor
499 2147 577 2176 Mss.
595 2148 734 2187 reperit:
749 2147 796 2177 ita
810 2153 844 2177 et
857 2147 906 2177 ed.
918 2146 1041 2176 W.est-

342 2199 407 2227 que
419 2189 592 2219 efficacius.
607 2189 759 2219 evocandi
772 2189 906 2220 verbum
920 2193 967 2218 est
983 2188 1042 2218 ali-

344 2240 456 2261 enum.
473 2231 574 2261 immo
595 2231 774 2261 advocabat
789 2231 978 2262 Catilinam.

385 2276 424 2305 ‘25
459 2274 655 2310 Vereamini,
679 2272 800 2312 censeo]
840 2273 869 2303 E
895 2272 1038 2312 vestigiis

342 2314 392 2345 ed.
411 2315 465 2346 W.
490 2325 561 2354 quae
588 2315 688 2346 habet
710 2315 793 2345 Vere
812 2317 899 2345 enim
918 2324 1039 2352 censeo,

343 2358 470 2397 corrigo
488 2357 665 2394 Veremim‘,
691 2357 777 2396 quod
801 2362 833 2387 et
856 2362 932 2388 ante
951 2368 990 2387 ex
1006 2367 1039 2388 re

343 2405 376 2429 et
391 2400 557 2430 sententia
570 2401 784 2439 conjeceram.
826 2398 912 2429 Tum
933 2409 1042 2429 censeo

342 2441 594 2481 intelligendum
610 2446 673 2477 est,
688 2441 796 2478 credo,
812 2441 898 2480 quod
910 2441 1042 2472 Lambi-

344 2493 405 2513 nus
428 2485 542 2524 reponi
556 2483 699 2514 volebat.
747 2484 880 2515 Censere
899 2493 958 2524 pro
982 2493 1041 2524 pu-

341 2531 426 2562 tare,
441 2526 570 2557 credere
584 2526 706 2556 dicitur
719 2535 809 2562 sane,
824 2525 886 2556 etsi
901 2535 987 2562 τωο,
1001 2532 1041 2556 ut

342 2567 436 2598 Brut.
454 2571 515 2605 9l;
540 2574 574 2599 at
596 2568 718 2598 ironice
732 2573 767 2597 et
787 2568 858 2598 sine
880 2567 1039 2608 regimine

342 2609 419 2645 dici,
436 2611 582 2640 nondum
595 2609 672 2640 alibi
687 2610 802 2650 reperi.

385 2652 426 2682 26
460 2653 559 2682 nimis
588 2653 714 2691 aliquid
737 2661 845 2682 severe
870 2651 1036 2692 statuisse]

342 2693 427 2723 Mihi
446 2701 573 2735 semper
600 2694 725 2734 aliquid
747 2699 935 2735 suspectum
960 2694 1037 2731 suit,

340 2736 528 2775 conjecique
542 2735 716 2766 delendum
729 2745 808 2767 esse.
851 2736 969 2776 Repeti
981 2735 1037 2766 de-

341 2778 416 2808 inde
433 2778 465 2808 in
481 2778 532 2809 ed.
559 2778 610 2808 W.
630 2779 728 2809 nimis
751 2778 880 2818 aliquid
899 2779 1041 2809 severius

339 2825 379 2851 st.
393 2821 427 2850 in
439 2819 488 2850 ed.
507 2822 595 2850 1480.
611 2829 644 2849 n.
654 2830 686 2849 α.
699 2821 811 2851 severi.
823 2830 861 2850 eo
871 2819 974 2859 magis
989 2821 1039 2850 in-

338 2861 521 2904 terpolatus
541 2861 633 2896 locus
647 2862 732 2894 visus
748 2869 800 2895 est
814 2874 821 2893 :
846 2861 1038 2903 Legendum

1085 1851 1222 1882 rendum
1247 1852 1300 1881 sit.
1345 1852 1407 1881 Pro
1431 1850 1572 1891 nefando
1597 1850 1668 1882 edd.
1692 1860 1780 1891 quae-

1084 1893 1160 1923 darn
1177 1898 1256 1923 vett.
1273 1892 1411 1932 nefario.
1422 1893 1491 1924 leve
1507 1898 1568 1924 est.

1125 1937 1165 1969 27
1190 1936 1257 1966 Sed
1277 1946 1327 1973 ea,
1353 1945 1423 1976 quoe
1450 1934 1601 1974 exaudio]
1632 1934 1682 1965 Ex
1707 1935 1780 1966 edd.

1083 1978 1276 2016 quibusdam
1298 1988 1346 2019 pr.
1371 1983 1409 2008 ut
1431 1978 1483 2007 W.
1507 1977 1613 2009 addidi
1627 1987 1678 2014 ea,
1694 1978 1780 2017 quod

1083 2026 1141 2050 aut
1164 2020 1216 2050 hic
1236 2025 1294 2050 aut
1317 2025 1395 2050 ante
1417 2020 1625 2051 dissinmlare
1647 2029 1713 2050 esse
1725 2020 1780 2050 de-

1082 2061 1150 2091 bet.
1208 2063 1261 2092 Sic
1299 2067 1333 2092 et
1359 2063 1506 2092 Graevius
1541 2063 1642 2092 tacite
1666 2061 1779 2093 edidit.

1088 2103 1241 2135 Exaudio
1253 2104 1291 2134 de
1305 2104 1394 2135 fama
1406 2114 1514 2134 rarum
1530 2109 1589 2134 est.

1126 2148 1166 2177 98
1188 2147 1373 2178 dac-tantur
1386 2157 1412 2176 e.
1427 2146 1527 2185 zoces]
1546 2147 1598 2176 Sic
1607 2145 1679 2177 edd.
1696 2151 1776 2177 vett.

1084 2198 1210 2232 omnes,
1230 2194 1351 2229 praeter
1376 2198 1476 2219 unam
1502 2189 1556 2218 w.
1582 2198 1655 2228 quae
1680 2189 1780 2220 habet

1075 2229 1269 2270 jaciuntur,
1290 2230 1379 2270 quod
1398 2232 1432 2261 in
1459 2230 1607 2271 pluribus
1626 2230 1706 2261 Mss.
1729 2240 1779 2261 re-

1082 2278 1212 2320 pertum
1247 2273 1370 2313 recepit
1396 2272 1565 2303 Graevius:
1597 2282 1692 2312 quem
1718 2281 1778 2303 nos

1081 2314 1204 2346 imitati
1218 2324 1350 2345 sumus.
1374 2324 1435 2346 nee
1457 2324 1553 2345 sensu
1574 2324 1640 2345 non
1662 2313 1780 2345 discre-

1083 2361 1178 2396 pant,
1206 2362 1245 2387 ut
1273 2357 1416 2388 Grutero
1441 2362 1476 2387 et
1503 2357 1632 2388 Graevio
1661 2357 1777 2387 visum.

1082 2398 1266 2430 Juciuntur
1287 2398 1340 2429 hic
1356 2399 1464 2440 aptius
1478 2403 1538 2434 est,
1552 2404 1652 2438 atque
1669 2400 1778 2430 minus

1084 2440 1188 2471 altero
1191 2439 1383 2490 jactantur.
1415 2441 1601 2472 «Iactantur
1626 2441 1780 2471 conveni-

1083 2488 1135 2513 ret
1157 2483 1365 2514 inimieorum
1393 2482 1560 2514 Ciceronis
1579 2483 1779 2520 insolentiae,

1082 2525 1195 2555 amicis
1223 2525 1387 2556 Catilinae.
1443 2525 1488 2556 At
1517 2525 1570 2555 hie
1599 2524 1782 2564 loquuntur

1081 2566 1142 2597 viri
1166 2566 1258 2603 boni,
1273 2567 1370 2598 amici
1395 2576 1501 2598 eausae
1522 2567 1702 2604 Ciceronis,
1723 2566 1780 2598 sed

1082 2608 1204 2639 timidi.
1261 2609 1306 2639 Hi
1331 2609 1511 2646 interdum,
1539 2608 1628 2639 inter
1656 2610 1778 2640 amicos

1082 2651 1128 2681 sic
1143 2650 1380 2690 loquebantur:
1396 2651 1483 2691 quod
1496 2655 1545 2682 est
1550 2650 1668 2692 jacere
1679 2661 1779 2682 voces.

1079 2702 1110 2723 v.
1128 2692 1217 2724 Clav.
1234 2694 1269 2723 in
1281 2692 1313 2723 h.
1329 2703 1357 2724 v.
1420 2718 1423 2720 .

1110 2735 1152 2769 29
1174 2734 1410 2775 transigunda]
1433 2733 1554 2766 Ed.W.
1569 2736 1660 2766 1480.
1671 2738 1781 2766 trans-

1081 2777 1200 2808 eunda.
1217 2776 1303 2817 quod
1329 2787 1397 2808 non
1421 2777 1608 2817 spreverim.
1630 2787 1660 2807 v.
1684 2777 1778 2808 Cort.

1081 2819 1122 2850 ad
1144 2819 1222 2850 Sall.
1238 2819 1312 2850 Cat.
1330 2830 1356 2850 c.
1377 2822 1402 2849 l.
1417 2819 1473 2850 ubi
1489 2820 1612 2860 pariter
1633 2818 1712 2850 Mss.
1727 2820 1778 2850 in·

1079 2866 1133 2895 ter
1146 2862 1290 2894 transire
1304 2866 1338 2894 et
1352 2863 1537 2901 transigere
1551 2861 1726 2893 fluctuant.
