1907 3231
541 108 662 148 ACT.
689 106 741 146 11.
774 106 963 145 LIBER
988 106 1227 148 PRIMUS.
1520 114 1593 156 173

162 213 356 254 monium
379 212 562 263 dicente,
584 221 758 267 questus
783 221 871 254 est:
904 221 947 253 et
977 226 1046 253 me
1075 212 1338 269 populariter
1367 229 1506 271 agere,
1529 223 1594 258 at-

163 285 246 326 que
268 270 473 312 invidiam
491 283 777 320 commovere,
795 269 910 324 quod
933 283 1111 324 puerum
1131 249 1424 324 producerem,
1445 273 1594 314 6131111-

161 327 284 368 tavit.
346 327 464 373 Quid
485 335 590 377 erat,
614 325 836 378 Hortensi,
857 326 1059 367 tandem
1051 342 1094 367 111
1116 327 1188 368 1110
1211 342 1342 383 puero
1361 329 1587 384 populare
1580 334 1594 362 Ρ

161 386 265 448 quid
288 384 574 426 invidiosum?
606 383 809 434 Gracchi,
832 384 974 435 credo,
996 393 1070 424 aut
1101 383 1337 436 Saturnini,
1362 395 1436 425 aut
1462 385 1593 426 alicu-

156 441 230 497 jus
261 441 446 482 hominis
475 441 686 505 ejusmodi
718 441 1004 497 produxerim
1028 441 1178 493 filium,
1201 451 1249 482 ut
1277 442 1452 483 nomine
1482 442 1593 506 ipso,

162 507 206 540 et
234 499 441 539 memoria
470 498 618 554 patris,
649 499 814 539 animos
846 498 1055 554 imperitae
1086 498 1374 540 multitudinis
1402 500 1594 540 concita-

160 570 264 597 rem.
325 555 376 596 P.
407 555 530 598 Junii
572 564 676 607 erat,
715 555 902 596 hominis
943 555 996 596 de
1037 555 1160 611 plebe
1197 555 1415 621 Romana,
1453 556 1591 598 filius:
1581 571 1634 602 ·.p
1652 567 1723 600 10‘.

160 627 288 668 quem
311 622 432 669 pater
451 613 637 653 moriens
659 622 752 653 tum
773 613 989 654 tutoribus
1011 623 1054 653 et
1082 614 1350 676 propinquis,
1371 623 1463 654 tum
1484 614 1632 670 legi-⁸·

160 670 255 723 bus,
279 680 370 711 tum
401 671 595 726 aequitati
617 670 962 726 magistiatuum,
985 679 1077 710 tum
1101 670 1280 725 judiciis
1301 671 1452 713 vestris
1474 686 1592 712 com-

159 728 450 769 mendandum
476 727 659 783 putavit.
720 727 809 768 Hic
839 727 962 767 istius
993 727 1196 768 scelerata
1224 728 1452 780 locatione,
1475 728 1680 777 nefa-152

161 785 310 841 rioque
331 785 572 850 latrocinio,
595 785 719 825 bonis
744 784 892 840 patriis
915 783 1184 839 fortunisque
1206 787 1406 828 omnibus
1439 786 1594 842 spolia-

161 851 245 894 tus,
268 843 386 884 venit
407 843 449 883 in
466 842 705 898 judicium:
740 856 773 881 51
797 840 903 881 nihil
929 841 1058 892 aliud,
1082 842 1245 894 saltem,
1267 853 1316 883 ut
1336 858 1449 894 eum,
1471 859 1596 899 quus

161 914 291 955 opera
321 901 411 956 ipse
438 900 476 930 6⁴
491 900 647 940 multos
679 913 811 939 annos
834 907 899 938 est
929 898 971 939 in
1003 899 1214 951 sordibus,
1236 902 1275 932 65
1288 901 1429 956 paullo
1453 911 1598 942 tamen

162 958 397 998 obsoletius
438 957 640 997 vestitum
682 956 859 996 xideret.
920 955 1073 1020 Itaque
1110 956 1205 1008 tibi,
1249 957 1472 1009 Hortensi,
1510 973 1598 999 non

162 1015 275 1055 illius
308 1024 426 1066 aetas,
450 1014 521 1054 sed
544 1028 696 1064 causa3
729 1028 815 1054 non
842 1013 1034 1063 vestitus,
1066 1014 1138 1054 sed
1161 1014 1348 1068 fortuna,
1380 1015 1597 1071 popularis

163 1072 404 1113 videbatui.
435 1085 573 1126 neque
605 1080 646 1111 te
678 1080 765 1111 tam
787 1071 1103 1122 commovebat,
1125 1073 1240 1126 quod
1271 1073 1340 1113 1116
1370 1088 1469 1114 611111
1496 1083 1599 1129 toga

162 1138 396 1185 praetexta,
418 1144 548 1184 quam
570 1128 685 1183 quod
709 1128 798 1169 sine
831 1128 946 1169 bulla
967 1138 1155 1170 venerat.
1179 1130 1356 1171 vestitus
1378 1131 1493 1171 enim
1523 1145 1597 1171 ne·-

161 1187 324 1228 minem
354 1186 655 1227 commovebat
684 1185 734 1236 is,
765 1200 893 1241 quem
924 1185 984 1226 illi
1015 1200 1122 1237 mos,
1143 1197 1187 1227 et
1213 1187 1286 1242 jus
1317 1189 1597 1244 ingenuitatis

162 1244 307 1286 dabat.
323 1243 446 1308 quod
468 1251 768 1284 ornamentum
799 1242 995 1299 pueritiae
1028 1252 1149 1298 pater
1177 1244 1366 1296 dederat,
1364 1223 1598 1288 Uindicium

161 1310 291 1365 atque
321 1301 490 1357 insigne
521 1300 722 1350 fortunae,
744 1300 828 1341 1106
859 1300 913 1340 ab
945 1300 1028 1340 isto
1052 1300 1254 1355 praedone
1275 1312 1470 1358 ereptum
1491 1318 1596 1355 esse,

161 1358 350 1415 graviter
370 1369 414 1399 et
443 1358 596 1398 acerbe
626 1357 821 1398 homines
844 1356 1052 1398 ferebant.
1113 1358 1266 1414 Neque
1287 1369 1408 1400 erant
1438 1360 1506 1401 hae
1537 1361 1596 1401 13-
1611 1379 1682 1413 153

161 1430 322 1480 crymae
345 1415 570 1472 populares
596 1414 749 1470 magis,
771 1430 900 1470 quam
930 1425 1104 1479 nostrae,
1127 1431 1255 1471 quam
1278 1425 1378 1468 tuae,
1400 1418 1456 1464 Q.
1481 1417 1599 1460 Ho1-

160 1474 288 1524 tensi,
309 1488 437 1537 quam
460 1472 630 1523 horum,
651 1473 725 1528 qui
756 1472 1014 1513 sententiam
1043 1472 1169 1514 laturi
1193 1484 1317 1516 sunt.
1349 1475 1460 1539 ideo,
1483 1477 1600 1531 quod

161 1545 416 1573 communls
425 1539 489 1571 est
519 1544 661 1580 causa,
683 1544 912 1571 commune
943 1530 1206 1586 periculum:
1238 1532 1458 1573 communi
1488 1548 1601 1589 prae-

161 1588 271 1629 sidio
294 1588 389 1629 talis
420 1587 690 1643 improbitaS,
713 1597 932 1652 tamquam
962 1587 1137 1643 aliquod
1163 1588 1425 1654 incendium,
1446 1591 1601 1632 restin-

161 1646 333 1702 guenda
369 1656 448 1686 est.
482 1645 690 1686 habemus
722 1646 838 1687 6111111
878 1644 1035 1686 liberos
1073 1661 1243 1709 parvos.
1276 1647 1488 1688 incertum
1519 1658 1600 1699 est,

161 1718 292 1759 quam
311 1703 442 1759 longa
461 1711 656 1743 nostrum
675 1702 884 1759 cujusque
907 1703 997 1744 vita
1018 1703 1163 1744 futura
1184 1704 1253 1745 sit.
1268 1705 1489 1746 consulere
1512 1707 1599 1749 vixi

161 1775 212 1802 ac
234 1761 479 1817 prospicere
500 1760 721 1812 debemus,
742 1770 791 1801 ut
812 1761 981 1802 illorum
1001 1760 1187 1802 solitudo
1207 1770 1250 1802 et
1267 1763 1453 1818 pueritia
1469 1778 1600 1818 quam

162 1817 409 1859 firmissimo
439 1817 640 1873 praesidio
668 1819 837 1859 munita
867 1818 936 1859 sit.
997 1818 1107 1865 Quis
1139 1826 1203 1859 est
1227 1819 1358 1872 enim,
1388 1820 1462 1875 qui
1488 1822 1600 1864 tueri

162 1876 300 1932 possit
331 1875 516 1916 liberum
554 1884 797 1916 nostrorum
830 1875 1059 1932 pueritiam
1092 1885 1243 1917 contla
1274 1878 1598 1934 improbitatem

162 1934 524 1989 magistratuum?
576 1931 735 1984 Mater,
779 1934 921 1974 credo.
983 1933 1160 1975 Scilicet
1197 1948 1357 1991 magno
1396 1937 1599 1992 praesidio

162 1990 248 2032 fuit
278 1990 436 2032 Anniae
470 1989 646 2045 pupillae
677 2000 827 2042 mater,
859 1991 1042 2032 foemina
1079 1991 1306 2047 primar1a:
1338 1993 1494 2044 minus,
1527 1994 1599 2039 illa

160 2049 264 2090 deos
296 2047 576 2103 hominesque
607 2047 877 2104 implorante,
899 2049 980 2089 iste
1010 2048 1166 2090 infanti
1197 2049 1373 2105 pupillae
1402 2049 1598 2095 fortunas

160 2106 320 2162 patrias
342 2105 516 2146 ademit.
548 2103 786 2147 Tutoresne
808 2106 1114 2148 defenderent?
1136 2105 1339 2161 perfacile
1360 2122 1461 2149 vero
1484 2109 1598 2164 apud

161 2162 404 2205 istiusmodi
433 2171 680 2219 piUaetmem,
711 2178 737 2205 a
765 2178 850 2220 quo
874 2163 943 2205 M.
967 2163 1165 2206 Marcelli
1197 2165 1365 2217 tutoriS,
1397 2165 1441 2206 in
1469 2181 1599 2208 causa

159 2321 236 2343 cum
251 2321 288 2352 p.
333 2311 394 2342 Sed
418 2321 496 2342 eum
521 2311 700 2342 noluerunt
720 2311 858 2348 imitari,
902 2310 1068 2343 Ciceronis
1096 2315 1267 2353 perpetua,
1294 2322 1315 2344 a
1342 2323 1395 2344 me
1416 2313 1601 2354 diligentis-

159 2364 236 2386 cum
259 2354 324 2385 alia
345 2354 452 2384 multa
467 2365 507 2384 ex
524 2355 646 2385 talibus
661 2354 859 2403 conjecturis
901 2355 982 2385 sime
998 2360 1125 2386 notata.
1159 2356 1236 2386 Non
1250 2356 1340 2386 enim
1354 2355 1416 2386 hoc
1431 2367 1448 2386 e
1462 2366 1601 2398 persona

159 2403 309 2427 correcta
328 2397 406 2427 sint.
450 2395 521 2436 Ego
542 2402 673 2427 secutus
699 2407 784 2433 sum,
804 2397 860 2436 qui
902 2397 1069 2428 Ciceronis
1083 2398 1146 2428 dici
1161 2398 1312 2435 debebat,
1328 2398 1384 2429 sed
1399 2399 1501 2439 pueri.

161 2438 265 2469 malui
280 2439 428 2469 homines
441 2439 562 2478 legere,
578 2439 665 2479 quod
679 2439 859 2470 verosimil-
943 2439 983 2470 65
999 2441 1115 2479 paullo
1130 2445 1241 2471 tamen
1254 2441 1331 2481 obs]
1350 2409 1419 2472 Sicp
1417 2441 1503 2472 libri.
1537 2443 1600 2474 Sed

159 2479 280 2512 limum
295 2488 422 2518 esset,e
405 2487 439 2512 et
453 2481 594 2521 intelligi
608 2487 729 2522 posset,
746 2492 858 2521 quam,
902 2482 937 2512 in
958 2492 997 2512 eo
1019 2482 1085 2513 fere
1107 2482 1222 2513 offensi
1240 2489 1318 2513 sunt
1340 2484 1400 2514 viri
1419 2484 1520 2521 docti,
1543 2485 1600 2518 alii

162 2523 249 2562 quod
260 2521 544 2555 certoaCicerone
556 2534 623 2554 non
635 2530 730 2554 esset.
745 2524 859 2555 Paullo
903 2524 999 2555 aliter
1013 2526 1224 2565 corrigentes.
1246 2525 1374 2566 Nempe
1389 2526 1471 2557 illud
1484 2530 1600 2566 paullo

160 2570 236 2605 post
249 2577 308 2607 pro
322 2567 407 2606 quod
419 2566 533 2596 melius
548 2566 713 2606 legeretur
727 2568 791 2606 qni.
820 2567 859 2597 In

162 2607 243 2640 Mss.
257 2614 291 2639 et
305 2608 376 2639 edd.
393 2618 442 2649 pr.
456 2619 515 2648 per
528 2609 761 2650 compendium
782 2610 861 2640 scri-

163 2654 260 2691 ptum
274 2656 324 2683 est
339 2652 485 2682 verbum.

205 2693 247 2723 64
268 2703 311 2724 m.
333 2703 435 2724 annos
457 2698 504 2724 est
530 2694 565 2724 in
587 2693 746 2733 sordibus]
772 2693 859 2724 Ferri

162 2738 273 2774 potest
301 2740 469 2776 uteunque
496 2740 554 2772 est,
581 2741 622 2767 ut
649 2746 666 2766 e
693 2736 860 2766 Ciceronis

162 2785 302 2816 persona
315 2777 458 2808 dictum:
483 2778 538 2808 sed
554 2783 666 2808 tamen
682 2778 789 2815 credo,
806 2778 860 2809 Ci-

161 2828 315 2849 ceronem
340 2821 502 2861 scripsisse
531 2825 628 2851 esset:
654 2820 686 2850 id
714 2820 860 2861 postulat

161 2867 230 2892 non
252 2861 348 2892 modo
363 2864 468 2894 oratio
483 2863 565 2902 haec,
589 2863 644 2895 sed
658 2863 861 2895 consuetudo

903 2565 1088 2606 languidius
1103 2573 1165 2605 est,
1180 2577 1278 2607 quam
1301 2578 1360 2608 pro
1379 2579 1413 2599 re
1427 2575 1461 2599 et
1475 2570 1600 2610 cupidi-

901 2613 972 2639 tate
1007 2610 1109 2649 pueri.
1135 2591 1312 2650 aliquando
1339 2612 1484 2648 tandem,
1513 2613 1600 2652 quod

902 2651 1070 2682 nonnullis
1104 2652 1242 2692 placuit,
1275 2652 1405 2693 longius
1432 2634 1553 2685 rededit
1581 2665 1601 2685 a

902 2694 1077 2734 scriptura,
1100 2704 1160 2725 nee
1180 2695 1298 2725 fortius
1319 2700 1380 2726 est.
1405 2706 1464 2726 nee
1482 2697 1601 2728 melius

903 2740 953 2766 est
967 2738 1145 2775 aliquanto.
1171 2737 1321 2777 Cogitavi
1330 2740 1462 2778 pmiter
1476 2743 1600 2775 tamen,

903 2778 923 2808 i.
937 2789 966 2809 e.
981 2779 1111 2816 saltem,
1128 2789 1258 2820 nempe,
1274 2785 1312 2810 ut
1326 2781 1394 2821 ipse
1409 2786 1493 2811 esset
1507 2782 1602 2812 istius

902 2822 1114 2862 improbitate
1129 2827 1162 2854 et
1178 2823 1326 2854 avaritia.
1350 2823 1413 2855 Sed
1427 2833 1494 2855 non
1508 2825 1601 2855 satis-

902 2863 983 2894 facit
996 2863 1088 2895 mihi.
