1907 3231
297 125 371 159 120

831 121 897 160 IN
926 120 1195 161 VERREM

297 224 336 253 ⁵⁶
350 234 447 279 post
467 223 563 267 hacc
584 225 1011 280 constitutajudicia,
1043 227 1199 282 quibus
1221 240 1334 268 nunc
1355 225 1529 276 utimm,
1559 224 1724 267 nullum

294 278 379 322 hoc
409 282 631 347 splendore
660 292 788 338 atque
821 282 899 324 bac
933 284 1084 339 dignit·
1077 294 1145 324 ite
1174 283 1398 325 consilium
1430 282 1573 323 fuisse.

1619 282 1724 326 -Hic

297 337 330 377 si
361 339 464 393 quid
497 341 578 380 erit
599 339 824 389 offensum,
856 353 1004 380 omnes
1039 339 1233 381 homines
1265 354 1351 381 non
1378 340 1471 395 jam
1495 353 1556 380 ex
1570 338 1723 380 eodem

297 394 446 436 ordine
467 395 571 436 alios
592 397 729 452 magis
753 396 942 446 idoneos,
964 396 1077 450 quod
1099 397 1187 437 fieri
1211 411 1296 438 non
1318 405 1474 452 potest,
1497 396 1569 436 sed
1591 394 1723 436 alium

298 453 474 493 omnino
496 454 687 494 ordinem
713 453 765 493 ad
800 467 862 493 res
879 451 1136 506 judicandas
1155 453 1432 508 quaeiendum
1454 452 1724 494 arbitrabun-
1750 497 1756 505 ,

218 504 284 556 17
300 516 380 549 tur.

443 511 526 556 Qu·
518 521 717 566 ipropter
740 509 923 564 primum
949 510 1004 550 ab
1032 509 1114 550 diis
1137 509 1463 561 immortalibus,
1493 508 1626 565 quod
1629 522 1744 572 spe--

235 575 390 607 50rare
421 567 525 607 mihi
561 567 720 615 videor,
754 566 835 606 hoc
868 566 999 615 idem,
1023 566 1209 621 judices,
1240 576 1369 630 peto,.
1384 576 1433 608 ut
1466 566 1509 607 in
1541 566 1627 608 hoc
1651 579 1726 631 μι-

297 622 412 663 dicio
444 637 570 663 nemo
600 623 835 678 improbus,
866 632 1020 686 praetei·
1049 637 1161 673 cum,
1191 624 1264 679 qui
1287 623 1556 679 jampiidem
1577 623 1742 664 iuven-.

299 679 947 735 tusest,1Ucpe1iaturzdeinde,
978 694 1011 719 51
1047 680 1186 742 plures
1218 680 1401 736 improbi
1434 680 1607 730 fuerint,
1641 678 1744 720 hoc*

297 737 433 785 vobis,
482 737 563 778 hoc
616 736 776 792 populo
831 736 1044 787 Romano,
1084 736 1270 791 iudices,
1319 736 1543 801 confirmo,
1592 735 1743 777 vitam„

293 793 439 834 mebei
441 793 534 834 cule
563 794 669 834 mihi
702 808 832 849 prius,

881 808 1009 848 quam
1049 794 1152 843 vim,
1202 794 1648 857 perseverantiamque
1671 791 1737 834 ad.

232 849 461 890 milleium
505 851 826 906 improbitatem
869 851 1203 915 persequendam
1245 850 1502 892 def·utu1am.
1563 849 1746 902 Verum1

292 907 407 961 quod
447 922 529 963 ego
571 908 803 971 laboribuS,
856 908 1067 962 perieulis,
1114 908 1436 963 inimicitiisque
1473 907 1580 948 meis
1618 914 1759 958 tum„

291 978 390 1005 cum
419 965 651 1005 admissum
677 965 772 1014 erit,
803 964 1000 1015 dedecus,
1032 978 1175 1006 severe
1201 979 1269 1006 me
1278 972 1610 1028 persecuturum
1634 976 1726 1004 esse

290 1021 509 1117 polliceor,
542 1022 584 1063 id
616 1036 668 1062 ne
698 1020 882 1072 accidat,
927 1029 972 1061 tu
1005 1029 1078 1061 tua
1107 1021 1330 1077 sapientia,
1361 1020 1632 1070 auctoritate,
1661 1019 1742 1062 di·-

308 1088 482 1134 1gen11a,
528 1077 608 1119 Μ’.
641 1077 835 1128 Glabrio,
878 1087 1000 1133 potes
1042 1079 1278 1133 provider.e

284 1121 420 1188 judi<
414 1150 574 1177 torum:

1338 1079 1517 1134 Suscipe
1555 1091 1728 1119 causam
1742 1102 1743 1105 =

617 1135 784 1191 suscipe
822 1149 995 1175 causam
1025 1136 1276 1186 severitatis,
1308 1134 1598 1192 integritatis,
1612 1133 1730 1186 fidei,

293 1191 534 1248 religionis:
568 1206 736 1248 suscipe
758 1206 930 1233 causam
953 1201 1139 1242 senatuS,
1162 1201 1210 1233 ut
1231 1193 1266 1233 is
1288 1192 1563 1247 hocjudicio
1573 1190 1729 1248 proba-

292 1258 374 1299 tus,
405 1264 502 1290 eum
527 1249 687 1305 populo
712 1249 910 1290 Romano
930 1258 973 1289 et
1002 1249 1043 1289 in
1078 1248 1200 1291 laude
1227 1259 1272 1290 et
1297 1250 1341 1290 in
1363 1249 1502 1305 gratia
1518 1262 1608 1289 esse
1629 1261 1728 1303 pos-

291 1305 359 1345 sit.

424 1306 596 1361 Cogita,
628 1310 665 1340 57
679 1306 752 1361 qui
776 1306 845 1356 sis,
877 1320 962 1361 quo
987 1306 1082 1347 loco
1105 1307 1175 1357 sis,
1206 1307 1308 1362 quid
1331 1307 1431 1348 dare
1452 1305 1629 1362 populo
1636 1303 1745 1346 Rn-·

292 1377 435 1413 meno,
467 1363 570 1418 quid
593 1363 764 1404 ieddere
784 1363 1018 1418 majoribus
1038 1363 1122 1403 tuis
1144 1364 1324 1406 debeas,
1357 1363 1424 1405 fac
1439 1363 1516 1404 tibi
1538 1371 1741 1417 paternae=

293 1419 400 1470 lestis
421 1395 574 1461 :liciliae
598 1421 739 1461 veniit
763 1420 805 1460 in
838 1430 1042 1470 mentem,
1072 1435 1157 1475 qua
1186 1421 1279 1477 lege
1302 1420 1485 1476 populus
1505 1419 1728 1461 Romanus

295 1454 360 1516 de
370 1478 561 1532 pecuniis
577 1478 822 1533 repetundis
841 1477 1016 1533 optimis
1032 1476 1210 1531 judiciis
1227 1455 1735 1532 sev-eiissi1nisquejudi-<

233 1547 281 1580 50
297 1533 416 1574 cibus
441 1549 537 1574 ιι5ιι5
560 1545 638 1575 est.

700 1534 993 1575 Circumstant
1022 1543 1063 1574 te
1097 1549 1274 1575 summae
1310 1534 1601 1584 auctoritates,
1631 1547 1728 1589 quae

297 1600 337 1631 te
360 1591 555 1632 oblivisci
576 1591 710 1632 laudis
741 1592 988 1632 domesticae
1022 1605 1107 1631 non
1139 1591 1301 1633 sinaut:
1333 1606 1429 1647 quae
1458 1600 1499 1632 te
1528 1591 1617 1632 dies
1650 1604 1728 1632 no-

251 1647 470 1703 b·ctesque
492 1658 810 1699 commoneant,
842 1647 1124 1689 fortissimum
1149 1649 1226 1689 tibi
1254 1656 1434 1704 patrem,
1465 1647 1729 1704 sapientissi-

295 1719 411 1746 mum
443 1720 585 1756 avum,
618 1706 919 1761 gravissimum
952 1719 1149 1746 socerum
1178 1705 1322 1746 fuisse.

1384 1706 1528 1752 Quare
1559 1705 1593 1747 si
1625 1704 1729 1746 Gla-

295 1762 456 1803 brionis
480 1764 611 1818 patris
633 1763 717 1803 vim
740 1772 783 1803 et
801 1762 1080 1804 acrimoniam
1101 1762 1262 1817 ceperis
1281 1761 1334 1803 ad
1352 1761 1633 1803 resistendum
1652 1761 1730 1803 ho-

294 1819 481 1860 minibus
505 1819 824 1869 audacissimis3
858 1819 891 1860 si
923 1818 990 1860 tvi
1023 1819 1230 1861 Scaevolae
1254 1819 1525 1875 prudentiam
1546 1819 1613 1862 ad
1631 1833 1729 1875 pro-

294 1876 534 1940 spiciendas
558 1876 746 1927 insidias,
769 1853 866 1932 qiiae
890 1886 976 1917 tuae
1000 1886 1128 1930 atque
1150 1875 1303 1917 horum
1326 1875 1451 1918 famae
1475 1890 1728 1932 comparan-

293 1944 388 1983 tur;
419 1949 451 1974 si
477 1934 610 1974 soceri
639 1934 787 1974 Scauri
821 1933 1124 1983 constantiam,
1156 1943 1204 1973 ut
1226 1948 1279 1974 ne
1300 1934 1395 1988 quis
1419 1943 1460 1975 te
1481 1933 1534 1975 de
1555 1947 1654 1975 vera.
1681 1941 1728 1974 et

291 2001 407 2031 certa
430 1991 565 2046 possit
588 1991 799 2031 sententia
828 1991 1077 2040 demovere3
1112 1990 1320 2046 intelliget
1351 1990 1532 2046 populus
1565 1989 1726 2032 Roma-

291 2062 386 2098 ιιιι5,
418 2048 693 2104 integeirimo
715 2058 843 2102 atque
868 2046 1168 2088 honestissimo
1195 2056 1397 2103 proetore,
1429 2047 1729 2103 53delectoque

292 2104 487 2155 consilio,
526 2105 698 2146 nocenti
723 2119 794 2145 reo
827 2103 1168 2160 magnitudinem
1193 2104 1385 2159 pecuniae
1420 2104 1512 2159 plus
1531 2103 1731 2145 habuisse

293 2162 500 2202 momenti
523 2162 577 2202 ad
600 2162 886 2217 suspicionem
901 2160 1106 2210 miminis,
1128 2175 1257 2215 quam
1277 2161 1329 2202 ad
1344 2161 1551 2202 lationem
1566 2161 1729 2202 salutis.

215 2216 279 2263 18

288 2342 369 2374 litm-
384 2343 553 2383 aequalitas
570 2354 593 2374 5.
614 2345 736 2384 paritas
754 2344 986 2375 membrorum.

287 2386 386 2416 Nunc
399 2387 457 2416 sibi
473 2387 554 2416 bene
569 2386 778 2427 respondent,
792 2391 924 2417 conatus
938 2387 988 2416 in-

287 2429 449 2466 vestigare
463 2434 492 2458 et
513 2430 657 2468 consequi
669 2430 799 2468 possim,
823 2435 869 2465 et,
894 2439 987 2458 vos—-

288 2468 464 2509 infamium
479 2471 584 2501 delere
597 2481 637 2500 uc
650 2473 760 2501 tollere
769 2471 909 2510 potestis.

334 2513 373 2542 56
391 2517 462 2551 post
494 2514 558 2542 lnoec
590 2523 615 2542 c.
644 2511 693 2552 j.]
739 2513 829 2544 Libri
865 2519 987 2543 veteres

291 2554 452 2583 omittunt
468 2556 654 2591 constituta,
676 2560 715 2585 ut
736 2556 866 2592 monuit
882 2555 987 2586 Hoto-

292 2605 450 2633 mannus;
479 2596 566 2626 solus
592 2597 750 2627 Asconius
776 2602 898 2629 tuetur.
944 2597 988 2628 Et

289 2647 367 2668 sane
394 2637 520 2668 abesset
545 2639 738 2678 elegantius
782 2640 833 2669 Sic
855 2639 930 2670 alibi
955 2640 987 2669 in

288 2680 383 2719 epist.
405 2685 476 2718 post
505 2682 588 2710 hanc
612 2683 855 2720 rempublicam.
893 2681 986 2718 Hoec,

290 2723 350 2752 int.
365 2722 540 2759 senatoria,
563 2723 678 2762 quibus
691 2733 709 2753 e
724 2723 824 2754 Sullae
839 2724 910 2763 lege
923 2724 987 2754 uti-

289 2774 373 2794 mur.

331 2809 368 2839 57
393 2806 448 2845 qui
460 2806 515 2841 sis,
530 2816 590 2846 qun
605 2809 667 2837 loco
681 2807 737 2846 sis]
756 2807 826 2847 Qui
839 2807 882 2837 sis
895 2807 987 2837 abest

289 2849 353 2880 us,
377 2849 439 2878 (su.
463 2847 533 2878 edd.
551 2859 598 2889 pr.
642 2849 800 2880 Addidere
822 2849 986 2880 Victorius

352 2218 467 2260 Mihi
491 2228 655 2260 certum
677 2227 755 2270 est,
779 2233 864 2260 non
887 2217 1172 2269 committere,
1192 2226 1238 2259 ut
1258 2218 1303 2259 in
1325 2217 1405 2259 hac
1422 2232 1550 2259 causa
1570 2227 1730 2275 praetor

1034 2342 1154 2383 (1534.)
1171 2343 1207 2374 P.
1222 2342 1392 2374 Manutius
1405 2347 1439 2374 et
1454 2344 1566 2379 ceteri,
1591 2343 1647 2374 sed
1659 2344 1731 2375 sine

1030 2385 1134 2415 altero
1157 2385 1212 2422 sis,
1234 2385 1320 2425 quod
1343 2395 1418 2415 cum
1442 2386 1569 2416 Graevio
1589 2386 1729 2417 restitui.

1030 2426 1100 2468 Qui
1115 2427 1255 2458 refertur
1267 2427 1308 2458 ad
1319 2428 1549 2467 magistratum
1560 2438 1570 2466 3
1593 2437 1654 2468 quo
1666 2429 1731 2460 loca

1031 2469 1072 2499 ad
1085 2478 1202 2509 genus:
1218 2474 1396 2509 utrumque
1411 2470 1580 2509 requirunt
1592 2479 1729 2510 sequeu-

1030 2511 1088 2541 tia.

1073 2556 1112 2585 58
1135 2554 1253 2584 delecto
1267 2552 1409 2593 consilio]
1438 2553 1512 2590 Est,
1538 2553 1668 2593 quando
1693 2554 1729 2586 in

1032 2596 1362 2635 rejectionejudicum
1384 2602 1460 2636 post
1478 2596 1618 2636 primam
1632 2596 1745 2627 sorti-·

1030 2639 1155 2668 tionem
1179 2638 1220 2668 ab
1242 2642 1431 2669 accusatore
1445 2638 1540 2676 justa
1556 2637 1730 2677 diligentia

1029 2686 1063 2710 et
1077 2680 1230 2710 severitas
1243 2679 1433 2710 adhibetur:
1460 2689 1535 2710 nam
1554 2679 1580 2710 si
1599 2679 1641 2710 ad
1660 2689 1728 2711 sor·

1030 2729 1097 2752 tem
1121 2721 1218 2752 modo
1245 2722 1375 2758 referas,
1405 2729 1464 2752 aut
1486 2721 1527 2752 ad
1552 2721 1729 2753 lectionem

1022 2764 1172 2803 judicum
1187 2763 1222 2794 in
1234 2763 1392 2800 decurias,
1414 2772 1487 2803 quae
1501 2764 1541 2794 fit
1552 2774 1572 2794 a
1586 2770 1728 2803 praetore

1030 2807 1167 2842 urbano,
1190 2814 1288 2837 omne
1296 2805 1458 2847 judicium
1480 2806 1543 2837 erit
1563 2805 1726 2837 detectum

1029 2848 1213 2879 eonsilium.
