1907 3231
301 126 353 165 72

285 1530 536 1577 lmalitiam
581 1544 761 1588 naturae,
794 1538 1049 1580 crederetur.

886 123 1142 161 ORATIO

354 238 424 276 pro
452 230 530 263 tota
554 227 749 267 socierum
767 224 930 276 flandum
956 231 1107 277 accepit,
1141 234 1209 265 non
1235 230 1434 277 pecuniam.
1478 228 1567 264 Post
1597 225 1737 273 aliquot

359 290 471 315 unitos
489 278 671 316 Roscium
690 280 844 315 Fannius
867 280 1052 317 arbitrum
1079 281 1220 329 adegit,
1240 281 1272 317 h.
1292 294 1320 316 e.
1339 294 1361 317 a
1381 282 1542 317 Pratore
1568 281 1738 326 impetra-

359 332 427 373 ru,
446 335 484 367 ut
512 332 687 367 arbitrum
707 332 823 373 duret,
842 333 917 378 qui,
935 337 1109 380 quantum
1136 336 1269 380 aquius
1298 334 1433 374 melius,
1453 332 1621 368 Roscium
1646 330 1739 378 peti-

364 384 437 419 tori
454 380 590 419 Fannio
607 384 694 419 dare
703 381 856 429 juberet.
899 384 1046 420 Arbiter
1053 383 1135 433 suit
1155 385 1260 427 idem,
1280 386 1341 432 qui
1359 386 1395 420 in
1415 385 1482 420 hac
1499 395 1607 419 causa
1623 380 1739 428 judex

364 439 430 477 est,
452 434 489 471 C.
511 434 727 483 Calpurnius
746 434 843 471 Piso.
873 437 900 470 is
919 436 961 471 de
988 447 1026 471 re
1044 437 1259 472 sententiam
1286 448 1356 472 non
1375 437 1472 477 tulit,
1490 436 1552 471 sed
1570 434 1740 470 Roscium

364 488 522 534 rogavit,
543 491 580 522 ut
606 486 740 522 Fannio
765 498 833 535 pro
854 487 985 529 labore,
1009 488 1104 535 quod
1122 488 1284 535 cognitor
1300 485 1449 536 suisset,
1468 487 1563 535 quod
1580 487 1740 522 vadimo-

365 540 430 575 nia
447 539 586 580 obisset,
606 537 690 574 H·S
711 548 832 574 ccmo
857 539 991 585 (decem
1016 538 1148 581 millia)
1170 540 1285 581 daret,
1306 541 1359 575 ita
1378 544 1509 581 tumen,
1528 543 1567 575 ut
1586 537 1742 588 Fannius

366 591 633 639 repromitteret
660 602 703 626 ac
728 591 1015 638 restipularetur,
1043 592 1075 626 si
1101 592 1189 638 quid
1215 592 1384 638 exegisset
1410 605 1433 628 a
1450 591 1582 630 Flavio,
1599 593 1744 639 partem

368 640 444 688 ejus
461 642 649 678 dimidiam
667 653 703 677 se
722 640 851 677 Roscio
870 643 1049 678 daturum.
1092 642 1310 691 Spospondit
1327 645 1382 678 ita
1399 655 1436 679 se
1441 642 1634 692 sucturum
1652 641 1744 677 Fan-

369 696 460 731 nius.
514 693 660 729 Deinde
685 694 808 729 Flavio
835 695 934 730 litem
960 695 1126 730 intendit.
1180 694 1300 731 Judcx
1315 694 1397 743 fuit
1417 694 1454 732 C.
1473 694 1616 730 Cluvius
1643 703 1747 740 eques

371 745 566 783 Romanus,
621 744 711 791 Ejus
731 748 911 782 sententia
936 747 1080 782 Flavius
1107 746 1191 783 H-s
1220 757 1396 783 cccxaoo
1419 749 1584 793 (centena
1610 744 1746 790 millia)

370 797 537 844 Panurgi
555 799 696 833 nomine
714 798 849 833 Fannio
868 799 1040 835 dissolvit.
1089 797 1195 845 Cujus
1220 799 1379 847 pecunia:
1392 810 1480 847 pars
1497 798 1650 834 dimidia-
1667 807 1748 833 cum

369 861 414 886 ex
430 850 704 896 restipulatione
722 849 852 886 Roscio
870 851 1053 887 deberetur
1063 865 1077 891 ;
1107 856 1225 887 tamen
1254 854 1396 886 tantum
1413 851 1523 890 abest,
1540 854 1582 886 ut
1599 851 1632 886 ei
1649 850 1749 897 quic-

370 913 479 949 quam
498 901 654 938 Fannius
671 902 822 944 dederit,
841 907 879 938 ut
899 915 974 938 eum
995 904 1106 938 etiam
1124 905 1159 939 in
1168 901 1349 949 judicium
1365 903 1557 944 vocaverit,
1576 906 1750 950 tanquam

369 965 437 990 sua
452 958 559 1001 purte
576 956 612 990 in
630 958 747 989 vetere
762 953 830 990 illa
848 955 1023 991 decisione
1039 954 1252 1005 fraudatus.
1299 954 1527 991 AEstimabat
1547 954 1642 990 enim
1655 952 1751 1002 fun-

372 1006 471 1046 dum,
491 1017 594 1052 quem
620 1018 643 1041 a
672 1005 794 1042 Hal-zo
814 1005 963 1042 Roscius
991 1011 1189 1055 acceperat,
1208 1006 1294 1043 H-S
1316 1017 1491 1043 ecclooo
1509 1021 1516 1041 :
1546 1006 1629 1041 inde
1651 1009 1751 1054 pete-

373 1057 434 1093 bat
454 1056 539 1093 H-S
560 1068 654 1094 1003
678 1058 961 1106 (quinquaginta
986 1058 1144 1102 millia):
1176 1060 1279 1107 quasi
1306 1058 1455 1105 Roscius
1477 1070 1546 1107 pro
1568 1058 1752 1099 societate,

371 1120 443 1144 non
467 1120 536 1156 pro
561 1120 598 1144 se
623 1113 761 1144 tantum
782 1110 979 1146 decidisset.
1035 1110 1079 1146 In
1109 1123 1178 1159 quo
1210 1110 1253 1147 lis
1285 1114 1363 1146 tota
1391 1111 1554 1146 vertitur.
1607 1108 1658 1146 Et
1687 1108 1754 1145 hoc

372 1161 529 1196 murinae
544 1165 755 1208 argumento
774 1162 822 1197 ad
844 1163 1129 1198 criminationem
1148 1162 1276 1198 Fannii
1292 1161 1525 1212 refellendam
1541 1161 1663 1198 Cicero
1680 1161 1755 1197 uti-

375 1216 448 1254 tur,
467 1213 563 1260 quod
580 1214 623 1255 is,
642 1218 791 1261 accepta
809 1226 831 1250 a
846 1213 975 1250 Roscio
991 1216 1156 1262 pecunia,
1174 1216 1260 1263 quia
1276 1215 1438 1262 cognitor
1456 1212 1680 1263 ey'usfuerat‚
1698 1224 1754 1248 re—

369 1266 593 1312 promisisset
611 1269 647 1300 et
664 1266 897 1313 restipulatus
914 1271 1015 1308 esset,
1028 1269 1060 1302 si
1076 1267 1164 1314 quid
1181 1280 1204 1302 a
1223 1267 1346 1303 Flavio
1364 1267 1548 1314 exegisset,
1566 1265 1756 1301 dimidium

374 1317 462 1352 eise
478 1317 671 1353 daturum:
700 1329 770 1364 qno
786 1318 854 1354 sibi
870 1319 1010 1354 nullam
1029 1331 1051 1355 a
1069 1318 1199 1356 Roscio
1226 1331 1269 1355 ex
1294 1323 1410 1355 vetere
1436 1319 1612 1355 decisione
1637 1317 1755 1353 deberi

370 1369 563 1417 pecuniam
573 1367 766 1416 judicavit,

703 1462 861 1516 Multa,
883 1479 969 1522 quae
987 1464 1141 1517 desunt,
1162 1464 1389 1522 quaerenda.

1119 1538 1160 1580 Is
1201 1539 1363 1580 scilicet
1396 1537 1461 1579 vir
1482 1537 1685 1594 optimus,
1714 1544 1758 1577 et

296 1601 315 1634 1
331 1591 534 1648 singulari
564 1593 647 1633 fide
677 1595 898 1650 praeditus,
927 1597 1000 1660 qui
1032 1611 1108 1637 suo
1131 1596 1314 1651 judicio,
1339 1595 1493 1636 tabulis
1515 1595 1615 1646 suis,
1638 1593 1757 1634 testi-

331 1648 409 1689 bus
433 1650 494 1689 uti
519 1659 712 1691 conatur.

326 1706 464 1747 mines
498 1737 508 1746 .
542 1738 550 1747 .
585 1738 594 1747 .

773 1651 921 1692 Solent
951 1654 1038 1695 iere
1068 1653 1222 1703 dicere,
1249 1654 1321 1708 qui
1357 1667 1431 1709 per
1461 1651 1626 1694 tabulas
1651 1650 1758 1691 lho—

629 1738 638 1747 .
669 1709 743 1749 citi
776 1710 1000 1764 pecuniam
1023 1724 1255 1766 expensam
1279 1710 1489 1751 tulerunt:
1525 1707 1673 1764 Egone
1697 1717 1761 1748 ta-

324 1761 409 1803 lem
435 1763 570 1803 virum
593 1779 864 1821 corrumpere
896 1767 1031 1822 potui,
1054 1777 1102 1808 ut
1132 1781 1225 1808 mea
1246 1782 1374 1807 causa
1395 1765 1547 1807 falsum
1574 1767 1617 1806 in
1639 1764 1758 1806 codi-

325 1833 419 1860 cem
451 1820 651 1862 referret?
686 1821 916 1878 Exspecto‚
949 1839 1078 1879 quam
1107 1839 1210 1865 mox
1239 1823 1422 1865 Chaerea
1453 1823 1534 1864 hac
1565 1821 1760 1863 oratione

326 1886 498 1918 utatur:
534 1876 683 1933 Egone
710 1879 820 1920 hanc
841 1895 1030 1933 manum,
1053 1880 1254 1936 2plenam
1286 1880 1491 1937 perfidiae,
1514 1887 1557 1921 et
1586 1879 1664 1920 hos
1693 1878 1759 1920 di-

327 1933 443 1987 gitos
466 1948 582 1974 meos
605 1935 821 1991 impellere
843 1938 978 1993 potui,
1001 1946 1045 1978 ut
1069 1937 1221 1979 falsum
1244 1938 1552 1993 perscriberent
1573 1937 1758 1977 nomen?

329 1989 495 2036 Quodsi
521 1991 588 2032 ille
610 2006 705 2032 suas
728 1994 915 2049 proferet
936 1994 1127 2046 tabulas;
1151 1996 1336 2050 proferet
1359 2009 1453 2036 suas
1474 2007 1645 2050 quoque
1669 1991 1758 2034 Ro-

330 2048 457 2088 scius.
480 2048 560 2088 erit
583 2049 623 2089 in
649 2050 758 2090 illius
781 2052 936 2092 tabulis
959 2051 1041 2093 hoc
1062 2066 1244 2093 nomen:
1275 2061 1320 2092 at
1341 2052 1384 2093 in
1408 2051 1534 2106 hujus
1556 2065 1640 2091 non
1663 2049 1759 2090 erit.

292 2111 319 2147 2
334 2102 423 2144 Cur
453 2105 595 2160 potius
618 2105 744 2158 illius,
765 2123 894 2162 quam
925 2109 1067 2164 hujus,
1089 2109 1310 2150 credetur?
1341 2108 1589 2164 Scripsisset
1619 2106 1701 2157 ille,
1724 2105 1759 2147 si

329 2175 416 2201 non
448 2162 570 2217 jussu
611 2162 739 2219 hujus
776 2179 1012 2221 expensum
1053 2166 1244 2207 tulisset?
1274 2180 1360 2207 non
1398 2165 1636 2221 scripsisset
1672 2163 1759 2214 hic,

327 2218 444 2274 quod
478 2219 559 2260 sibi
590 2233 828 2277 expensum
858 2223 958 2266 ferri
983 2223 1210 2279 jussisset?
1241 2222 1369 2274 Nam,
1398 2220 1760 2278 quemadmodum

373 2343 384 2371 1
403 2342 559 2375 homines.
572 2366 579 2373 .
592 2365 598 2376 v
612 2344 697 2384 ,ωἰὶ]
715 2345 795 2377 Haec
809 2350 859 2377 est
874 2346 973 2378 lectio
985 2348 1023 2378 li-

327 2381 460 2413 brorum
484 2386 680 2425 seriptorum
703 2392 738 2418 et
759 2389 828 2419 edd.
853 2400 900 2429 pr.
925 2399 1024 2429 usque

328 2424 368 2453 nd
393 2425 427 2454 P.
446 2425 649 2463 manutium,
666 2430 721 2468 qui
737 2432 877 2462 correxit
890 2433 1026 2464 hominis

329 2467 463 2514 lwnesti,
486 2477 581 2500 sensu
597 2471 726 2509 quidem
751 2473 848 2510 bono,
865 2473 919 2504 sed
936 2484 1026 2505 mera

328 2515 530 2556 conjectura.
575 2512 676 2546 Vetus
692 2515 837 2546 restituit
850 2516 1025 2554 Victorius,

329 2549 385 2579 sed
406 2549 475 2597 alii,
497 2558 536 2582 ut
558 2553 596 2583 R.
619 2554 732 2595 steph.
756 2558 814 2593 ἃς.
836 2557 1025 2590 Manutium

329 2597 433 2621 secuti
455 2600 545 2630 sunt,
564 2595 710 2628 Graevius
725 2598 921 2637 Victor-ium,
938 2601 1024 2640 quod

329 2637 365 2662 et
380 2642 438 2664 nos
451 2634 595 2666 fecimus.
632 2638 838 2677 Coniecturae
851 2642 1023 2674 doctorum

332 2683 404 2723 non·
423 2677 645 2709 satisfaciunt:
680 2681 706 2711 si
732 2687 844 2713 tamen
864 2689 906 2715 et
932 2686 1024 2715 nobis

330 2725 523 2764 conjectura
552 2721 712 2752 utendum
740 2725 795 2761 sit,
824 2727 1025 2765 corrigamus

332 2759 470 2805 hominis
489 2763 579 2792 certi.
603 2764 689 2802 quod
709 2767 840 2797 verbum
861 2768 893 2797 in
910 2761 972 2800 {ali
991 2779 1025 2803 re

331 2798 462 2831 dicitur.
483 2812 512 2832 v.
529 2803 619 2836 Clav.
640 2806 674 2836 in
696 2807 829 2847 (λήψῃ
853 2811 1026 2849 potuitque

331 2852 447 2884 vitium
470 2855 546 2886 oriri
562 2866 580 2887 e
601 2858 793 2900 compendio
808 2856 868 2899 ἲῖί,
884 2866 922 2892 ut
940 2861 973 2892 in
989 2861 1027 2892 li-

1066 2346 1131 2378 bris
1145 2357 1230 2387 saepe
1243 2346 1405 2378 scribitur.
1449 2345 1511 2377 Sed
1530 2344 1612 2376 nihil
1625 2343 1759 2375 definio.

1067 2389 1234 2427 Solebant,
1258 2390 1311 2429 qui
1334 2389 1486 2429 pecunias
1508 2387 1684 2424 solverent,
1710 2395 1762 2416 roa

1066 2441 1143 2471 gare
1157 2432 1311 2467 amicum,
1328 2430 1493 2461 interdum
1507 2429 1629 2470 plures,
1645 2427 1761 2468 quibus

1069 2473 1280 2513 praesentibus
1299 2473 1420 2503 solutio
1438 2472 1544 2508 fieret,
1561 2476 1598 2501 ut
1616 2480 1689 2501 eam
1708 2479 1761 2500 so-

1068 2515 1228 2546 lutionem
1263 2516 1298 2546 in
1323 2515 1388 2545 suis
1421 2513 1543 2544 tabulis
1569 2512 1761 2549 scriberent,

1070 2562 1109 2587 ut
1138 2567 1249 2588 earum
1272 2556 1463 2588 testimonio
1488 2555 1537 2586 uti
1562 2557 1707 2596 possent,
1735 2553 1763 2584 si

1066 2599 1187 2630 solutio
1202 2604 1387 2639 negaretur,
1401 2603 1459 2628 aut
1470 2598 1504 2628 in
1517 2596 1653 2628 dubium
1667 2605 1762 2627 voca-

1068 2646 1174 2672 retur:
1198 2651 1228 2671 v.
1241 2641 1332 2672 Clav.
1349 2641 1381 2671 in
1397 2641 1520 2670 tabula.

1109 2686 1128 2714 9
1137 2684 1271 2723 plenam
1281 2682 1439 2723 perfidiae]
1466 2681 1539 2712 Hoc
1552 2679 1633 2711 mihi
1652 2689 1763 2720 suspe-

1066 2730 1156 2756 ctum
1169 2732 1229 2756 est.
1243 2735 1340 2756 nemo
1351 2725 1396 2755 sic
1409 2724 1475 2765 ipse
1487 2724 1521 2755 in
1533 2723 1592 2754 tali
1604 2723 1762 2754 defensio-

1068 2777 1108 2798 ne
1123 2767 1220 2797 dicat.
1264 2766 1410 2798 Similem
1425 2765 1566 2806 glossam
1582 2765 1616 2795 in
1631 2765 1687 2796 Or.
1701 2773 1761 2805 pro

1068 2809 1206 2849 Quintio
1228 2809 1425 2845 notavimus,
1444 2807 1584 2849 suntque
1603 2812 1639 2838 et
1655 2805 1729 2838 21⁸1ae
1743 2816 1763 2837 a

1069 2852 1144 2882 viris
1157 2851 1261 2883 doctis
1272 2855 1408 2882 notata.
