1907 3231
637 121 1046 180 PRAEFATIO.
1535 137 1567 175 ’ν
1626 104 1627 107 '

125 244 254 298 idem,
284 245 357 302 qui
389 246 432 286 in
460 244 521 287 W.
542 245 598 288 A.
619 256 662 289 et
684 247 740 290 G.
763 255 806 289 et
834 247 1065 297 orationes,
1098 258 1195 300 quae
1226 244 1280 284 ab
1314 242 1365 283 iis
1399 243 1571 293 absunt,

122 328 202 370 pro
225 313 373 356 Roscio
399 313 585 356 Comoedo
608 326 650 356 et
673 315 843 357 Fonteio
865 325 1072 356 extremae
1103 320 1338 370 ponuntur,
1360 325 1461 362 non,
1484 324 1570 366 quo

125 380 325 423 Romana
342 391 385 423 et
405 383 644 425 Brixiensis
663 384 840 435 habent,
859 384 970 424 loco.

138 458 152 469 ⁹
181 448 301 490 Inter
336 450 432 492 haec
469 448 713 493 orationum
748 440 898 493 harum
933 465 1047 492 nova
1079 447 1279 505 exempla
1314 446 1430 487 facta
1471 452 1570 485 sunt

121 530 200 572 per
220 518 455 559 editionem
478 534 657 576 operum
683 519 906 561 Ciceronis
926 519 1224 560 universorum
1242 515 1440 572 primam,
1456 513 1507 554 h.
1531 526 1569 553 e.

124 582 472 628 Mediolanensem
494 603 532 628 a.
562 594 682 635 1498.
745 587 808 629 Ea
835 601 934 628 vero
969 594 1116 627 secuta
1147 594 1211 625 est
1240 582 1468 624 manifeste
1492 595 1571 621 ex-

123 653 314 709 emplum
349 655 605 697 Brixianum
640 657 714 708 ita,
755 669 803 697 ut
835 671 928 697 eam
966 655 1124 696 habeat
1158 661 1301 694 textus
1329 651 1392 692 sui
1431 649 1569 690 basin.

123 720 240 762 Nam
261 738 360 764 cum
382 738 432 764 ea
453 725 669 765 consentit
692 725 942 781 plerumque
965 724 1008 763 in
1030 722 1289 763 lectionibus
1320 717 1570 776 insigniori-

122 789 218 841 bus,
246 799 338 832 tum
373 792 512 843 bonis,
536 803 627 833 tum
661 793 818 849 pravis,
854 801 1037 846 suntque
1065 790 1298 831 admodum
1326 802 1492 844 paucae,
1523 785 1569 826 in

122 859 280 913 quibus
303 861 358 900 ab
379 875 428 901 ea
452 861 494 901 in
516 861 737 901 meliorem
768 870 934 917 partem
965 869 1008 900 et
1030 859 1090 899 ita
1118 857 1357 905 dissentiat,
1380 866 1428 896 ut
1450 864 1525 895 aut
1545 869 1569 894 e

125 925 289 969 Codice
312 929 421 970 bene
453 931 630 986 scripto,
653 938 727 970 aut
757 930 811 970 ab
845 927 1008 984 ingenii
1033 925 1250 982 exquisita
1279 924 1451 965 solertia
1483 923 1569 963 dis-

123 1008 270 1036 sensus
292 1006 417 1038 natus
451 1012 543 1038 esse
567 998 775 1039 videatur.
839 997 1115 1053 Poggianum
1149 993 1322 1049 quidem
1358 991 1568 1033 Codicem

120 1076 146 1103 e
169 1062 404 1106 Germania
426 1065 469 1107 in
492 1065 661 1107 Italiam
685 1066 866 1117 illatum,
889 1079 911 1105 e
945 1064 1067 1119 cujus
1091 1061 1353 1119 apographis
1376 1061 1418 1101 in
1443 1075 1568 1116 supe-

120 1130 306 1173 rioribus
342 1134 470 1175 editae
504 1144 626 1176 erant
658 1135 876 1175 orationes
909 1132 1108 1187 quaedam
1142 1135 1203 1184 (v.
1240 1128 1430 1184 Apostoli
1468 1127 1569 1171 Zent'

121 1197 239 1240 Diss.
262 1197 462 1242 Vossian.
496 1217 538 1258 p.
567 1204 656 1252 43.)
690 1203 744 1242 ab
776 1200 1038 1249 IVIimcriano,
1072 1209 1247 1239 auctore
1279 1198 1407 1253 hujus
1441 1198 1568 1238 editi-

119 1266 229 1318 onis,
261 1268 504 1324 inspectum
534 1284 639 1320 esse,
672 1269 833 1310 clarum
869 1276 947 1308 est.
1009 1267 1124 1308 Nam
1157 1267 1201 1306 in
1234 1266 1317 1306 hoc
1353 1265 1570 1307 Mediola-

119 1335 241 1376 nensi
260 1337 459 1393 exemplo
482 1337 535 1378 ad
558 1337 719 1378 calcem
744 1336 821 1378 Or.
844 1351 922 1392 pro
945 1334 1056 1377 Rah.
1079 1333 1208 1375 Percl.
1231 1343 1274 1374 et
1292 1334 1464 1373 initium
1483 1334 1568 1374 cal-

120 1417 299 1459 cemque
328 1404 500 1445 alterius
533 1420 610 1462 pro
638 1404 785 1447 Roscio
818 1403 933 1446 Com.
957 1403 1196 1445 admonitio
1233 1402 1390 1443 diserta
1422 1401 1568 1443 addita

116 1479 182 1512 est
204 1471 257 1513 de
278 1472 441 1514 lacunis
473 1482 518 1514 et
549 1474 713 1515 mentio
740 1473 929 1529 exempli
955 1472 1186 1528 Poggiani,
1210 1487 1234 1512 a
1257 1486 1341 1526 quo
1365 1485 1426 1511 eae
1450 1471 1567 1512 lacu-

116 1553 186 1580 nae
215 1543 323 1582 ortae
348 1541 447 1593 sint,
470 1542 586 1597 quod
615 1542 659 1582 in
694 1541 858 1583 Codice
888 1542 1083 1596 antiquo,
1107 1554 1235 1595 quem
1265 1539 1460 1596 Poggius
1492 1540 1565 1580 de-

117 1608 350 1664 scripserit,
381 1610 467 1651 duo
497 1609 602 1651 folia
629 1610 818 1651 abscissa
848 1609 1028 1650 fuerint:
1061 1623 1191 1664 quam
1224 1608 1567 1649 admonitionem

117 1677 276 1733 repetit
307 1678 374 1719 ed.
409 1677 605 1720 Ascensii
637 1679 789 1735 prima,
822 1693 920 1733 quae
955 1677 1284 1718 Mediolanense
1317 1675 1567 1732 exemplum

117 1745 311 1801 repetiit:
343 1754 392 1787 ut
421 1746 465 1787 in
495 1747 743 1788 recensione
774 1747 1013 1787 editionum
1048 1760 1194 1787 earum
1225 1745 1431 1795 diximus,
1468 1760 1566 1800 quae

118 1813 319 1855 universa
351 1814 575 1856 Ciceronis
602 1829 733 1871 opera
764 1815 942 1855 habent.
1005 1815 1106 1860 Quo
1127 1813 1236 1858 vloco
1262 1829 1348 1854 non
1379 1813 1566 1855 alienum

119 1880 264 1933 fuerit,
303 1883 535 1934 monuisse,
568 1883 773 1939 quicquid
808 1883 851 1923 in
885 1883 977 1923 istis
1014 1883 1283 1923 orationibus
1322 1882 1570 1938 discrepant

116 1950 328 1992 editiones
350 1951 518 2008 primae,
542 1951 585 1992 id
607 1966 698 1992 esse
720 1967 744 1992 a
766 1951 972 1992 varietate
997 1950 1061 1991 vel
1083 1965 1304 2000 manuum,
1327 1965 1424 2005 quae
1447 1950 1570 1992 illum

120 2018 398 2075 Poggianum
432 2020 590 2061 librum
623 2018 905 2076 descripsere,
932 2018 997 2060 vel
1031 2034 1055 2059 a
1087 2019 1365 2074 conjecturis,
1392 2018 1570 2060 frustra-

119 2087 269 2143 que'in
291 2087 342 2128 iis
368 2087 528 2144 jactari
550 2088 758 2130 librorum
791 2087 1049 2144 scriptorum
1083 2088 1402 2138 auctoritatem,
1426 2096 1472 2127 ut
1495 2087 1570 2143 qui

118 2156 174 2196 ab
207 2155 360 2197 eodem
391 2155 512 2197 fonte
541 2171 689 2197 omnes
716 2157 832 2197 varie
864 2156 983 2197 ducti
1014 2157 1114 2196 sint.
1178 2156 1278 2196 Non
1303 2156 1570 2211 ignoramus,

119 2223 355 2265 editionem
388 2223 546 2276 Zaroti,
580 2224 968 2275 Mediolanensem,
1002 2224 1346 2275 commemorari,
1381 2238 1477 2278 quae
1515 2224 1568 2265 ad

119 2291 216 2333 liaec
245 2300 442 2349 tempora
474 2293 710 2349 pertineat:
746 2293 818 2333 sed
853 2293 954 2348 quia
980 2292 1105 2332 nobis
1136 2307 1230 2332 eam
1256 2292 1397 2332 videre
1430 2302 1472 2332 et
1495 2307 1570 2333 co·
1599 2316 1602 2319 ·

118 2374 327 2416 gnoscere
349 2375 434 2401 non
466 2360 603 2411 licuit,
627 2360 734 2401 nihil
762 2361 814 2401 de
844 2375 894 2401 ea
922 2359 1285 2415 pronunciamus:
1317 2359 1395 2399 etsi
1424 2371 1569 2400 nostra

117 2443 197 2470 nos
218 2428 471 2484 conjectura
491 2429 612 2471 ducit
643 2444 709 2481 eo,
732 2438 780 2470 ut
807 2442 861 2469 ex
892 2428 962 2469 illa
990 2428 1084 2484 ipsa
1114 2427 1373 2468 Minuciana
1393 2427 1569 2469 ductam

116 2497 399 2553 suspicemur.

178 2564 286 2606 Post
319 2565 621 2607 Minucianam
653 2580 756 2621 ergo
796 2564 935 2620 prima
971 2563 1155 2606 Juntina
1188 2563 1569 2605 commemoranda

115 2642 195 2686 est,
218 2649 315 2690 quae
340 2634 570 2676 Florentiae
592 2649 630 2675 a.
659 2640 779 2675 1515.
803 2638 842 2674 8.
857 2640 1006 2673 curata
1027 2641 1091 2672 est
1114 2646 1188 2687 per
1212 2630 1309 2672 Nic.
1326 2630 1566 2687 Angelium.

120 2702 173 2743 In
196 2702 335 2744 forma
357 2703 555 2744 universa
575 2702 746 2758 quidem
780 2701 973 2756 sequitur
997 2700 1068 2740 illa
1101 2700 1340 2756 superiores
1364 2699 1567 2751 Venetas,

119 2771 163 2811 in
186 2771 341 2826 quibus
364 2770 579 2812 orationes
611 2785 689 2827 pro
724 2769 908 2810 Fonteio
942 2776 984 2808 et
1017 2768 1178 2809 Roscio
1214 2767 1340 2808 Com.
1364 2768 1566 2809 ultimum

119 2838 262 2881 locum
294 2848 532 2896 occupant:
565 2839 868 2894 orationesque
890 2836 1084 2877 Verrium.
1119 2835 1325 2892 peculiari
1349 2836 1567 2877 volumine

859 2921 880 2935 (ἱ

812 2931 880 2956 aa
