<?xml version="1.0" encoding="UTF-8"?>
<!DOCTYPE html PUBLIC "-//W3C//DTD XHTML 1.0 Transitional//EN"
    "http://www.w3.org/TR/xhtml1/DTD/xhtml1-transitional.dtd">
<html xmlns="http://www.w3.org/1999/xhtml" xml:lang="en" lang="en">
 <head>
  <title>
</title>
<meta http-equiv="Content-Type" content="text/html;charset=utf-8" />
  <meta name='ocr-system' content='tesseract 3.04.00' />
  <meta name='ocr-capabilities' content='ocr_page ocr_carea ocr_par ocr_line ocrx_word'/>
</head>
<body>
  <div class='ocr_page' id='page_1' title='image "./p1operaomnia02ciceuoft_0040.png"; bbox 0 0 1907 3231; ppageno 0'>
   <div class='ocr_carea' id='block_1_1' title="bbox 323 124 1156 163">
    <p class='ocr_par' dir='ltr' id='par_1_1' title="bbox 323 124 1156 163">
     <span class='ocr_line' id='line_1_1' title="bbox 323 124 1156 163; baseline -0.001 -2"><span class='ocrx_word' id='word_1_1' title='bbox 323 128 370 161; x_wconf 79' lang='lat'>16</span> <span class='ocrx_word' id='word_1_2' title='bbox 908 124 1156 163; x_wconf 84' lang='lat' dir='ltr'><strong>ORATIO</strong></span> 
     </span>
    </p>
   </div>
   <div class='ocr_carea' id='block_1_2' title="bbox 200 224 1742 2392">
    <p class='ocr_par' dir='ltr' id='par_1_2' title="bbox 233 224 1742 1133">
     <span class='ocr_line' id='line_1_2' title="bbox 317 224 1742 281; baseline -0.001 -15"><span class='ocrx_word' id='word_1_3' title='bbox 317 226 390 280; x_wconf 85' lang='lat' dir='ltr'>qui</span> <span class='ocrx_word' id='word_1_4' title='bbox 422 226 715 278; x_wconf 85' lang='lat' dir='ltr'>consuluntur,</span> <span class='ocrx_word' id='word_1_5' title='bbox 737 229 1048 270; x_wconf 83' lang='lat' dir='ltr'>concurrisses?</span> <span class='ocrx_word' id='word_1_6' title='bbox 1081 228 1193 270; x_wconf 86' lang='lat' dir='ltr'>Cum</span> <span class='ocrx_word' id='word_1_7' title='bbox 1217 226 1290 281; x_wconf 84' lang='lat' dir='ltr'>jus</span> <span class='ocrx_word' id='word_1_8' title='bbox 1320 225 1536 275; x_wconf 81' lang='lat' dir='ltr'>amicitiae,</span> <span class='ocrx_word' id='word_1_9' title='bbox 1563 224 1742 266; x_wconf 74' lang='lat' dir='ltr'>societa-</span> 
     </span>
     <span class='ocr_line' id='line_1_3' title="bbox 318 280 1740 341; baseline -0.001 -18"><span class='ocrx_word' id='word_1_10' title='bbox 318 284 387 333; x_wconf 86' lang='lat' dir='ltr'>tis,</span> <span class='ocrx_word' id='word_1_11' title='bbox 408 283 629 325; x_wconf 81' lang='lat' dir='ltr'>affinitatis</span> <span class='ocrx_word' id='word_1_12' title='bbox 655 296 876 341; x_wconf 82' lang='lat' dir='ltr'>ageretur3</span> <span class='ocrx_word' id='word_1_13' title='bbox 911 300 1008 327; x_wconf 85' lang='lat' dir='ltr'>cuin</span> <span class='ocrx_word' id='word_1_14' title='bbox 1035 285 1167 326; x_wconf 84' lang='lat' dir='ltr'>officii</span> <span class='ocrx_word' id='word_1_15' title='bbox 1198 283 1403 324; x_wconf 78' lang='lat' dir='ltr'>rationem</span> <span class='ocrx_word' id='word_1_16' title='bbox 1434 293 1560 337; x_wconf 82' lang='lat' dir='ltr'>atque</span> <span class='ocrx_word' id='word_1_17' title='bbox 1590 280 1740 322; x_wconf 79' lang='lat' dir='ltr'>existi-</span> 
     </span>
     <span class='ocr_line' id='line_1_4' title="bbox 316 336 1738 396; baseline -0.001 -16"><span class='ocrx_word' id='word_1_18' title='bbox 316 341 518 381; x_wconf 82' lang='lat' dir='ltr'>mationis</span> <span class='ocrx_word' id='word_1_19' title='bbox 548 341 644 382; x_wconf 88' lang='lat' dir='ltr'>duci</span> <span class='ocrx_word' id='word_1_20' title='bbox 676 342 947 393; x_wconf 73' lang='lat' dir='ltr'>conveniret3</span> <span class='ocrx_word' id='word_1_21' title='bbox 979 357 1029 382; x_wconf 89' lang='lat' dir='ltr'>eo</span> <span class='ocrx_word' id='word_1_22' title='bbox 1056 351 1246 396; x_wconf 82' lang='lat' dir='ltr'>tempore</span> <span class='ocrx_word' id='word_1_23' title='bbox 1269 349 1313 381; x_wconf 85' lang='lat' dir='ltr'>tu</span> <span class='ocrx_word' id='word_1_24' title='bbox 1336 354 1421 381; x_wconf 90' lang='lat' dir='ltr'>non</span> <span class='ocrx_word' id='word_1_25' title='bbox 1451 339 1652 380; x_wconf 88' lang='lat' dir='ltr'>modoad</span> <span class='ocrx_word' id='word_1_26' title='bbox 1685 336 1738 380; x_wconf 88' lang='lat' dir='ltr'>C.</span> 
     </span>
     <span class='ocr_line' id='line_1_5' title="bbox 316 395 1741 452; baseline -0.001 -15"><span class='ocrx_word' id='word_1_27' title='bbox 316 397 566 452; x_wconf 80' lang='lat' dir='ltr'>Aquillium,</span> <span class='ocrx_word' id='word_1_28' title='bbox 589 408 663 439; x_wconf 81' lang='lat' dir='ltr'>aut</span> <span class='ocrx_word' id='word_1_29' title='bbox 686 399 733 439; x_wconf 90' lang='lat' dir='ltr'>L.</span> <span class='ocrx_word' id='word_1_30' title='bbox 769 399 1006 448; x_wconf 84' lang='lat' dir='ltr'>Lucullum,</span> <span class='ocrx_word' id='word_1_31' title='bbox 1038 401 1077 429; x_wconf 84' lang='lat'>50</span> <span class='ocrx_word' id='word_1_32' title='bbox 1095 398 1166 439; x_wconf 90' lang='lat' dir='ltr'>scd</span> <span class='ocrx_word' id='word_1_33' title='bbox 1190 412 1242 438; x_wconf 86' lang='lat' dir='ltr'>nc</span> <span class='ocrx_word' id='word_1_34' title='bbox 1268 398 1406 452; x_wconf 85' lang='lat' dir='ltr'>ipsum</span> <span class='ocrx_word' id='word_1_35' title='bbox 1428 396 1599 451; x_wconf 86' lang='lat' dir='ltr'>quidem</span> <span class='ocrx_word' id='word_1_36' title='bbox 1623 395 1675 436; x_wconf 86' lang='lat' dir='ltr'>ad</span> <span class='ocrx_word' id='word_1_37' title='bbox 1700 403 1741 434; x_wconf 83' lang='lat' dir='ltr'>te</span> 
     </span>
     <span class='ocr_line' id='line_1_6' title="bbox 316 451 1740 510; baseline -0.003 -15"><span class='ocrx_word' id='word_1_38' title='bbox 316 455 518 495; x_wconf 83' lang='lat' dir='ltr'>retulisti:</span> <span class='ocrx_word' id='word_1_39' title='bbox 552 470 604 496; x_wconf 88' lang='lat' dir='ltr'>ne</span> <span class='ocrx_word' id='word_1_40' title='bbox 626 455 719 496; x_wconf 65' lang='lat' dir='ltr'>haec</span> <span class='ocrx_word' id='word_1_41' title='bbox 739 456 912 510; x_wconf 83' lang='lat' dir='ltr'>quidem</span> <span class='ocrx_word' id='word_1_42' title='bbox 938 464 1078 497; x_wconf 88' lang='lat' dir='ltr'>tecum</span> <span class='ocrx_word' id='word_1_43' title='bbox 1107 455 1273 496; x_wconf 87' lang='lat' dir='ltr'>locutus</span> <span class='ocrx_word' id='word_1_44' title='bbox 1294 456 1364 495; x_wconf 81' lang='lat' dir='ltr'>es?</span> <span class='ocrx_word' id='word_1_45' title='bbox 1399 453 1530 495; x_wconf 80' lang='lat' dir='ltr'>Horae</span> <span class='ocrx_word' id='word_1_46' title='bbox 1554 453 1650 494; x_wconf 84' lang='lat' dir='ltr'>duae</span> <span class='ocrx_word' id='word_1_47' title='bbox 1675 451 1740 491; x_wconf 89' lang='lat' dir='ltr'>fu-</span> 
     </span>
     <span class='ocr_line' id='line_1_7' title="bbox 314 507 1738 565; baseline -0.003 -13"><span class='ocrx_word' id='word_1_48' title='bbox 314 523 462 561; x_wconf 85' lang='lat' dir='ltr'>erunt;</span> <span class='ocrx_word' id='word_1_49' title='bbox 502 513 706 558; x_wconf 83' lang='lat' dir='ltr'><strong>Quintius</strong></span> <span class='ocrx_word' id='word_1_50' title='bbox 732 513 783 553; x_wconf 85' lang='lat' dir='ltr'>ad</span> <span class='ocrx_word' id='word_1_51' title='bbox 810 513 1099 554; x_wconf 84' lang='lat' dir='ltr'>vadimonium</span> <span class='ocrx_word' id='word_1_52' title='bbox 1135 527 1217 553; x_wconf 86' lang='lat' dir='ltr'>non</span> <span class='ocrx_word' id='word_1_53' title='bbox 1247 511 1375 552; x_wconf 82' lang='lat' dir='ltr'>venit.</span> <span class='ocrx_word' id='word_1_54' title='bbox 1406 510 1507 565; x_wconf 85' lang='lat' dir='ltr'>quid</span> <span class='ocrx_word' id='word_1_55' title='bbox 1541 511 1652 564; x_wconf 88' lang='lat' dir='ltr'>ago?</span> <span class='ocrx_word' id='word_1_56' title='bbox 1692 507 1738 550; x_wconf 79' lang='lat' dir='ltr'>Si</span> 
     </span>
     <span class='ocr_line' id='line_1_8' title="bbox 314 565 1737 622; baseline -0.003 -14"><span class='ocrx_word' id='word_1_57' title='bbox 314 569 556 609; x_wconf 77' lang='lat' dir='ltr'>mehercule</span> <span class='ocrx_word' id='word_1_58' title='bbox 578 569 671 610; x_wconf 79' lang='lat' dir='ltr'>liaec</span> <span class='ocrx_word' id='word_1_59' title='bbox 695 580 835 610; x_wconf 88' lang='lat' dir='ltr'>tecum</span> <span class='ocrx_word' id='word_1_60' title='bbox 857 569 942 610; x_wconf 90' lang='lat' dir='ltr'>duo</span> <span class='ocrx_word' id='word_1_61' title='bbox 966 569 1095 610; x_wconf 80' lang='lat' dir='ltr'>verba</span> <span class='ocrx_word' id='word_1_62' title='bbox 1117 568 1301 619; x_wconf 81' lang='lat' dir='ltr'>fecisses,</span> <span class='ocrx_word' id='word_1_63' title='bbox 1325 568 1442 614; x_wconf 87' lang='lat' dir='ltr'>Quid</span> <span class='ocrx_word' id='word_1_64' title='bbox 1464 568 1574 622; x_wconf 83' lang='lat' dir='ltr'>ago?</span> <span class='ocrx_word' id='word_1_65' title='bbox 1606 565 1737 620; x_wconf 86' lang='lat' dir='ltr'>respi-</span> 
     </span>
     <span class='ocr_line' id='line_1_9' title="bbox 315 622 1737 682; baseline -0.002 -17"><span class='ocrx_word' id='word_1_66' title='bbox 315 635 447 666; x_wconf 77' lang='lat' dir='ltr'>rasset</span> <span class='ocrx_word' id='word_1_67' title='bbox 468 626 679 682; x_wconf 82' lang='lat' dir='ltr'>cupiditas</span> <span class='ocrx_word' id='word_1_68' title='bbox 704 636 831 680; x_wconf 84' lang='lat' dir='ltr'>atque</span> <span class='ocrx_word' id='word_1_69' title='bbox 854 626 1032 667; x_wconf 81' lang='lat' dir='ltr'>avaritia</span> <span class='ocrx_word' id='word_1_70' title='bbox 1054 625 1310 681; x_wconf 85' lang='lat' dir='ltr'>paullulum:</span> <span class='ocrx_word' id='word_1_71' title='bbox 1342 625 1500 679; x_wconf 80' lang='lat' dir='ltr'>aliquid</span> <span class='ocrx_word' id='word_1_72' title='bbox 1531 622 1613 664; x_wconf 90' lang='lat' dir='ltr'>loci</span> <span class='ocrx_word' id='word_1_73' title='bbox 1636 622 1737 662; x_wconf 87' lang='lat' dir='ltr'>rati-</span> 
     </span>
     <span class='ocr_line' id='line_1_10' title="bbox 313 681 1736 738; baseline -0.004 -15"><span class='ocrx_word' id='word_1_74' title='bbox 313 683 384 723; x_wconf 89' lang='lat' dir='ltr'>oni</span> <span class='ocrx_word' id='word_1_75' title='bbox 409 693 451 722; x_wconf 85' lang='lat' dir='ltr'>ct</span> <span class='ocrx_word' id='word_1_76' title='bbox 481 683 658 723; x_wconf 81' lang='lat' dir='ltr'>consilio</span> <span class='ocrx_word' id='word_1_77' title='bbox 688 683 896 724; x_wconf 77' lang='lat' dir='ltr'>dedisses:</span> <span class='ocrx_word' id='word_1_78' title='bbox 930 693 974 724; x_wconf 92' lang='lat' dir='ltr'>tu</span> <span class='ocrx_word' id='word_1_79' title='bbox 999 694 1039 724; x_wconf 78' lang='lat' dir='ltr'>te</span> <span class='ocrx_word' id='word_1_80' title='bbox 1064 683 1328 738; x_wconf 80' lang='lat' dir='ltr'>collegisses:</span> <span class='ocrx_word' id='word_1_81' title='bbox 1359 696 1442 722; x_wconf 89' lang='lat' dir='ltr'>non</span> <span class='ocrx_word' id='word_1_82' title='bbox 1467 681 1508 721; x_wconf 89' lang='lat' dir='ltr'>in</span> <span class='ocrx_word' id='word_1_83' title='bbox 1531 693 1623 721; x_wconf 84' lang='lat' dir='ltr'>cam</span> <span class='ocrx_word' id='word_1_84' title='bbox 1648 688 1736 719; x_wconf 89' lang='lat' dir='ltr'>tur-</span> 
     </span>
     <span class='ocr_line' id='line_1_11' title="bbox 312 734 1738 795; baseline -0.001 -17"><span class='ocrx_word' id='word_1_85' title='bbox 312 740 550 793; x_wconf 75' lang='lat' dir='ltr'>pitudinem</span> <span class='ocrx_word' id='word_1_86' title='bbox 575 740 774 790; x_wconf 76' lang='lat' dir='ltr'>venisseS,</span> <span class='ocrx_word' id='word_1_87' title='bbox 797 749 843 781; x_wconf 90' lang='lat' dir='ltr'>ut</span> <span class='ocrx_word' id='word_1_88' title='bbox 867 740 948 783; x_wconf 78' lang='lat' dir='ltr'>lioc</span> <span class='ocrx_word' id='word_1_89' title='bbox 972 740 1050 781; x_wconf 90' lang='lat' dir='ltr'>tibi</span> <span class='ocrx_word' id='word_1_90' title='bbox 1073 750 1182 781; x_wconf 86' lang='lat' dir='ltr'>esset</span> <span class='ocrx_word' id='word_1_91' title='bbox 1203 739 1316 795; x_wconf 83' lang='lat' dir='ltr'>apud</span> <span class='ocrx_word' id='word_1_92' title='bbox 1340 738 1442 780; x_wconf 83' lang='lat' dir='ltr'>tales</span> <span class='ocrx_word' id='word_1_93' title='bbox 1466 737 1576 779; x_wconf 80' lang='lat' dir='ltr'>viros</span> <span class='ocrx_word' id='word_1_94' title='bbox 1602 734 1738 777; x_wconf 89' lang='lat' dir='ltr'>confi-</span> 
     </span>
     <span class='ocr_line' id='line_1_12' title="bbox 313 794 1734 851; baseline -0.002 -16"><span class='ocrx_word' id='word_1_95' title='bbox 313 795 502 846; x_wconf 85' lang='lat' dir='ltr'>tendum,</span> <span class='ocrx_word' id='word_1_96' title='bbox 533 811 617 851; x_wconf 88' lang='lat' dir='ltr'>qua</span> <span class='ocrx_word' id='word_1_97' title='bbox 651 797 730 838; x_wconf 82' lang='lat' dir='ltr'>tibi</span> <span class='ocrx_word' id='word_1_98' title='bbox 766 798 1055 839; x_wconf 79' lang='lat' dir='ltr'>vadimonium</span> <span class='ocrx_word' id='word_1_99' title='bbox 1091 812 1176 838; x_wconf 89' lang='lat' dir='ltr'>nou</span> <span class='ocrx_word' id='word_1_100' title='bbox 1208 799 1263 838; x_wconf 83' lang='lat' dir='ltr'>sit</span> <span class='ocrx_word' id='word_1_101' title='bbox 1298 796 1479 845; x_wconf 87' lang='lat' dir='ltr'>obitum,</span> <span class='ocrx_word' id='word_1_102' title='bbox 1509 794 1658 835; x_wconf 83' lang='lat' dir='ltr'>eadem</span> <span class='ocrx_word' id='word_1_103' title='bbox 1693 801 1734 833; x_wconf 89' lang='lat' dir='ltr'>te</span> 
     </span>
     <span class='ocr_line' id='line_1_13' title="bbox 312 849 1737 910; baseline -0.003 -17"><span class='ocrx_word' id='word_1_104' title='bbox 312 852 418 893; x_wconf 82' lang='lat' dir='ltr'>liora</span> <span class='ocrx_word' id='word_1_105' title='bbox 445 854 670 894; x_wconf 77' lang='lat' dir='ltr'>eonsilium</span> <span class='ocrx_word' id='word_1_106' title='bbox 701 855 878 910; x_wconf 77' lang='lat' dir='ltr'>cepisse,</span> <span class='ocrx_word' id='word_1_107' title='bbox 901 854 1088 896; x_wconf 87' lang='lat' dir='ltr'>hominis</span> <span class='ocrx_word' id='word_1_108' title='bbox 1113 853 1340 910; x_wconf 86' lang='lat' dir='ltr'>propinqui</span> <span class='ocrx_word' id='word_1_109' title='bbox 1374 852 1564 892; x_wconf 84' lang='lat' dir='ltr'>fortunas</span> <span class='ocrx_word' id='word_1_110' title='bbox 1595 849 1737 891; x_wconf 86' lang='lat' dir='ltr'>fund-i-</span> 
     </span>
     <span class='ocr_line' id='line_1_14' title="bbox 233 896 1735 967; baseline -0.002 -18"><span class='ocrx_word' id='word_1_111' title='bbox 233 896 295 948; x_wconf 79' lang='grc'>17</span> <span class='ocrx_word' id='word_1_112' title='bbox 314 919 379 950; x_wconf 87' lang='lat' dir='ltr'>tus</span> <span class='ocrx_word' id='word_1_113' title='bbox 403 921 604 951; x_wconf 75' lang='lat' dir='ltr'>evertere.</span> <span class='ocrx_word' id='word_1_114' title='bbox 665 910 759 967; x_wconf 79' lang='lat' dir='ltr'>Ego</span> <span class='ocrx_word' id='word_1_115' title='bbox 791 915 825 942; x_wconf 84' lang='lat'>⁵¹</span> <span class='ocrx_word' id='word_1_116' title='bbox 845 927 920 967; x_wconf 91' lang='lat' dir='ltr'>pro</span> <span class='ocrx_word' id='word_1_117' title='bbox 940 922 980 953; x_wconf 87' lang='lat' dir='ltr'>te</span> <span class='ocrx_word' id='word_1_118' title='bbox 1003 907 1115 952; x_wconf 84' lang='lat' dir='ltr'>nunc</span> <span class='ocrx_word' id='word_1_119' title='bbox 1135 911 1216 952; x_wconf 85' lang='lat' dir='ltr'>hoc</span> <span class='ocrx_word' id='word_1_120' title='bbox 1238 910 1430 960; x_wconf 87' lang='lat' dir='ltr'>consulo,</span> <span class='ocrx_word' id='word_1_121' title='bbox 1448 916 1548 964; x_wconf 83' lang='lat' dir='ltr'>post</span> <span class='ocrx_word' id='word_1_122' title='bbox 1568 916 1735 962; x_wconf 77' lang='lat' dir='ltr'>tempus</span> 
     </span>
     <span class='ocr_line' id='line_1_15' title="bbox 245 967 1735 1023; baseline -0.002 -16"><span class='ocrx_word' id='word_1_123' title='bbox 245 968 299 1003; x_wconf 67' lang='lat'>54</span> <span class='ocrx_word' id='word_1_124' title='bbox 313 976 353 1007; x_wconf 92' lang='lat' dir='ltr'>et</span> <span class='ocrx_word' id='word_1_125' title='bbox 378 967 420 1007; x_wconf 90' lang='lat' dir='ltr'>in</span> <span class='ocrx_word' id='word_1_126' title='bbox 442 967 579 1008; x_wconf 85' lang='lat' dir='ltr'>aliena</span> <span class='ocrx_word' id='word_1_127' title='bbox 607 983 665 1019; x_wconf 89' lang='lat' dir='ltr'>re,</span> <span class='ocrx_word' id='word_1_128' title='bbox 688 969 803 1023; x_wconf 87' lang='lat' dir='ltr'>quod</span> <span class='ocrx_word' id='word_1_129' title='bbox 835 978 880 1009; x_wconf 93' lang='lat' dir='ltr'>tu</span> <span class='ocrx_word' id='word_1_130' title='bbox 904 970 945 1009; x_wconf 89' lang='lat' dir='ltr'>in</span> <span class='ocrx_word' id='word_1_131' title='bbox 970 977 1042 1009; x_wconf 89' lang='lat' dir='ltr'>tua</span> <span class='ocrx_word' id='word_1_132' title='bbox 1062 983 1121 1018; x_wconf 90' lang='lat' dir='ltr'>re,</span> <span class='ocrx_word' id='word_1_133' title='bbox 1143 983 1242 1009; x_wconf 89' lang='lat' dir='ltr'>cum</span> <span class='ocrx_word' id='word_1_134' title='bbox 1268 978 1434 1023; x_wconf 87' lang='lat' dir='ltr'>tempus</span> <span class='ocrx_word' id='word_1_135' title='bbox 1456 973 1560 1015; x_wconf 82' lang='lat' dir='ltr'>erat,</span> <span class='ocrx_word' id='word_1_136' title='bbox 1581 977 1735 1005; x_wconf 87' lang='lat' dir='ltr'>consu-</span> 
     </span>
     <span class='ocr_line' id='line_1_16' title="bbox 314 1019 1734 1079; baseline -0.003 -15"><span class='ocrx_word' id='word_1_137' title='bbox 314 1024 397 1065; x_wconf 83' lang='lat' dir='ltr'>lere</span> <span class='ocrx_word' id='word_1_138' title='bbox 421 1025 580 1065; x_wconf 83' lang='lat' dir='ltr'>oblitus</span> <span class='ocrx_word' id='word_1_139' title='bbox 602 1040 660 1065; x_wconf 86' lang='lat' dir='ltr'>es.</span> <span class='ocrx_word' id='word_1_140' title='bbox 721 1025 882 1072; x_wconf 81' lang='lat' dir='ltr'>Quaero</span> <span class='ocrx_word' id='word_1_141' title='bbox 913 1026 988 1067; x_wconf 88' lang='lat' dir='ltr'>abs</span> <span class='ocrx_word' id='word_1_142' title='bbox 1015 1036 1070 1075; x_wconf 87' lang='lat' dir='ltr'>te,</span> <span class='ocrx_word' id='word_1_143' title='bbox 1102 1025 1154 1066; x_wconf 92' lang='lat' dir='ltr'>C.</span> <span class='ocrx_word' id='word_1_144' title='bbox 1185 1024 1361 1079; x_wconf 89' lang='lat' dir='ltr'>Aquilli,</span> <span class='ocrx_word' id='word_1_145' title='bbox 1392 1023 1439 1064; x_wconf 88' lang='lat' dir='ltr'>L.</span> <span class='ocrx_word' id='word_1_146' title='bbox 1468 1019 1657 1070; x_wconf 88' lang='lat' dir='ltr'>Luculle,</span> <span class='ocrx_word' id='word_1_147' title='bbox 1682 1019 1734 1062; x_wconf 81' lang='lat' dir='ltr'>P.</span> 
     </span>
     <span class='ocr_line' id='line_1_17' title="bbox 316 1077 1736 1133; baseline -0.002 -13"><span class='ocrx_word' id='word_1_148' title='bbox 316 1081 515 1131; x_wconf 77' lang='lat' dir='ltr'>Quintili,</span> <span class='ocrx_word' id='word_1_149' title='bbox 536 1081 602 1122; x_wconf 86' lang='lat' dir='ltr'>M.</span> <span class='ocrx_word' id='word_1_150' title='bbox 627 1081 854 1124; x_wconf 83' lang='lat' dir='ltr'>Marcelle:</span> <span class='ocrx_word' id='word_1_151' title='bbox 878 1082 1170 1123; x_wconf 81' lang='lat' dir='ltr'>vadimonium</span> <span class='ocrx_word' id='word_1_152' title='bbox 1191 1082 1299 1123; x_wconf 82' lang='lat' dir='ltr'>mihi</span> <span class='ocrx_word' id='word_1_153' title='bbox 1320 1095 1406 1121; x_wconf 86' lang='lat' dir='ltr'>non</span> <span class='ocrx_word' id='word_1_154' title='bbox 1430 1079 1542 1120; x_wconf 86' lang='lat' dir='ltr'>obiit</span> <span class='ocrx_word' id='word_1_155' title='bbox 1561 1077 1736 1133; x_wconf 84' lang='lat' dir='ltr'>quidam</span> 
     </span>
    </p>

    <p class='ocr_par' dir='ltr' id='par_1_3' title="bbox 200 1136 1742 2392">
     <span class='ocr_line' id='line_1_18' title="bbox 200 1136 1742 1194; baseline -0.003 -16"><span class='ocrx_word' id='word_1_156' title='bbox 200 1143 232 1174; x_wconf 81' lang='lat' dir='ltr'>P·</span> <span class='ocrx_word' id='word_1_157' title='bbox 249 1136 298 1163; x_wconf 89' lang='lat'>¹0·</span> <span class='ocrx_word' id='word_1_158' title='bbox 314 1138 452 1178; x_wconf 80' lang='lat' dir='ltr'>socius</span> <span class='ocrx_word' id='word_1_159' title='bbox 475 1149 518 1178; x_wconf 87' lang='lat' dir='ltr'>et</span> <span class='ocrx_word' id='word_1_160' title='bbox 540 1139 679 1179; x_wconf 83' lang='lat' dir='ltr'>affinis</span> <span class='ocrx_word' id='word_1_161' title='bbox 703 1153 837 1190; x_wconf 64' lang='lat' dir='ltr'>mem,</span> <span class='ocrx_word' id='word_1_162' title='bbox 861 1139 1035 1194; x_wconf 88' lang='lat' dir='ltr'>quicum</span> <span class='ocrx_word' id='word_1_163' title='bbox 1057 1138 1163 1180; x_wconf 80' lang='lat' dir='ltr'>mihi</span> <span class='ocrx_word' id='word_1_164' title='bbox 1186 1136 1456 1180; x_wconf 82' lang='lat' dir='ltr'>necessitudo</span> <span class='ocrx_word' id='word_1_165' title='bbox 1477 1146 1614 1186; x_wconf 76' lang='lat' dir='ltr'>vetuS,</span> <span class='ocrx_word' id='word_1_166' title='bbox 1634 1148 1742 1176; x_wconf 79' lang='lat' dir='ltr'>con-</span> 
     </span>
     <span class='ocr_line' id='line_1_19' title="bbox 269 1186 1737 1251; baseline -0.002 -17"><span class='ocrx_word' id='word_1_167' title='bbox 269 1186 297 1205; x_wconf 55' lang='grc' dir='ltr'>ἃ·</span> <span class='ocrx_word' id='word_1_168' title='bbox 311 1195 516 1236; x_wconf 82' lang='lat' dir='ltr'>troversia</span> <span class='ocrx_word' id='word_1_169' title='bbox 547 1195 599 1236; x_wconf 91' lang='lat' dir='ltr'>de</span> <span class='ocrx_word' id='word_1_170' title='bbox 633 1210 675 1236; x_wconf 91' lang='lat' dir='ltr'>re</span> <span class='ocrx_word' id='word_1_171' title='bbox 709 1197 955 1251; x_wconf 82' lang='lat' dir='ltr'>pecuniaria</span> <span class='ocrx_word' id='word_1_172' title='bbox 987 1211 1132 1238; x_wconf 88' lang='lat' dir='ltr'>recens</span> <span class='ocrx_word' id='word_1_173' title='bbox 1170 1193 1411 1236; x_wconf 81' lang='lat' dir='ltr'>intercedit.</span> <span class='ocrx_word' id='word_1_174' title='bbox 1449 1191 1674 1250; x_wconf 79' lang='lat' dir='ltr'>postulone</span> <span class='ocrx_word' id='word_1_175' title='bbox 1710 1205 1737 1230; x_wconf 86' lang='lat' dir='ltr'>a</span> 
     </span>
     <span class='ocr_line' id='line_1_20' title="bbox 310 1248 1733 1309; baseline -0.003 -17"><span class='ocrx_word' id='word_1_176' title='bbox 310 1261 508 1306; x_wconf 67' lang='lat' dir='ltr'>praetore,</span> <span class='ocrx_word' id='word_1_177' title='bbox 533 1263 579 1293; x_wconf 88' lang='lat' dir='ltr'>ut</span> <span class='ocrx_word' id='word_1_178' title='bbox 595 1253 687 1308; x_wconf 84' lang='lat' dir='ltr'>ejus</span> <span class='ocrx_word' id='word_1_179' title='bbox 709 1254 821 1294; x_wconf 85' lang='lat' dir='ltr'>bona</span> <span class='ocrx_word' id='word_1_180' title='bbox 838 1253 944 1294; x_wconf 88' lang='lat' dir='ltr'>mihi</span> <span class='ocrx_word' id='word_1_181' title='bbox 965 1253 1178 1309; x_wconf 87' lang='lat' dir='ltr'>possidere</span> <span class='ocrx_word' id='word_1_182' title='bbox 1195 1252 1349 1294; x_wconf 87' lang='lat' dir='ltr'>liceat?</span> <span class='ocrx_word' id='word_1_183' title='bbox 1374 1265 1443 1302; x_wconf 88' lang='lat' dir='ltr'>an,</span> <span class='ocrx_word' id='word_1_184' title='bbox 1462 1264 1560 1291; x_wconf 88' lang='lat' dir='ltr'>cum</span> <span class='ocrx_word' id='word_1_185' title='bbox 1581 1248 1733 1289; x_wconf 86' lang='lat' dir='ltr'>Romae</span> 
     </span>
     <span class='ocr_line' id='line_1_21' title="bbox 307 1304 1734 1365; baseline -0.002 -17"><span class='ocrx_word' id='word_1_186' title='bbox 307 1308 460 1349; x_wconf 86' lang='lat' dir='ltr'>domus</span> <span class='ocrx_word' id='word_1_187' title='bbox 495 1309 603 1364; x_wconf 58' lang='lat' dir='ltr'>ejus,</span> <span class='ocrx_word' id='word_1_188' title='bbox 634 1325 758 1360; x_wconf 85' lang='lat' dir='ltr'>uxor,</span> <span class='ocrx_word' id='word_1_189' title='bbox 790 1309 910 1351; x_wconf 89' lang='lat' dir='ltr'>liberi</span> <span class='ocrx_word' id='word_1_190' title='bbox 942 1311 1042 1361; x_wconf 86' lang='lat' dir='ltr'>sint,</span> <span class='ocrx_word' id='word_1_191' title='bbox 1074 1311 1249 1352; x_wconf 89' lang='lat' dir='ltr'>domum</span> <span class='ocrx_word' id='word_1_192' title='bbox 1281 1308 1423 1365; x_wconf 90' lang='lat' dir='ltr'>potius</span> <span class='ocrx_word' id='word_1_193' title='bbox 1453 1304 1734 1348; x_wconf 81' lang='lat' dir='ltr'>denuntiem?</span> 
     </span>
     <span class='ocr_line' id='line_1_22' title="bbox 310 1361 1734 1422; baseline -0.002 -17"><span class='ocrx_word' id='word_1_194' title='bbox 310 1365 426 1412; x_wconf 88' lang='lat' dir='ltr'>Quid</span> <span class='ocrx_word' id='word_1_195' title='bbox 450 1377 529 1416; x_wconf 87' lang='lat' dir='ltr'>est,</span> <span class='ocrx_word' id='word_1_196' title='bbox 550 1367 661 1421; x_wconf 91' lang='lat' dir='ltr'>quod</span> <span class='ocrx_word' id='word_1_197' title='bbox 687 1367 768 1408; x_wconf 90' lang='lat' dir='ltr'>hac</span> <span class='ocrx_word' id='word_1_198' title='bbox 794 1367 966 1408; x_wconf 85' lang='lat' dir='ltr'>tandem</span> <span class='ocrx_word' id='word_1_199' title='bbox 989 1367 1041 1408; x_wconf 89' lang='lat' dir='ltr'>de</span> <span class='ocrx_word' id='word_1_200' title='bbox 1063 1382 1106 1408; x_wconf 89' lang='lat' dir='ltr'>re</span> <span class='ocrx_word' id='word_1_201' title='bbox 1130 1367 1252 1408; x_wconf 80' lang='lat' dir='ltr'>vobis</span> <span class='ocrx_word' id='word_1_202' title='bbox 1275 1364 1411 1422; x_wconf 82' lang='lat' dir='ltr'>possit</span> <span class='ocrx_word' id='word_1_203' title='bbox 1433 1363 1597 1405; x_wconf 84' lang='lat' dir='ltr'>videri?</span> <span class='ocrx_word' id='word_1_204' title='bbox 1629 1361 1734 1403; x_wconf 88' lang='lat' dir='ltr'>Pro-</span> 
     </span>
     <span class='ocr_line' id='line_1_23' title="bbox 308 1419 1735 1479; baseline -0.002 -17"><span class='ocrx_word' id='word_1_205' title='bbox 308 1423 424 1463; x_wconf 72' lang='lat' dir='ltr'>fecto</span> <span class='ocrx_word' id='word_1_206' title='bbox 447 1423 477 1463; x_wconf 87' lang='lat' dir='ltr'>si</span> <span class='ocrx_word' id='word_1_207' title='bbox 504 1434 617 1464; x_wconf 87' lang='lat' dir='ltr'>reete</span> <span class='ocrx_word' id='word_1_208' title='bbox 638 1437 819 1465; x_wconf 83' lang='lat' dir='ltr'>vestram</span> <span class='ocrx_word' id='word_1_209' title='bbox 840 1424 1075 1466; x_wconf 83' lang='lat' dir='ltr'>bonitatem</span> <span class='ocrx_word' id='word_1_210' title='bbox 1098 1432 1226 1479; x_wconf 88' lang='lat' dir='ltr'>atque</span> <span class='ocrx_word' id='word_1_211' title='bbox 1244 1421 1515 1479; x_wconf 79' lang='lat' dir='ltr'>prudentiam</span> <span class='ocrx_word' id='word_1_212' title='bbox 1533 1419 1735 1475; x_wconf 87' lang='lat' dir='ltr'>cognovi,</span> 
     </span>
     <span class='ocr_line' id='line_1_24' title="bbox 307 1475 1732 1536; baseline -0.004 -16"><span class='ocrx_word' id='word_1_213' title='bbox 307 1494 393 1520; x_wconf 88' lang='lat' dir='ltr'>non</span> <span class='ocrx_word' id='word_1_214' title='bbox 412 1480 593 1520; x_wconf 87' lang='lat' dir='ltr'>multum</span> <span class='ocrx_word' id='word_1_215' title='bbox 616 1496 683 1521; x_wconf 90' lang='lat' dir='ltr'>me</span> <span class='ocrx_word' id='word_1_216' title='bbox 705 1480 827 1532; x_wconf 86' lang='lat' dir='ltr'>fallit,</span> <span class='ocrx_word' id='word_1_217' title='bbox 850 1482 883 1521; x_wconf 91' lang='lat' dir='ltr'>si</span> <span class='ocrx_word' id='word_1_218' title='bbox 906 1481 1204 1532; x_wconf 83' lang='lat' dir='ltr'>consulamini,</span> <span class='ocrx_word' id='word_1_219' title='bbox 1226 1480 1330 1536; x_wconf 92' lang='lat' dir='ltr'>quid</span> <span class='ocrx_word' id='word_1_220' title='bbox 1351 1478 1443 1520; x_wconf 89' lang='lat' dir='ltr'>sitis</span> <span class='ocrx_word' id='word_1_221' title='bbox 1464 1475 1732 1533; x_wconf 83' lang='lat' dir='ltr'>responsuri:</span> 
     </span>
     <span class='ocr_line' id='line_1_25' title="bbox 307 1532 1734 1596; baseline -0.003 -19"><span class='ocrx_word' id='word_1_222' title='bbox 307 1537 506 1592; x_wconf 86' lang='lat' dir='ltr'>primum,</span> <span class='ocrx_word' id='word_1_223' title='bbox 528 1549 798 1593; x_wconf 76' lang='lat' dir='ltr'>exspectare:</span> <span class='ocrx_word' id='word_1_224' title='bbox 830 1538 998 1590; x_wconf 84' lang='lat' dir='ltr'>deinde,</span> <span class='ocrx_word' id='word_1_225' title='bbox 1017 1539 1051 1579; x_wconf 88' lang='lat' dir='ltr'>si</span> <span class='ocrx_word' id='word_1_226' title='bbox 1073 1538 1239 1579; x_wconf 84' lang='lat' dir='ltr'>latitare</span> <span class='ocrx_word' id='word_1_227' title='bbox 1260 1552 1310 1578; x_wconf 87' lang='lat' dir='ltr'>ae</span> <span class='ocrx_word' id='word_1_228' title='bbox 1333 1535 1493 1577; x_wconf 87' lang='lat' dir='ltr'>diutius</span> <span class='ocrx_word' id='word_1_229' title='bbox 1515 1532 1734 1596; x_wconf 71' lang='lat' dir='ltr'>ludificare</span> 
     </span>
     <span class='ocr_line' id='line_1_26' title="bbox 306 1594 1732 1651; baseline -0.002 -18"><span class='ocrx_word' id='word_1_230' title='bbox 306 1594 513 1645; x_wconf 75' lang='lat' dir='ltr'>videatur,</span> <span class='ocrx_word' id='word_1_231' title='bbox 543 1596 702 1635; x_wconf 85' lang='lat' dir='ltr'>amicos</span> <span class='ocrx_word' id='word_1_232' title='bbox 727 1595 980 1637; x_wconf 79' lang='lat' dir='ltr'>convenire:</span> <span class='ocrx_word' id='word_1_233' title='bbox 1012 1609 1216 1651; x_wconf 83' lang='lat' dir='ltr'>quaerere,</span> <span class='ocrx_word' id='word_1_234' title='bbox 1246 1594 1341 1649; x_wconf 89' lang='lat' dir='ltr'>quis</span> <span class='ocrx_word' id='word_1_235' title='bbox 1370 1599 1620 1648; x_wconf 87' lang='lat' dir='ltr'>procurator</span> <span class='ocrx_word' id='word_1_236' title='bbox 1649 1598 1732 1631; x_wconf 80' lang='lat' dir='ltr'>sit:</span> 
     </span>
     <span class='ocr_line' id='line_1_27' title="bbox 305 1648 1731 1708; baseline -0.003 -17"><span class='ocrx_word' id='word_1_237' title='bbox 305 1651 480 1691; x_wconf 88' lang='lat' dir='ltr'>domum</span> <span class='ocrx_word' id='word_1_238' title='bbox 510 1651 773 1693; x_wconf 83' lang='lat' dir='ltr'>denuntiare.</span> <span class='ocrx_word' id='word_1_239' title='bbox 804 1652 889 1693; x_wconf 88' lang='lat' dir='ltr'>dici</span> <span class='ocrx_word' id='word_1_240' title='bbox 914 1653 987 1693; x_wconf 84' lang='lat' dir='ltr'>vix</span> <span class='ocrx_word' id='word_1_241' title='bbox 1015 1660 1171 1708; x_wconf 87' lang='lat' dir='ltr'>potest,</span> <span class='ocrx_word' id='word_1_242' title='bbox 1192 1665 1321 1706; x_wconf 78' lang='lat' dir='ltr'>quam</span> <span class='ocrx_word' id='word_1_243' title='bbox 1348 1649 1485 1691; x_wconf 86' lang='lat' dir='ltr'>multa</span> <span class='ocrx_word' id='word_1_244' title='bbox 1509 1648 1608 1699; x_wconf 89' lang='lat' dir='ltr'>sint,</span> <span class='ocrx_word' id='word_1_245' title='bbox 1634 1661 1731 1702; x_wconf 87' lang='lat' dir='ltr'>quae</span> 
     </span>
     <span class='ocr_line' id='line_1_28' title="bbox 306 1705 1732 1765; baseline -0.003 -17"><span class='ocrx_word' id='word_1_246' title='bbox 306 1709 596 1764; x_wconf 75' lang='lat' dir='ltr'>respondeatis</span> <span class='ocrx_word' id='word_1_247' title='bbox 630 1719 728 1750; x_wconf 85' lang='lat' dir='ltr'>ante</span> <span class='ocrx_word' id='word_1_248' title='bbox 763 1709 851 1750; x_wconf 83' lang='lat' dir='ltr'>fieri</span> <span class='ocrx_word' id='word_1_249' title='bbox 883 1719 1094 1765; x_wconf 82' lang='lat' dir='ltr'>oportere,</span> <span class='ocrx_word' id='word_1_250' title='bbox 1129 1723 1255 1764; x_wconf 86' lang='lat' dir='ltr'>quam</span> <span class='ocrx_word' id='word_1_251' title='bbox 1291 1707 1343 1748; x_wconf 89' lang='lat' dir='ltr'>ad</span> <span class='ocrx_word' id='word_1_252' title='bbox 1377 1707 1488 1748; x_wconf 86' lang='lat' dir='ltr'>hanc</span> <span class='ocrx_word' id='word_1_253' title='bbox 1521 1705 1732 1746; x_wconf 85' lang='lat' dir='ltr'>rationem</span> 
     </span>
     <span class='ocr_line' id='line_1_29' title="bbox 233 1761 1732 1811; baseline -0.002 -6"><span class='ocrx_word' id='word_1_254' title='bbox 233 1771 285 1806; x_wconf 82' lang='lat'>55</span> <span class='ocrx_word' id='word_1_255' title='bbox 306 1767 345 1795; x_wconf 68' lang='lat'>52¹</span> <span class='ocrx_word' id='word_1_256' title='bbox 359 1775 595 1806; x_wconf 79' lang='lat' dir='ltr'>extremam</span> <span class='ocrx_word' id='word_1_257' title='bbox 619 1767 897 1807; x_wconf 85' lang='lat' dir='ltr'>necessariam</span> <span class='ocrx_word' id='word_1_258' title='bbox 919 1767 1132 1808; x_wconf 85' lang='lat' dir='ltr'>devenire.</span> <span class='ocrx_word' id='word_1_259' title='bbox 1193 1765 1311 1811; x_wconf 86' lang='lat' dir='ltr'>Quid</span> <span class='ocrx_word' id='word_1_260' title='bbox 1333 1764 1385 1805; x_wconf 90' lang='lat' dir='ltr'>ad</span> <span class='ocrx_word' id='word_1_261' title='bbox 1408 1763 1503 1804; x_wconf 87' lang='lat' dir='ltr'>haec</span> <span class='ocrx_word' id='word_1_262' title='bbox 1525 1761 1732 1803; x_wconf 85' lang='lat' dir='ltr'>Naevius?</span> 
     </span>
     <span class='ocr_line' id='line_1_30' title="bbox 306 1819 1732 1878; baseline -0.001 -17"><span class='ocrx_word' id='word_1_263' title='bbox 306 1821 414 1863; x_wconf 88' lang='lat' dir='ltr'>ridet</span> <span class='ocrx_word' id='word_1_264' title='bbox 444 1823 607 1863; x_wconf 87' lang='lat' dir='ltr'>scilicet</span> <span class='ocrx_word' id='word_1_265' title='bbox 637 1833 824 1864; x_wconf 84' lang='lat' dir='ltr'>nostram</span> <span class='ocrx_word' id='word_1_266' title='bbox 855 1823 1102 1874; x_wconf 84' lang='lat' dir='ltr'>amentiam,</span> <span class='ocrx_word' id='word_1_267' title='bbox 1126 1823 1200 1878; x_wconf 90' lang='lat' dir='ltr'>qui</span> <span class='ocrx_word' id='word_1_268' title='bbox 1227 1823 1268 1863; x_wconf 89' lang='lat' dir='ltr'>in</span> <span class='ocrx_word' id='word_1_269' title='bbox 1301 1822 1391 1862; x_wconf 88' lang='lat' dir='ltr'>vita</span> <span class='ocrx_word' id='word_1_270' title='bbox 1417 1834 1493 1861; x_wconf 85' lang='lat' dir='ltr'>sua</span> <span class='ocrx_word' id='word_1_271' title='bbox 1520 1819 1732 1860; x_wconf 87' lang='lat' dir='ltr'>rationem</span> 
     </span>
     <span class='ocr_line' id='line_1_31' title="bbox 305 1876 1733 1932; baseline -0.002 -13"><span class='ocrx_word' id='word_1_272' title='bbox 305 1880 457 1919; x_wconf 82' lang='lat' dir='ltr'>summi</span> <span class='ocrx_word' id='word_1_273' title='bbox 478 1880 609 1920; x_wconf 83' lang='lat' dir='ltr'>officii</span> <span class='ocrx_word' id='word_1_274' title='bbox 629 1881 929 1932; x_wconf 81' lang='lat' dir='ltr'>desideremus,</span> <span class='ocrx_word' id='word_1_275' title='bbox 944 1889 986 1921; x_wconf 87' lang='lat' dir='ltr'>et</span> <span class='ocrx_word' id='word_1_276' title='bbox 1009 1880 1207 1921; x_wconf 87' lang='lat' dir='ltr'>instituta</span> <span class='ocrx_word' id='word_1_277' title='bbox 1224 1879 1435 1920; x_wconf 89' lang='lat' dir='ltr'>bonorum</span> <span class='ocrx_word' id='word_1_278' title='bbox 1458 1876 1644 1918; x_wconf 85' lang='lat' dir='ltr'>virorum</span> <span class='ocrx_word' id='word_1_279' title='bbox 1667 1890 1733 1917; x_wconf 88' lang='lat' dir='ltr'>re-</span> 
     </span>
     <span class='ocr_line' id='line_1_32' title="bbox 305 1933 1731 1993; baseline -0.001 -18"><span class='ocrx_word' id='word_1_280' title='bbox 305 1937 536 1990; x_wconf 80' lang='lat' dir='ltr'>quiramus.</span> <span class='ocrx_word' id='word_1_281' title='bbox 589 1937 707 1983; x_wconf 84' lang='lat' dir='ltr'>Quid</span> <span class='ocrx_word' id='word_1_282' title='bbox 726 1937 847 1988; x_wconf 89' lang='lat' dir='ltr'>mihi,</span> <span class='ocrx_word' id='word_1_283' title='bbox 867 1938 1020 1993; x_wconf 87' lang='lat' dir='ltr'>inquit,</span> <span class='ocrx_word' id='word_1_284' title='bbox 1039 1952 1138 1979; x_wconf 87' lang='lat' dir='ltr'>cum</span> <span class='ocrx_word' id='word_1_285' title='bbox 1161 1937 1242 1977; x_wconf 85' lang='lat' dir='ltr'>ista</span> <span class='ocrx_word' id='word_1_286' title='bbox 1263 1950 1430 1977; x_wconf 87' lang='lat' dir='ltr'>summa</span> <span class='ocrx_word' id='word_1_287' title='bbox 1447 1933 1731 1974; x_wconf 83' lang='lat' dir='ltr'>sanctimonia</span> 
     </span>
     <span class='ocr_line' id='line_1_33' title="bbox 304 1990 1730 2051; baseline -0.001 -18"><span class='ocrx_word' id='word_1_288' title='bbox 304 2007 353 2033; x_wconf 88' lang='lat' dir='ltr'>ac</span> <span class='ocrx_word' id='word_1_289' title='bbox 375 1993 625 2049; x_wconf 74' lang='lat' dir='ltr'>diligentia?</span> <span class='ocrx_word' id='word_1_290' title='bbox 659 1994 854 2046; x_wconf 71' lang='lat' dir='ltr'>viderint,</span> <span class='ocrx_word' id='word_1_291' title='bbox 878 1995 1031 2051; x_wconf 89' lang='lat' dir='ltr'>inquit,</span> <span class='ocrx_word' id='word_1_292' title='bbox 1055 1995 1136 2035; x_wconf 85' lang='lat' dir='ltr'>ista</span> <span class='ocrx_word' id='word_1_293' title='bbox 1159 1993 1304 2034; x_wconf 88' lang='lat' dir='ltr'>officia</span> <span class='ocrx_word' id='word_1_294' title='bbox 1324 1992 1403 2033; x_wconf 87' lang='lat' dir='ltr'>viri</span> <span class='ocrx_word' id='word_1_295' title='bbox 1427 1990 1553 2033; x_wconf 86' lang='lat' dir='ltr'>boni:</span> <span class='ocrx_word' id='word_1_296' title='bbox 1585 1990 1638 2031; x_wconf 89' lang='lat' dir='ltr'>de</span> <span class='ocrx_word' id='word_1_297' title='bbox 1660 2005 1730 2032; x_wconf 85' lang='lat' dir='ltr'>me</span> 
     </span>
     <span class='ocr_line' id='line_1_34' title="bbox 304 2046 1730 2108; baseline -0.002 -18"><span class='ocrx_word' id='word_1_298' title='bbox 304 2058 447 2091; x_wconf 83' lang='lat' dir='ltr'>autem</span> <span class='ocrx_word' id='word_1_299' title='bbox 467 2052 526 2091; x_wconf 91' lang='lat' dir='ltr'>ita</span> <span class='ocrx_word' id='word_1_300' title='bbox 546 2051 836 2093; x_wconf 89' lang='lat' dir='ltr'>considerent:</span> <span class='ocrx_word' id='word_1_301' title='bbox 868 2066 970 2103; x_wconf 91' lang='lat' dir='ltr'>non,</span> <span class='ocrx_word' id='word_1_302' title='bbox 991 2051 1095 2108; x_wconf 86' lang='lat' dir='ltr'>quid</span> <span class='ocrx_word' id='word_1_303' title='bbox 1113 2050 1310 2101; x_wconf 84' lang='lat' dir='ltr'>habeam,</span> <span class='ocrx_word' id='word_1_304' title='bbox 1333 2049 1405 2090; x_wconf 88' lang='lat' dir='ltr'>sed</span> <span class='ocrx_word' id='word_1_305' title='bbox 1426 2047 1582 2104; x_wconf 89' lang='lat' dir='ltr'>quibus</span> <span class='ocrx_word' id='word_1_306' title='bbox 1604 2046 1730 2088; x_wconf 87' lang='lat' dir='ltr'>rebus</span> 
     </span>
     <span class='ocr_line' id='line_1_35' title="bbox 305 2107 1729 2164; baseline -0.001 -18"><span class='ocrx_word' id='word_1_307' title='bbox 305 2107 554 2158; x_wconf 81' lang='lat' dir='ltr'>invenerim,</span> <span class='ocrx_word' id='word_1_308' title='bbox 576 2118 795 2163; x_wconf 88' lang='lat' dir='ltr'>quaerant;</span> <span class='ocrx_word' id='word_1_309' title='bbox 825 2118 868 2149; x_wconf 91' lang='lat' dir='ltr'>et</span> <span class='ocrx_word' id='word_1_310' title='bbox 889 2108 1250 2164; x_wconf 80' lang='lat' dir='ltr'>quemadmodum</span> <span class='ocrx_word' id='word_1_311' title='bbox 1271 2114 1412 2158; x_wconf 88' lang='lat' dir='ltr'>natus,</span> <span class='ocrx_word' id='word_1_312' title='bbox 1432 2115 1476 2146; x_wconf 89' lang='lat' dir='ltr'>et</span> <span class='ocrx_word' id='word_1_313' title='bbox 1493 2119 1579 2160; x_wconf 93' lang='lat' dir='ltr'>quo</span> <span class='ocrx_word' id='word_1_314' title='bbox 1601 2113 1729 2161; x_wconf 87' lang='lat' dir='ltr'>pacto</span> 
     </span>
     <span class='ocr_line' id='line_1_36' title="bbox 303 2159 1729 2219; baseline -0.002 -15"><span class='ocrx_word' id='word_1_315' title='bbox 303 2164 507 2205; x_wconf 82' lang='lat' dir='ltr'>educatus</span> <span class='ocrx_word' id='word_1_316' title='bbox 537 2165 631 2216; x_wconf 88' lang='lat' dir='ltr'>sim,</span> <span class='ocrx_word' id='word_1_317' title='bbox 662 2165 852 2206; x_wconf 85' lang='lat' dir='ltr'>memini.</span> <span class='ocrx_word' id='word_1_318' title='bbox 883 2175 1005 2207; x_wconf 86' lang='lat' dir='ltr'>vetus</span> <span class='ocrx_word' id='word_1_319' title='bbox 1037 2174 1116 2216; x_wconf 88' lang='lat' dir='ltr'>est,</span> <span class='ocrx_word' id='word_1_320' title='bbox 1147 2163 1215 2205; x_wconf 87' lang='lat' dir='ltr'>De</span> <span class='ocrx_word' id='word_1_321' title='bbox 1242 2178 1379 2206; x_wconf 82' lang='lat' dir='ltr'>scurra</span> <span class='ocrx_word' id='word_1_322' title='bbox 1411 2160 1537 2204; x_wconf 82' lang='lat' dir='ltr'>multo</span> <span class='ocrx_word' id='word_1_323' title='bbox 1551 2159 1729 2219; x_wconf 80' lang='lat' dir='ltr'>facilius</span> 
     </span>
     <span class='ocr_line' id='line_1_37' title="bbox 239 2218 1729 2278; baseline -0.001 -17"><span class='ocrx_word' id='word_1_324' title='bbox 239 2227 292 2266; x_wconf 75' lang='grc'>50</span> <span class='ocrx_word' id='word_1_325' title='bbox 303 2221 482 2272; x_wconf 77' lang='lat' dir='ltr'>divitem,</span> <span class='ocrx_word' id='word_1_326' title='bbox 504 2237 623 2278; x_wconf 77' lang='lat' dir='ltr'>quum</span> <span class='ocrx_word' id='word_1_327' title='bbox 641 2220 985 2278; x_wconf 59' lang='lat' dir='ltr'>patremfamilias</span> <span class='ocrx_word' id='word_1_328' title='bbox 989 2222 1092 2277; x_wconf 82' lang='lat' dir='ltr'>fieri</span> <span class='ocrx_word' id='word_1_329' title='bbox 1105 2237 1232 2277; x_wconf 80' lang='lat' dir='ltr'>posse.</span> <span class='ocrx_word' id='word_1_330' title='bbox 1292 2220 1403 2262; x_wconf 77' lang='lat' dir='ltr'>Haec</span> <span class='ocrx_word' id='word_1_331' title='bbox 1426 2219 1508 2270; x_wconf 91' lang='lat' dir='ltr'>ille,</span> <span class='ocrx_word' id='word_1_332' title='bbox 1531 2221 1565 2260; x_wconf 87' lang='lat' dir='ltr'>si</span> <span class='ocrx_word' id='word_1_333' title='bbox 1589 2218 1729 2260; x_wconf 82' lang='lat' dir='ltr'>verbis</span> 
     </span>
     <span class='ocr_line' id='line_1_38' title="bbox 303 2274 1729 2336; baseline -0.001 -18"><span class='ocrx_word' id='word_1_334' title='bbox 303 2293 388 2318; x_wconf 87' lang='lat' dir='ltr'>non</span> <span class='ocrx_word' id='word_1_335' title='bbox 411 2279 553 2330; x_wconf 89' lang='lat' dir='ltr'>audet,</span> <span class='ocrx_word' id='word_1_336' title='bbox 576 2294 619 2320; x_wconf 91' lang='lat' dir='ltr'>re</span> <span class='ocrx_word' id='word_1_337' title='bbox 641 2279 814 2335; x_wconf 86' lang='lat' dir='ltr'>quidem</span> <span class='ocrx_word' id='word_1_338' title='bbox 837 2294 936 2321; x_wconf 79' lang='lat' dir='ltr'>vera</span> <span class='ocrx_word' id='word_1_339' title='bbox 957 2280 1095 2336; x_wconf 86' lang='lat' dir='ltr'>palam</span> <span class='ocrx_word' id='word_1_340' title='bbox 1121 2278 1323 2334; x_wconf 85' lang='lat' dir='ltr'>loquitur.</span> <span class='ocrx_word' id='word_1_341' title='bbox 1385 2276 1556 2318; x_wconf 89' lang='lat' dir='ltr'>Etenim</span> <span class='ocrx_word' id='word_1_342' title='bbox 1578 2276 1612 2317; x_wconf 87' lang='lat' dir='ltr'>si</span> <span class='ocrx_word' id='word_1_343' title='bbox 1638 2274 1729 2317; x_wconf 89' lang='lat' dir='ltr'>vult</span> 
     </span>
     <span class='ocr_line' id='line_1_39' title="bbox 305 2333 1729 2392; baseline -0.001 -18"><span class='ocrx_word' id='word_1_344' title='bbox 305 2335 489 2376; x_wconf 79' lang='lat' dir='ltr'>virorum</span> <span class='ocrx_word' id='word_1_345' title='bbox 514 2336 723 2378; x_wconf 90' lang='lat' dir='ltr'>bonorum</span> <span class='ocrx_word' id='word_1_346' title='bbox 743 2336 940 2378; x_wconf 85' lang='lat' dir='ltr'>instituto</span> <span class='ocrx_word' id='word_1_347' title='bbox 967 2338 1120 2389; x_wconf 78' lang='lat' dir='ltr'>vivere,</span> <span class='ocrx_word' id='word_1_348' title='bbox 1142 2335 1278 2378; x_wconf 83' lang='lat' dir='ltr'>multa</span> <span class='ocrx_word' id='word_1_349' title='bbox 1297 2341 1469 2392; x_wconf 89' lang='lat' dir='ltr'>oportet</span> <span class='ocrx_word' id='word_1_350' title='bbox 1489 2333 1642 2384; x_wconf 82' lang='lat' dir='ltr'>diseat,</span> <span class='ocrx_word' id='word_1_351' title='bbox 1663 2341 1729 2373; x_wconf 85' lang='lat' dir='ltr'>at-</span> 
     </span>
    </p>
   </div>
   <div class='ocr_carea' id='block_1_3' title="bbox 292 2479 1730 2898">
    <p class='ocr_par' dir='ltr' id='par_1_4' title="bbox 293 2479 1730 2818">
     <span class='ocr_line' id='line_1_40' title="bbox 339 2479 1730 2524; baseline 0.001 -15"><span class='ocrx_word' id='word_1_352' title='bbox 339 2483 379 2510; x_wconf 83' lang='lat'>50</span> <span class='ocrx_word' id='word_1_353' title='bbox 400 2481 456 2510; x_wconf 77' lang='lat' dir='ltr'>sed</span> <span class='ocrx_word' id='word_1_354' title='bbox 468 2492 507 2511; x_wconf 81' lang='lat' dir='ltr'>ne</span> <span class='ocrx_word' id='word_1_355' title='bbox 526 2483 590 2522; x_wconf 81' lang='lat' dir='ltr'>ipse</span> <span class='ocrx_word' id='word_1_356' title='bbox 603 2483 733 2522; x_wconf 81' lang='lat' dir='ltr'>quidem</span> <span class='ocrx_word' id='word_1_357' title='bbox 749 2482 796 2512; x_wconf 84' lang='lat' dir='ltr'>ad</span> <span class='ocrx_word' id='word_1_358' title='bbox 815 2482 858 2523; x_wconf 85' lang='lat' dir='ltr'>te]</span> <span class='ocrx_word' id='word_1_359' title='bbox 883 2482 990 2522; x_wconf 78' lang='lat' dir='ltr'>Quoi·-</span> <span class='ocrx_word' id='word_1_360' title='bbox 1033 2483 1085 2513; x_wconf 90' lang='lat' dir='ltr'>Sic</span> <span class='ocrx_word' id='word_1_361' title='bbox 1105 2486 1139 2513; x_wconf 89' lang='lat' dir='ltr'>et</span> <span class='ocrx_word' id='word_1_362' title='bbox 1153 2483 1337 2521; x_wconf 83' lang='lat' dir='ltr'>conjecerat</span> <span class='ocrx_word' id='word_1_363' title='bbox 1353 2481 1504 2512; x_wconf 83' lang='lat' dir='ltr'>Muretus</span> <span class='ocrx_word' id='word_1_364' title='bbox 1517 2480 1557 2524; x_wconf 49' lang='lat' dir='ltr'>V,</span> <span class='ocrx_word' id='word_1_365' title='bbox 1577 2479 1616 2511; x_wconf 92' lang='lat' dir='ltr'>L.</span> <span class='ocrx_word' id='word_1_366' title='bbox 1637 2480 1730 2512; x_wconf 83' lang='lat' dir='ltr'><strong>XVI.</strong></span> 
     </span>
     <span class='ocr_line' id='line_1_41' title="bbox 295 2523 1726 2565; baseline 0.002 -15"><span class='ocrx_word' id='word_1_367' title='bbox 295 2531 368 2551; x_wconf 83' lang='lat' dir='ltr'>sum</span> <span class='ocrx_word' id='word_1_368' title='bbox 395 2523 487 2562; x_wconf 78' lang='lat' dir='ltr'>ipse?</span> <span class='ocrx_word' id='word_1_369' title='bbox 510 2525 642 2554; x_wconf 72' lang='lat' dir='ltr'>Cot-rexi</span> <span class='ocrx_word' id='word_1_370' title='bbox 669 2526 788 2564; x_wconf 74' lang='lat' dir='ltr'>ipsum,</span> <span class='ocrx_word' id='word_1_371' title='bbox 817 2525 991 2565; x_wconf 82' lang='lat' dir='ltr'>respondet</span> <span class='ocrx_word' id='word_1_372' title='bbox 1038 2528 1084 2560; x_wconf 86' lang='lat'>19.</span> <span class='ocrx_word' id='word_1_373' title='bbox 1100 2524 1180 2555; x_wconf 80' lang='lat' dir='ltr'>Edd.</span> <span class='ocrx_word' id='word_1_374' title='bbox 1195 2535 1242 2565; x_wconf 87' lang='lat' dir='ltr'>pr.</span> <span class='ocrx_word' id='word_1_375' title='bbox 1258 2524 1382 2554; x_wconf 85' lang='lat' dir='ltr'>habent</span> <span class='ocrx_word' id='word_1_376' title='bbox 1394 2524 1546 2564; x_wconf 79' lang='lat' dir='ltr'>quoniam</span> <span class='ocrx_word' id='word_1_377' title='bbox 1561 2532 1619 2563; x_wconf 88' lang='lat' dir='ltr'>pro</span> <span class='ocrx_word' id='word_1_378' title='bbox 1633 2524 1726 2562; x_wconf 83' lang='lat' dir='ltr'>quod.</span> 
     </span>
     <span class='ocr_line' id='line_1_42' title="bbox 295 2564 1725 2604; baseline 0.001 -10"><span class='ocrx_word' id='word_1_379' title='bbox 295 2564 477 2604; x_wconf 82' lang='lat' dir='ltr'>Aquillium</span> <span class='ocrx_word' id='word_1_380' title='bbox 501 2565 691 2597; x_wconf 69' lang='lat' dir='ltr'>Isucullum.</span> <span class='ocrx_word' id='word_1_381' title='bbox 737 2566 863 2597; x_wconf 88' lang='lat' dir='ltr'>Deinde</span> <span class='ocrx_word' id='word_1_382' title='bbox 882 2577 922 2597; x_wconf 83' lang='lat' dir='ltr'>ne</span> <span class='ocrx_word' id='word_1_383' title='bbox 947 2568 992 2597; x_wconf 85' lang='lat' dir='ltr'>ad</span> <span class='ocrx_word' id='word_1_384' title='bbox 1076 2569 1116 2597; x_wconf 74' lang='lat'>52</span> <span class='ocrx_word' id='word_1_385' title='bbox 1137 2571 1319 2597; x_wconf 70' lang='lat' dir='ltr'>extremam</span> <span class='ocrx_word' id='word_1_386' title='bbox 1333 2566 1549 2596; x_wconf 62' lang='lat' dir='ltr'>necessariam</span> <span class='ocrx_word' id='word_1_387' title='bbox 1562 2564 1725 2604; x_wconf 71' lang='lat' dir='ltr'>devenire]</span> 
     </span>
     <span class='ocr_line' id='line_1_43' title="bbox 295 2607 1725 2648; baseline 0.001 -13"><span class='ocrx_word' id='word_1_388' title='bbox 295 2610 326 2635; x_wconf 76' lang='lat' dir='ltr'>te</span> <span class='ocrx_word' id='word_1_389' title='bbox 353 2607 458 2645; x_wconf 69' lang='lat' dir='ltr'>ipsum</span> <span class='ocrx_word' id='word_1_390' title='bbox 486 2609 614 2646; x_wconf 81' lang='lat' dir='ltr'>quidem</span> <span class='ocrx_word' id='word_1_391' title='bbox 648 2617 716 2639; x_wconf 76' lang='lat' dir='ltr'>esse</span> <span class='ocrx_word' id='word_1_392' title='bbox 743 2608 858 2639; x_wconf 87' lang='lat' dir='ltr'>debet:</span> <span class='ocrx_word' id='word_1_393' title='bbox 904 2609 989 2648; x_wconf 89' lang='lat' dir='ltr'>quod</span> <span class='ocrx_word' id='word_1_394' title='bbox 1034 2608 1172 2639; x_wconf 84' lang='lat' dir='ltr'>Hotom.</span> <span class='ocrx_word' id='word_1_395' title='bbox 1193 2614 1228 2639; x_wconf 85' lang='lat' dir='ltr'>et</span> <span class='ocrx_word' id='word_1_396' title='bbox 1249 2608 1364 2639; x_wconf 86' lang='lat' dir='ltr'>Lamb.</span> <span class='ocrx_word' id='word_1_397' title='bbox 1388 2609 1604 2648; x_wconf 79' lang='lat' dir='ltr'>interponunt</span> <span class='ocrx_word' id='word_1_398' title='bbox 1625 2616 1725 2647; x_wconf 85' lang='lat' dir='ltr'>copu-</span> 
     </span>
     <span class='ocr_line' id='line_1_44' title="bbox 293 2649 1724 2690; baseline 0.001 -13"><span class='ocrx_word' id='word_1_399' title='bbox 293 2653 383 2677; x_wconf 79' lang='lat' dir='ltr'>certe</span> <span class='ocrx_word' id='word_1_400' title='bbox 402 2654 451 2678; x_wconf 85' lang='lat' dir='ltr'>est</span> <span class='ocrx_word' id='word_1_401' title='bbox 473 2649 665 2689; x_wconf 78' lang='lat' dir='ltr'>elegantius.</span> <span class='ocrx_word' id='word_1_402' title='bbox 711 2649 785 2680; x_wconf 84' lang='lat' dir='ltr'>Huc</span> <span class='ocrx_word' id='word_1_403' title='bbox 806 2650 922 2681; x_wconf 83' lang='lat' dir='ltr'>retulit</span> <span class='ocrx_word' id='word_1_404' title='bbox 937 2651 990 2681; x_wconf 80' lang='lat' dir='ltr'>Ci-</span> <span class='ocrx_word' id='word_1_405' title='bbox 1032 2650 1116 2681; x_wconf 86' lang='lat' dir='ltr'>lam:</span> <span class='ocrx_word' id='word_1_406' title='bbox 1142 2650 1196 2681; x_wconf 81' lang='lat' dir='ltr'>ille</span> <span class='ocrx_word' id='word_1_407' title='bbox 1211 2651 1312 2681; x_wconf 83' lang='lat' dir='ltr'>etiam</span> <span class='ocrx_word' id='word_1_408' title='bbox 1327 2650 1462 2690; x_wconf 83' lang='lat' dir='ltr'>conjicit</span> <span class='ocrx_word' id='word_1_409' title='bbox 1476 2659 1533 2680; x_wconf 82' lang='lat' dir='ltr'>nec</span> <span class='ocrx_word' id='word_1_410' title='bbox 1545 2658 1660 2679; x_wconf 72' lang='lat' dir='ltr'>necess.</span> <span class='ocrx_word' id='word_1_411' title='bbox 1691 2649 1724 2679; x_wconf 91' lang='lat' dir='ltr'>Si</span> 
     </span>
     <span class='ocr_line' id='line_1_45' title="bbox 294 2690 1730 2733; baseline 0.003 -15"><span class='ocrx_word' id='word_1_412' title='bbox 294 2699 381 2725; x_wconf 78' lang='lat' dir='ltr'>cem,</span> <span class='ocrx_word' id='word_1_413' title='bbox 405 2700 444 2720; x_wconf 88' lang='lat' dir='ltr'>ne</span> <span class='ocrx_word' id='word_1_414' title='bbox 467 2695 678 2732; x_wconf 82' lang='lat' dir='ltr'>conjungeret</span> <span class='ocrx_word' id='word_1_415' title='bbox 692 2701 732 2721; x_wconf 77' lang='lat' dir='ltr'>ne</span> <span class='ocrx_word' id='word_1_416' title='bbox 750 2693 888 2731; x_wconf 81' lang='lat' dir='ltr'>quidem.</span> <span class='ocrx_word' id='word_1_417' title='bbox 911 2693 988 2723; x_wconf 76' lang='lat' dir='ltr'>Post</span> <span class='ocrx_word' id='word_1_418' title='bbox 1032 2694 1223 2732; x_wconf 80' lang='lat' dir='ltr'>conjectura</span> <span class='ocrx_word' id='word_1_419' title='bbox 1235 2691 1409 2727; x_wconf 82' lang='lat' dir='ltr'>utendum,</span> <span class='ocrx_word' id='word_1_420' title='bbox 1424 2698 1536 2733; x_wconf 83' lang='lat' dir='ltr'>putem</span> <span class='ocrx_word' id='word_1_421' title='bbox 1552 2690 1730 2731; x_wconf 85' lang='lat' dir='ltr'>legendum-</span> 
     </span>
     <span class='ocr_line' id='line_1_46' title="bbox 293 2732 1728 2776; baseline 0.002 -16"><span class='ocrx_word' id='word_1_422' title='bbox 293 2733 417 2761; x_wconf 75' lang='lat' dir='ltr'>lmmtus</span> <span class='ocrx_word' id='word_1_423' title='bbox 429 2742 461 2762; x_wconf 74' lang='lat' dir='ltr'>ee</span> <span class='ocrx_word' id='word_1_424' title='bbox 475 2733 740 2773; x_wconf 77' lang='lat' dir='ltr'>interrogationis</span> <span class='ocrx_word' id='word_1_425' title='bbox 753 2739 866 2765; x_wconf 88' lang='lat' dir='ltr'>notam</span> <span class='ocrx_word' id='word_1_426' title='bbox 881 2735 988 2776; x_wconf 84' lang='lat' dir='ltr'>posui·</span> <span class='ocrx_word' id='word_1_427' title='bbox 1031 2744 1153 2766; x_wconf 81' lang='lat' dir='ltr'>necesse</span> <span class='ocrx_word' id='word_1_428' title='bbox 1169 2735 1224 2765; x_wconf 74' lang='lat' dir='ltr'>sit.</span> <span class='ocrx_word' id='word_1_429' title='bbox 1266 2734 1354 2766; x_wconf 87' lang='lat' dir='ltr'>Nam</span> <span class='ocrx_word' id='word_1_430' title='bbox 1374 2734 1520 2764; x_wconf 80' lang='lat' dir='ltr'>devenire</span> <span class='ocrx_word' id='word_1_431' title='bbox 1535 2732 1728 2773; x_wconf 83' lang='lat' dir='ltr'>simpliciter</span> 
     </span>
     <span class='ocr_line' id='line_1_47' title="bbox 293 2776 1724 2818; baseline 0.001 -15"><span class='ocrx_word' id='word_1_432' title='bbox 293 2783 379 2803; x_wconf 88' lang='lat' dir='ltr'>mus.</span> <span class='ocrx_word' id='word_1_433' title='bbox 1030 2782 1116 2808; x_wconf 82' lang='lat' dir='ltr'>stare</span> <span class='ocrx_word' id='word_1_434' title='bbox 1138 2782 1172 2808; x_wconf 86' lang='lat' dir='ltr'>et</span> <span class='ocrx_word' id='word_1_435' title='bbox 1194 2777 1235 2808; x_wconf 81' lang='lat' dir='ltr'>ab</span> <span class='ocrx_word' id='word_1_436' title='bbox 1257 2779 1399 2817; x_wconf 69' lang='lat' dir='ltr'>oportere</span> <span class='ocrx_word' id='word_1_437' title='bbox 1420 2776 1560 2818; x_wconf 81' lang='lat' dir='ltr'>pendete</span> <span class='ocrx_word' id='word_1_438' title='bbox 1582 2784 1648 2806; x_wconf 85' lang='lat' dir='ltr'>uon</span> <span class='ocrx_word' id='word_1_439' title='bbox 1666 2783 1724 2816; x_wconf 63' lang='lat' dir='ltr'>poe-</span> 
     </span>
    </p>

    <p class='ocr_par' dir='ltr' id='par_1_5' title="bbox 292 2817 1105 2898">
     <span class='ocr_line' id='line_1_48' title="bbox 334 2817 1105 2857; baseline 0.006 -13"><span class='ocrx_word' id='word_1_440' title='bbox 334 2818 368 2844; x_wconf 72' lang='lat'>51</span> <span class='ocrx_word' id='word_1_441' title='bbox 392 2826 453 2855; x_wconf 76' lang='lat' dir='ltr'>pro</span> <span class='ocrx_word' id='word_1_442' title='bbox 468 2820 498 2845; x_wconf 76' lang='lat' dir='ltr'>te</span> <span class='ocrx_word' id='word_1_443' title='bbox 513 2826 599 2846; x_wconf 81' lang='lat' dir='ltr'>nnnc</span> <span class='ocrx_word' id='word_1_444' title='bbox 617 2817 799 2857; x_wconf 64' lang='lat' dir='ltr'>laec—quod</span> <span class='ocrx_word' id='word_1_445' title='bbox 811 2817 861 2857; x_wconf 80' lang='lat' dir='ltr'>tu]</span> <span class='ocrx_word' id='word_1_446' title='bbox 887 2817 986 2848; x_wconf 86' lang='lat' dir='ltr'>Lam·</span> <span class='ocrx_word' id='word_1_447' title='bbox 1029 2823 1105 2850; x_wconf 79' lang='lat' dir='ltr'>test.</span> 
     </span>
     <span class='ocr_line' id='line_1_49' title="bbox 292 2858 985 2898; baseline 0.003 -11"><span class='ocrx_word' id='word_1_448' title='bbox 292 2858 386 2888; x_wconf 84' lang='lat' dir='ltr'>binus</span> <span class='ocrx_word' id='word_1_449' title='bbox 407 2858 508 2889; x_wconf 79' lang='lat' dir='ltr'>edidit</span> <span class='ocrx_word' id='word_1_450' title='bbox 530 2861 709 2898; x_wconf 73' lang='lat' dir='ltr'>hos—quos.</span> <span class='ocrx_word' id='word_1_451' title='bbox 744 2859 860 2898; x_wconf 78' lang='lat' dir='ltr'>Credo,</span> <span class='ocrx_word' id='word_1_452' title='bbox 887 2864 985 2891; x_wconf 82' lang='lat' dir='ltr'>recte.</span> 
     </span>
    </p>
   </div>
  </div>
 </body>
</html>
