1907 3231
570 142 687 181 PRO
721 141 765 182 A'.
799 135 1126 180 C'LUENTIO.
1490 142 1565 179 553

126 245 418 304 tios'ajudicia
440 243 626 288 fuerunt.
651 262 653 264 ’
689 247 818 290 Esto:
849 247 994 304 potuit
1013 244 1350 287 ‘esse‘inno‘cens
1373 243 1563 286 Falcula.

125 304 226 347 Jam
249 303 528 361 ergo-aliquis
553 303 847 360 Oppianicum
872 305 1005 361 gratis
1027 302 1358 344 condemnavit:
1404 302 1563 357 1⁰0jam

124 375 213 403 non
235 377 307 403 eos
339 361 503 403 Junius·
531 362 789 403 subsortitus
818 372 897 413 est,
927 361 1002 417 qui
1035 359 1220 416 pecunia
1254 369 1433 415 accepta
1460 373 1565 399 con-

125 419 401 460 demnarent:
425 418 519 473 jam
541 420 687 474 potuit
707 420 860 475 aliquis
882 420 938 460 ab
972 419 1219 459 initio-“non-
1244 416 1416 469 sedisse,
1438 425 1481 456 et
1500 424 1565 456 ta-

126 489 227 516 men
262 475 555 531 Oppianicum
588 477 722 532 gratis
763 477 1085 520 condemnasse.
1159 474 1331 523 Verum,
1372 473 1414 528 si⁴
1440 473 1565 513 inno-

126 547 226 573 cens
257 532 453 583 Falcula,
477 547 640 588 quaeso,
671 533 767 589 quis
802 536 988 577 nocens?
1019 533 1058 573 s'i‘
1090 532 1162 573 hic
1187 532 1327 588 gratis
1359 530 1564 571 condem-

125 589 261 640 navit,
297 589 392 645 quis
425 591 618 645 accepit?
661 591 788 647 Nego
822 602 911 633 rem
940 604 1031 631 esse
1065 589 1192 630 ullam
1227 589 1270 629 in
1303 595 1563 643 quemquam

123 645 292 687 illorum
315 646 548 701 objectam,
571 663 669 702 quae
693 647 960 690 Fidiculanio
984 647 1158 703 objecta
1180 659 1265 687 non
1289 645 1367 687 sit:
1396 648 1564 699 lneque

124 703 286 758 aliquid
306 702 436 744 fuisse
467 704 511 745 in
545 705 801 747 Fidiculanii
824 720 967 755 causa,
989 704 1105 760 quod
1140 705 1252 744 idem
1277 717 1362 743 non
1384 712 1496 742 esset
1518 701 1562 743 in

123 769 379 802 ceterorum.
439 760 529 801 Aut
552 762 868 817 hocjudicium
892 762 1176 817 reprehendas
1209 771 1270 812 tu,
1290 760 1413 815 cujus
1436 774 1563 800 accu-
1578 764 1651 798 114

124 818 234 859 satio
256 819 382 859 rebus
397 817 607 873 judicatis
629 820 709 860 niti
732 820 975 868 videbatur,
997 832 1168 859 necesse
1188 827 1278 858 est:
1311 827 1400 866 aut,
1423 817 1457 857 si
1479 816 1564 858 hoc

123 889 273 916 verum
295 890 386 916 esse
407 876 621 928 concedis,
645 876 939 933 Oppianicum
963 876 1096 931 gratis
1118 874 1454 916 condemnatum
1474 888 1566 915 esse

127 931 302 973 fateare.
821 964 823 966 -

184 990 460 1047 Quamquam
493 991 595 1032 satis
626 1005 785 1047 magno
815 998 1072 1046 argumento
1094 1004 1184 1031 esse
1206 988 1350 1040 debet,
1372 989 1488 1044 quod
1510 1003 1566 1031 ex

125 1054 213 1087 tam
245 1050 388 1089 multis
414 1049 653 1104 judicibus,
688 1049 887 1089 absoluto
920 1048 1106 1100 Falcula,
1141 1061 1266 1088 nemo
1297 1061 1391 1087 reus
1425 1046 1565 1088 factus

122 1114 205 1145 est,
244 1106 361 1151 Quid
383 1108 498 1148 enim
521 1106 627 1147 mihi
651 1109 876 1147 damnatos
899 1106 1085 1146 ambitus
1110 1103 1328 1160 colligum,
1352 1103 1434 1145 alia
1455 1104 1564 1159 lege,

124 1162 252 1202 certis
274 1164 542 1216 criminibus,
578 1163 772 1220 plurimis
804 1163 1014 1204 testibus?
1044 1178 1141 1204 cum
1176 1163 1360 1218 primum
1389 1162 1447 1202 illi
1483 1161 1564 1217 ipsi

124 1219 354 1261 debuerint
371 1223 516 1278 potius
537 1222 725 1262 accusari
750 1221 803 1262 de
821 1221 1015 1277 pecuniis
1038 1219 1300 1276 repetundis,
1323 1234 1451 1274 quam
1474 1233 1565 1259 am-

125 1275 256 1317 bitus.
286 1293 401 1329 nmn,
425 1280 458 1320 si
483 1280 523 1319 in
548 1279 736 1319 ambitus
764 1278 944 1333 judiciis
967 1278 1050 1319 hoc
1081 1278 1146 1318 bis
1179 1277 1337 1327 obfuit,
1360 1291 1458 1317 cum
1481 1275 1564 1317 alia

123 1332 219 1389 lege
249 1350 422 1376 causam
452 1337 669 1378 dicerent:
701 1345 830 1386 certe,
854 1335 885 1375 si
911 1336 1085 1391 propria
1116 1335 1210 1391 lege
1241 1334 1369 1390 hujus
1393 1334 1559 1390 peccati

122 1392 298 1433 adducti
332 1402 487 1445 essent,
517 1395 654 1434 multo
686 1393 780 1448 plus
802 1392 1028 1433 obfuisset.
1091 1392 1275 1442 Deinde,
1298 1392 1332 1432 si
1356 1400 1476 1432 tanta
1497 1391 1560 1432 vis
1576 1391 1648 1425 115

123 1447 209 1488 fuit
242 1450 365 1491 istius
395 1451 602 1501 criminis,
625 1459 687 1501 ut,
709 1465 794 1505 qua
823 1450 1005 1505 quisque
1036 1449 1130 1505 lege
1152 1464 1204 1490 ex
1231 1448 1312 1490 illis
1337 1448 1561 1504 judicibus

121 1520 218 1546 reus
254 1507 394 1548 factus
426 1517 551 1559 esset,
583 1517 727 1549 tamen
766 1508 846 1548 hac
881 1507 1006 1563 plaga
1040 1507 1218 1562 periret:
1252 1521 1342 1557 cur,
1372 1507 1415 1547 in
1443 1515 1565 1546 tanta

120 1562 399 1605 multitudine
430 1574 744 1615 accusatorum,
768 1565 931 1605 2ta11tis
968 1564 1170 1621 praemiis,
1201 1564 1331 1605 ceteri
1366 1564 1425 1604 rei
1456 1563 1564 1604 facti

124 1634 213 1661 non
236 1625 362 1664 sunt?
396 1622 484 1663 Hic
517 1622 734 1679 profertur
764 1622 823 1673 id,
857 1623 971 1678 quod
997 1621 1215 1677 judicium
1247 1620 1451 1677 appellari
1474 1635 1564 1661 non

122 1687 310 1734 oportet,
327 1679 376 1720 P.
395 1680 608 1736 Septimio
628 1679 837 1721 Scaevolae
856 1680 975 1721 litem
994 1694 1045 1721 eo
1066 1679 1238 1720 nomine
1259 1692 1350 1719 esse
1373 1678 1563 1719 aestima4

123 1744 227 1776 tam.
288 1737 425 1792 Cujus
451 1739 506 1778 rei
542 1752 639 1793 quae
662 1738 929 1778 consuetudo
963 1738 1031 1789 sit,
1056 1737 1261 1792 quoniam
1283 1736 1398 1792 apud
1420 1735 1561 1776 homi·
1573 1751 1605 1782 b.

121 1807 198 1833 nes
223 1795 506 1850 peritissimos
545 1797 658 1846 dico,
698 1795 891 1851 pluribus
932 1795 1072 1835 verbis
1098 1795 1253 1835 docere
1287 1808 1375 1834 non
1407 1793 1560 1834 debeo.

124 1848 374 1907 Numquam
396 1853 510 1893 enim
533 1867 584 1893 ea
605 1853 844 1908 diligentia,
866 1866 962 1908 quae
987 1852 1095 1893 solet
1125 1851 1319 1893 adhiberi
1342 1852 1385 1892 in
1408 1850 1561 1891 ceteris

115 1906 311 1962 judiciis,
332 1910 495 1961 eadem,
513 1924 583 1951 reo
605 1911 825 1960 damnato,
848 1910 1043 1951 adhibita
1060 1917 1139 1950 est.
1201 1908 1252 1950 In
1273 1908 1422 1949 litibus
1446 1908 1650 1956 vesti-116

123 1966 290 2007 mandis
314 1966 402 2007 fere
424 1967 610 2022 judices,
634 1977 722 2018 aut,
745 1967 858 2023 quod
891 1968 973 2008 sibi
1007 1981 1120 2018 eum,
1142 1981 1271 2022 quem
1301 1966 1430 2007 semel
1459 1980 1563 2008 con-

123 2022 394 2075 demnarunt,
417 2025 641 2066 inimicum
671 2035 827 2081 putant
850 2039 956 2076 esse,
985 2026 1018 2066 si
1041 2039 1127 2080 qua
1148 2025 1190 2065 in
1213 2038 1312 2065 eum
1334 2023 1384 2064 lis
1407 2023 1564 2080 capitis

123 2080 241 2122 illata
262 2091 341 2133 est,
364 2097 452 2123 non
482 2083 742 2124 admittunt:
775 2091 863 2134 aut,
886 2083 1001 2138 quod
1025 2097 1068 2124 se
1091 2081 1340 2138 perfunctos
1356 2080 1451 2136 jam
1473 2093 1564 2122 esse

122 2139 400 2191 arbitrantur,
424 2154 523 2181 cum
546 2141 598 2182 de
625 2155 697 2182 reo
720 2140 989 2195 judicarunt,
1010 2140 1301 2197 negligentius
1334 2138 1566 2179 attendunt

122 2206 281 2238 cetera.
342 2197 494 2252 ltaque
510 2207 553 2238 et
577 2198 815 2254 majestatis
835 2198 1021 2239 absoluti
1045 2209 1145 2239 sunt
1169 2196 1390 2253 permulti,
1405 2196 1564 2251 quibus

123 2253 351 2307 damnatis,
373 2256 426 2296 de
446 2256 639 2312 pecuniis
672 2255 933 2312 repetundis,
954 2256 1050 2297 lites
1073 2261 1217 2296 essent
1236 2254 1488 2296 aestimatae:
1520 2260 1565 2294 et

120 2310 208 2353 hoc
228 2313 423 2368 quotidie
444 2313 534 2354 fieri
561 2313 769 2364 videmus,
791 2322 853 2364 ut,
884 2327 957 2354 reo
983 2314 1188 2354 damnato
1210 2312 1263 2353 de
1282 2311 1476 2368 pecuniis
1499 2324 1563 2352 re-

124 2371 341 2426 petundis,
364 2370 417 2411 ad
439 2385 546 2426 quos
568 2371 810 2427 pervenisse
834 2371 1036 2427 pecunias
1059 2370 1102 2411 in
1125 2370 1273 2411 litibus
1296 2368 1563 2410 aestimandis

123 2436 333 2469 statutum
366 2428 435 2478 sit,
458 2443 531 2469 eos
566 2428 813 2484 illijudices
843 2428 1092 2471 absolvant:
1125 2427 1240 2483 quod
1263 2441 1362 2467 cum
1390 2426 1454 2478 fit,
1475 2440 1565 2467 non

114 2484 286 2540 judicia
320 2486 636 2527 rescinduntur.
674 2487 747 2527 sed
779 2485 864 2527 hoc·
897 2486 1112 2535 statuitur,
1143 2484 1477 2525 aestimationem
1512 2483 1564 2525 li-

124 2543 248 2593 tium,
278 2557 365 2585 non
394 2557 487 2584 esse
507 2544 742 2599 judicium.
810 2543 1006 2584 Scaevola
1037 2542 1349 2583 condemnatus
1377 2550 1443 2582 est
1468 2540 1564 2582 aliis

122 2600 390 2652 criminibus,
418 2600 775 2657 frequentissimis
804 2599 977 2658 Apuliae
1004 2600 1202 2642 testibus
1232 2599 1351 2640 omni
1384 2607 1565 2641 conten-

170 2765 228 2792 loo
241 2760 321 2802 jam
341 2770 406 2791 non
426 2761 490 2801 eos]
516 2760 663 2792 Graevius
686 2760 818 2801 praefert
859 2768 943 2798 nego
956 2757 1026 2798 a.f.
1049 2762 1089 2789 ut
1103 2757 1231 2789 edidere
1245 2756 1410 2788 nonnulli.

120 2803 298 2835 lectionem
314 2803 377 2835 Ms.
393 2803 510 2835 Dresd.
533 2813 597 2835 non
609 2813 728 2839 omnes.
750 2812 819 2833 non
904 2804 924 2833 2
946 2802 1048 2832 tantis
1056 2801 1217 2841 ,vv-remiis]
1242 2810 1289 2831 sc.
1312 2799 1487 2841 propositis
1509 2808 1563 2828 ac-

123 2847 221 2878 male.
862 2844 1020 2880 cusatori,
1045 2844 1100 2883 qui
1128 2843 1269 2874 vicisset.
1297 2852 1416 2882 nempe
1439 2845 1566 2881 «quarta

171 2893 183 2920 1
208 2898 309 2930 neque
337 2889 464 2930 aliquid
482 2886 537 2929 s.]
576 2887 698 2919 Melius
732 2888 819 2919 foret
862 2892 956 2928 parte
970 2885 1134 2918 bonorum
1148 2886 1405 2927 publicatorum.
