1907 3231
331 126 408 167 3290
855 125 925 165 IN
964 123 1246 166 VERREM

334 230 508 272 etitarat
528 229 659 271 homo
682 230 905 286 improbus
937 239 1065 285 atque
1100 231 1307 287 impuru5‚
1337 228 1570 287 Apronius,
1601 229 1768 271 socium

336 303 426 329 esse
459 298 713 344 praetorem:
748 297 921 329 venerat
950 302 1015 328 res
1047 288 1090 329 in
1114 288 1336 344 judicium·
1362 297 1491 342 atque
1523 287 1769 336 discrimen.

336 356 527 402 potestas
549 356 639 386 erat
661 345 746 395 isti,
778 344 942 386 homini
966 345 1134 401 integro
1157 354 1285 400 atque
1306 344 1540 394 innocenti,
1569 344 1684 395 data,
1706 353 1769 395 ut,

338 405 383 444 in
405 402 646 459 Apronium
669 416 765 443 cum
791 401 1178 453 animadvertisset,
1209 416 1297 442 sese
1327 402 1579 458 gravissima
1611 401 1772 442 levaret

339 459 532 505 infamia.
594 459 711 505 Quid
733 458 958 514 excogitat
987 462 1159 514 poenae?
1191 459 1291 512 quid
1323 458 1703 500 animadversionis
1725 458 1770 500 in

339 517 607 574 Apronium?
630 516 749 571 cogit
768 514 1032 556 Scandilium
1051 513 1245 571 Apronio
1259 517 1315 556 ob
1334 515 1591 572 singularem
1610 516 1663 556 im
1672 530 1770 571 pro*

340 575 535 624 bitatem‚
557 582 685 628 atque
703 572 926 613 audaciam
945 571 1380 628 praedicationemque
1398 573 1570 622 nefatiae
1590 574 1772 614 societa-

294 633 326 662 b·
342 632 410 682 tis,
443 631 541 673 H-S
573 645 598 670 v
634 629 767 670 millia
793 629 1000 670 mercedis
1030 644 1079 670 ac
1112 629 1279 686 praemii
1309 630 1432 677 dare,
1486 630 1603 676 Quid
1638 631 1769 671 inter-

256 679 325 712 1'41
342 685 438 738 fuit,
460 688 590 728 homo
611 686 906 736 audacissime,
929 690 1073 727 utrum
1094 686 1178 727 hoc
1199 687 1467 738 decerneres3
1496 701 1550 727 an
1573 687 1631 738 id,
1651 688 1769 742 quod

340 746 558 801 Apronius
593 743 837 795 dictitabat,
870 752 960 784 tute
993 743 1045 787 de
1083 754 1125 785 te
1164 744 1411 801 profiterere
1443 758 1492 783 ac
1523 744 1770 786 dictitares?

338 817 465 858 quem
489 801 725 852 bominem,¹
745 801 778 842 si
800 800 895 856 quis
928 801 1067 857 pudor
1088 801 1130 842 in
1153 811 1210 852 te,
1233 810 1360 856 atque
1382 800 1488 841 adeo
1508 800 1541 841 si
1563 801 1658 856 quis
1678 816 1770 842 me·-

336 874 406 900 tus
429 859 593 909 fuisset,
616 858 706 898 sine
728 857 940 914 supplicio
963 858 1179 899 dimittere
1200 873 1287 899 non
1308 857 1523 910 debuisti3
1554 858 1667 899 hunc
1689 859 1767 905 abs

337 927 380 957 te
404 917 493 957 sine
517 916 694 972 praemio
716 915 933 956 discedere
955 915 1145 957 noluisti.
1207 915 1367 957 Omnia
1388 914 1513 956 simul
1531 915 1769 971 intelligere

339 974 556 1030 potuistis,
581 973 766 1028 judices,
796 987 852 1014 ex
890 987 976 1014 uno
1014 973 1192 1014 crimine
1230 972 1526 1014 Scandiliano:
1567 971 1770 1028 primum,

336 1032 421 1072 hoc
442 1046 528 1072 non
547 1045 638 1071 esse
662 1030 814 1070 Romae
834 1038 983 1071 natum
1005 1030 1058 1070 de
1079 1031 1284 1071 societate
1299 1031 1597 1081 decumarum,
1608 1044 1696 1079 non,
1713 1030 1771 1071 ab

337 1097 584 1138 accusatore
605 1087 782 1129 fictum:
804 1102 891 1128 non
913 1091 981 1140 (ut
1002 1087 1185 1128 solemus
1207 1088 1421 1129 interdum
1443 1087 1487 1127 iu
1507 1086 1771 1135 defensioni-

336 1147 417 1187 bus
454 1146 613 1192 dicere)
655 1144 817 1185 crimen
851 1144 1138 1186 domesticum
1169 1159 1219 1186 ac
1255 1143 1545 1194 vernaculum,
1586 1159 1673 1185 non
1713 1159 1770 1186 ex

336 1211 531 1258 tempore
570 1201 746 1260 periculi
781 1202 842 1242 tui
875 1202 1185 1245 constitutumz‘-
1214 1202 1286 1243 sed
1318 1211 1440 1243 vetus
1471 1204 1511 1232 43
1527 1202 1769 1258 [excogita-

337 1260 449 1313 tum]
482 1260 592 1315 jam,
629 1269 687 1310 et,
719 1268 761 1300 te
795 1271 999 1316 praetore,
1019 1260 1250 1314 jactatum,
1291 1268 1334 1300 et
1365 1273 1451 1299 non
1489 1259 1542 1299 ab
1581 1259 1768 1300 inimicis

339 1316 495 1360 Romae
517 1316 821 1373 compositum,
852 1317 925 1359 sed
950 1317 1135 1358 Rom-am
1157 1318 1209 1359 de
1235 1316 1457 1373 provincia
1478 1315 1767 1372 deportatum.

256 1385 327 1420 1³42
341 1375 479 1416 Simul
512 1374 693 1430 intelligi
730 1383 872 1431 potest
905 1374 1008 1417 illud
1046 1375 1168 1416 istius
1207 1375 1250 1415 in
1289 1373 1532 1430 Apronium
1564 1373 1768 1426 studium,

340 1430 524 1488 Apronii
560 1432 613 1473 de
647 1432 730 1473 isto
765 1446 853 1473 non
887 1432 1017 1473 modo
1046 1431 1275 1482 confessio,
1306 1446 1454 1472 verum
1488 1430 1619 1472 etiam
1651 1445 1769 1472 com-

339 1490 611 1531 memoratio,
642 1488 809 1531 Eodem
827 1489 1008 1540 accedit,
1022 1490 1136 1544 quod
1152 1490 1234 1530 hoc
1249 1501 1419 1543 quoque
1441 1487 1679 1544 intelligere
1691 1503 1770 1544 po·

341 1547 480 1598 testis,
492 1547 621 1588 istum
640 1547 852 1597 statuisse,
868 1547 909 1587 in
924 1547 1147 1603 provincia
1160 1561 1235 1587 sua
1251 1545 1586 1587 existimationis
1600 1545 1769 1600 suaeju-

341 1605 517 1655 dicium,
530 1611 654 1644 extra
666 1603 887 1645 coh-ortem
901 1619 1038 1654 suam,
1056 1603 1414 1646 committendum
1428 1602 1557 1651 fuisse
1571 1602 1748 1643 nemini.

257 1659 327 1716 62
400 1660 564 1716 Ecquis
589 1670 653 1702 est
673 1661 827 1717 judex,
863 1661 932 1702 cui
961 1676 1048 1702 non
1080 1662 1134 1702 ab
1164 1661 1289 1702 initio
1319 1659 1545 1701 decumani
1578 1660 1775 1712 criminis¹

341 1733 589 1774 persua-sum
613 1719 681 1770 sit,
715 1719 843 1760 istum
867 1719 910 1759 in
940 1729 1156 1759 aratorum
1184 1719 1298 1759 bona
1327 1718 1605 1772 fortunasque
1630 1717 1771 1773 impe-

339 1787 432 1817 tum
464 1776 643 1817 fecisse?-
674 1776 769 1831 quis
803 1775 887 1816 hoc
921 1791 1008 1817 non
1046 1790 1099 1816 ex
1136 1790 1186 1816 eo
1218 1775 1359 1815 statim
1392 1774 1621 1830 judicavit,
1653 1774 1786 1829 quod*

337 1833 520 1884 ostendi,
552 1833 681 1874 istum
711 1833 911 1874 decumas
941 1848 1053 1874 nova
1081 1833 1188 1888 lege,
1224 1843 1352 1887 atque
1379 1832 1485 1873 adeo
1517 1830 1632 1872 nulla
1661 1832 1773 1888 lege,

297 1942 300 1945 Ι
337 1900 489 1931 contra
521 1890 714 1931 omnium
744 1890 1099 1931 consuetudinem
1124 1901 1252 1946 atque
1283 1890 1480 1930 instituta
1503 1888 1769 1930 vendidisse?

253 1946 324 1982 143
340 1947 512 1998 Verum,
544 1957 591 1988 ut
623 1947 728 1988 istos
760 1962 843 2004 ego
866 1948 1035 2003 judices
1068 1957 1155 1988 tam
1189 1958 1372 1998 severos,
1406 1957 1494 1987 tam
1526 1945 1768 2001 diligentes,

336 2011 425 2046 tam
444 2004 666 2060 religiosos
685 2020 771 2046 non
790 2005 989 2047 haberem
1007 2022 1016 2055 3
1048 2005 1193 2061 ecquis
1216 2014 1295 2055 est,
1315 2019 1369 2045 ex
1394 2003 1651 2058 injuriarum
1676 2018 1791 2052 ma-‚

334 2062 577 2118 gnitudine,
609 2062 888 2118 improbitate
909 2063 1193 2112 decretorum,
1222 2061 1489 2117 judiciorum
1525 2060 1767 2115 iniquitate,

331 2119 405 2174 qui
429 2119 512 2160 hoc
546 2134 632 2160 non
656 2119 915 2176 jamdudum
941 2120 1139 2160 statuerit
1167 2128 1211 2160 et
1233 2119 1471 2173 judicarit?
1501 2116 1642 2157 Etiam
1665 2131 1766 2158 sane

333 2176 388 2217 sit
409 2176 562 2232 aliquis
593 2176 840 2218 dissolutior
871 2177 915 2218 in
941 2177 1195 2231 judicando,
1227 2177 1384 2232 legum,
1415 2174 1562 2223 officii,
1593 2173 1766 2230 reipub-

331 2233 425 2274 licoe
449 2233 677 2284 sociorum,
701 2243 830 2289 atque
851 2234 1087 2275 amicorum
1109 2233 1422 2289 negligentior:
1452 2232 1578 2287 quid?
1609 2231 1643 2271 is
1666 2246 1765 2287 pos-

199 2310 233 2342 p.
251 2302 318 2330 180.
333 2291 442 2331 sitne
465 2291 517 2332 de
536 2291 658 2332 istius
680 2291 959 2348 improbitate
984 2291 1197 2342 dubitare,
1227 2305 1324 2332 cum
1356 2298 1477 2331 tanta
1496 2287 1615 2330 lucra
1635 2287 1765 2341 facta,

289 2351 320 2374 a.

371 2406 412 2435 43
427 2406 647 2444 excogitatum
651 2404 730 2445 jam
739 2410 770 2435 et
782 2410 804 2435 t.
811 2415 846 2444 p.
860 2403 934 2444 &e.]
946 2404 1028 2436 Haec

330 2451 381 2475 est
406 2446 504 2476 lectio
532 2447 604 2477 edd.
631 2448 869 2477 recentiorum:
894 2447 1028 2478 Veteres

330 2489 509 2525 cogitatum
521 2502 529 2518 :
552 2489 638 2528 quod
652 2494 764 2520 tamen
780 2499 839 2519 nec
855 2490 963 2529 ipsum
978 2499 1027 2520 sa-

330 2530 373 2559 tis
386 2530 467 2560 bene
479 2531 589 2561 habet.
613 2532 834 2570 Conieeeru11t
848 2533 1026 2570 cognitum,

330 2572 515 2609 agitatum.-
551 2573 612 2603 hoc
642 2574 777 2611 melius3
816 2584 892 2604 narn
920 2573 1028 2604 solent

330 2614 463 2652 agitare
476 2613 647 2654 etjaccare
662 2616 831 2655 conjungi:
848 2615 903 2646 sed
914 2621 1027 2646 tamen

331 2664 399 2685 non
414 2655 589 2686 satisfacit:
615 2667 691 2687 nam
714 2659 881 2696 agitatum
903 2659 1027 2688 crimen

330 2698 402 2737 plus
429 2699 604 2736 significat,
620 2709 716 2737 quam
743 2699 775 2730 h.
792 2700 813 2730 l.
836 2699 896 2729 diei
919 2699 1026 2730 debet.

329 2739 438 2778 Quid?
463 2741 488 2769 si
504 2740 669 2771 deleamus
683 2742 745 2771 hoc
759 2742 914 2772 verbum?
941 2742 1026 2772 Mihi

329 2781 458 2820 quidem
469 2782 530 2812 hoc
544 2783 683 2813 maxime
697 2783 814 2823 placet.
828 2793 905 2813 nam
921 2789 954 2813 et
966 2783 1026 2814 ali-

327 2833 390 2854 eno
413 2823 486 2854 loco
513 2829 590 2855 stat.
610 2825 742 2855 deberet
767 2835 834 2856 esse
857 2826 1025 2863 agitatum

317 2864 396 2905 jam
411 2869 442 2896 te
449 2871 590 2905 praetore
604 2871 635 2897 et
639 2865 812 2907 jactatum
824 2880 834 2898 .·
855 2868 883 2898 si
897 2867 1026 2899 deletur

1070 2405 1218 2441 verbum,
1242 2404 1353 2434 omnia
1366 2404 1448 2434 bene
1463 2403 1584 2438 fluunt,
1601 2411 1661 2432 nec
1676 2402 1765 2441 quic-

1070 2457 1167 2486 quam
1184 2446 1355 2476 desiderari
1372 2449 1490 2485 potest.
1537 2444 1636 2474 Vetus
1641 2443 1718 2484 jam
1735 2449 1767 2474 ee

1071 2494 1101 2519 te
1110 2487 1435 2529 proetorejactatum.
1480 2488 1557 2517 Post
1576 2486 1640 2525 legi
1664 2486 1766 2516 etiam

1070 2531 1178 2568 debet,
1196 2530 1336 2561 Romam
1363 2530 1400 2559 de
1419 2530 1590 2569 propinem
1615 2529 1764 2567 deporta-

1070 2577 1154 2610 tum,
1194 2582 1252 2612 pro
1281 2576 1497 2612 exportatum.
1542 2570 1685 2600 Primum
1715 2576 1766 2601 est

1070 2616 1239 2655 proprium
1265 2614 1299 2644 in
1325 2613 1385 2644 hae
1410 2623 1443 2643 re
1472 2613 1623 2643 verbum:
1649 2612 1765 2644 deindo

1071 2657 1213 2687 Romam
1242 2655 1274 2686 id
1302 2656 1451 2694 requirit:
1475 2659 1647 2694 aporiare
1673 2655 1765 2684 abso-

1069 2699 1138 2729 lute
1167 2699 1300 2735 dicitur,
1327 2698 1397 2728 sine
1423 2698 1555 2728 nomine
1583 2696 1658 2733 loci,
1688 2705 1763 2735 quo.

1069 2741 1213 2771 Verbum
1226 2741 1395 2779 deportare
1403 2740 1502 2770 ctiam
1516 2738 1587 2768 aliis
1600 2738 1677 2768 locis
1688 2748 1764 2768 eum

1067 2788 1233 2822 reportare
1246 2789 1279 2812 et
1291 2786 1461 2821 exportare
1473 2780 1644 2811 confusum
1655 2785 1765 2815 est,ut

1066 2825 1216 2856 vidimus.
1244 2824 1307 2855 Res
1322 2829 1371 2854 est
1382 2823 1526 2860 evidens,
1542 2832 1602 2853 uec
1615 2821 1761 2853 dubitavi

1067 2867 1112 2897 sie
1125 2867 1230 2898 edere.

1902 353 1903 358 Α
1898 215 1905 341 ᾼᾼΜ
1903 180 1905 209 -ᾼ
