1907 3231
285 133 335 167 56
869 134 1116 174 ORATIO

284 230 417 272 cliens
439 241 482 273 et
507 232 739 276 familiaris.
801 238 918 284 Quid
945 239 1121 280 attinuit
1150 253 1245 279 eum
1273 238 1539 294 potissimum
1564 236 1707 279 nunti-

285 290 384 330 are?
414 291 544 344 quod,
568 292 602 332 si
633 292 793 334 nullum
820 295 913 349 jam
943 306 1042 336 aute
1071 295 1295 337 consilium
1326 296 1378 336 dc
1408 304 1544 336 morte
1574 309 1623 335 ac
1652 295 1706 335 de

285 345 411 386 bonis
428 346 520 401 ejus
541 349 706 399 inieras,
729 351 972 406 nullamque
991 353 1254 401 societatem,
1272 366 1410 407 neque
1431 352 1611 401 sceleris,
1633 365 1707 392 ne-

285 416 370 457 que
388 405 568 458 praemii,
587 420 684 445 eum
705 407 877 448 homine
896 408 981 448 ullo
999 409 1174 458 coieras,
1192 409 1242 448 ad
1265 417 1304 449 te
1322 409 1497 449 minime
1515 408 1707 448 omnium

285 460 541 514 pertinebat.
610 462 695 503 Sua
733 475 884 519 sponte
921 464 1095 504 Mallius
1136 466 1317 505 nuntiat.
1378 466 1509 515 Quid,
1547 478 1709 520 quaeso,

285 515 377 569 ejus
401 517 628 559 intererat?
659 534 726 566 an,
746 535 843 561 cum
866 520 1081 561 Ameriam
1104 535 1186 561 non
1208 521 1385 575 hujusce
1407 522 1464 562 rei
1487 536 1614 562 causa
1637 535 1706 561 ve-

284 573 430 622 nisset,
461 589 560 615 casu
598 577 770 626 accidit,
803 587 849 617 ut
887 577 944 627 id,
977 577 1090 631 quod
1125 577 1276 618 Romae
1311 578 1514 628 audierat,
1548 578 1709 633 primus

284 631 528 671 nuntiaret?
564 631 701 686 Cujus
735 633 791 674 rei
826 648 953 674 causa
989 643 1159 673 venerat
1192 633 1437 675 Ameriam?
1479 634 1576 675 Non
1611 647 1709 689 pos-

285 700 394 736 suin,
417 686 569 741 inquit,
592 688 796 730 divinare.
853 689 915 730 Eo
939 704 1025 730 rem
1041 690 1134 744 jam
1157 690 1380 740 adducam,
1403 700 1449 731 ut
1471 690 1578 731 nihil
1599 690 1709 731 divi-

284 742 458 783 natione
489 759 596 799 opus
628 745 696 785 sit.
759 747 858 792 Qua
893 748 1056 787 ratione
1096 746 1254 786 Roscio
1287 747 1489 802 Capitoni
1523 747 1709 803 primum

284 799 528 841 nuntiavit?
561 801 672 842 Cum
699 802 885 844 Ameriae
918 804 1019 844 Sex.
1053 803 1198 843 Roscii
1231 803 1397 852 domus,
1422 818 1545 854 uxor,
1567 803 1709 844 liberi-

283 870 368 910 que
389 867 553 909 essent3
584 873 680 900 cum
705 869 770 900 tot
793 860 1021 916 propinqui
1043 861 1303 915 cognatique
1324 859 1486 915 optime
1507 860 1710 901 conveni-

285 922 427 964 entes3
458 929 542 968 qua
571 916 735 956 ratione
766 916 927 958 factum
959 926 1036 966 est,
1067 926 1114 956 ut
1140 917 1219 957 istc
1244 925 1341 957 tuus
1367 916 1513 967 cliens,
1543 916 1710 958 sceleris

288 970 351 1009 tui
394 972 582 1022 nuntius,
621 971 671 1012 T.
712 972 872 1014 Roscio
915 973 1118 1029 Capitoni
1160 973 1429 1029 potissimum
1467 973 1711 1015 nuntiaret?

228 1033 275 1071 97
292 1024 472 1067 Occisus
493 1038 557 1068 est
578 1044 603 1069 a
623 1043 752 1070 coena
772 1030 950 1070 rediens.
981 1030 1172 1070 nondum
1197 1029 1380 1080 lucebat,
1403 1045 1501 1071 cum
1524 1029 1712 1072 Ameriae

289 1083 444 1123 scitum
465 1094 543 1124 est.
605 1085 722 1131 Quid
749 1086 820 1127 hic
844 1086 1104 1128 incredibilis
1128 1101 1305 1138 cursus;
1336 1087 1438 1141 quid
1468 1087 1562 1128 haec
1593 1095 1713 1128 tanta

288 1139 480 1180 celeritas
497 1140 800 1197 festinatioque
819 1143 1058 1199 significat?
1093 1142 1191 1183 Non
1210 1157 1356 1198 quaero
1377 1144 1472 1198 quis
1494 1157 1712 1199 percusse-

287 1197 357 1236 rit.
389 1197 495 1237 nihil
517 1208 581 1239 est
603 1199 799 1251 Glaucia,
821 1200 936 1255 quod
958 1209 1137 1240 metuas,
1167 1214 1254 1240 non
1275 1200 1450 1241 excutio
1473 1209 1529 1251 te,
1552 1200 1585 1241 si
1607 1201 1711 1256 quid

287 1252 399 1294 sorte
425 1253 523 1295 ferri
555 1255 757 1306 habuisti,
780 1271 865 1297 non
888 1266 1077 1298 scrutor:
1110 1256 1215 1297 nihil
1242 1256 1294 1297 ad
1316 1270 1384 1297 me
1413 1257 1595 1298 arbitror
1617 1271 1712 1312 per-

286 1310 437 1351 tinere.
468 1313 686 1365 quoniam,
713 1313 836 1368 cujus
860 1313 1040 1354 consilio
1066 1313 1232 1354 occisus
1263 1314 1331 1363 sit,
1361 1313 1558 1366 inveni0;
1587 1313 1712 1369 cujus

285 1379 415 1408 manu
447 1368 502 1408 sit
532 1383 768 1423 percussuS,
799 1384 885 1411 non
917 1370 1079 1411 laboro.
1140 1370 1284 1411 Unum
1316 1370 1399 1411 hoc
1430 1384 1568 1421 sum0‚
1597 1371 1713 1426 quod

283 1423 390 1464 mihi
413 1434 606 1479 apertum
635 1436 755 1467 tuum
781 1427 915 1468 scelus
938 1441 1087 1482 resque
1114 1426 1341 1467 manifesta
1364 1427 1452 1467 dat.
1512 1427 1615 1477 Ubi,
1639 1436 1713 1468 aut

285 1481 397 1521 unde
427 1482 592 1522 audivit
623 1482 837 1525 Glaucia?
881 1484 968 1531 Qui
1002 1494 1087 1524 tam
1118 1484 1205 1524 cito
1237 1484 1387 1524 scivit?
1430 1484 1514 1524 Fac
1545 1484 1713 1525 audisse

285 1538 446 1577 statim.
507 1539 618 1585 Quae
650 1554 714 1580 res
744 1555 841 1581 eum
872 1550 998 1581 nocte
1029 1555 1113 1580 una
1144 1549 1310 1580 tantum
1342 1540 1504 1581 itineris
1535 1549 1713 1581 conten-

176 1620 208 1650 p.
224 1612 274 1641 35.
287 1594 386 1634 dere
407 1595 551 1651 co'egit
570 1599 582 1637 ἓ
612 1611 708 1650 quae
731 1599 958 1638 necessitas
981 1611 1077 1638 eum
1102 1606 1220 1637 tanta
1242 1598 1476 1652 premebat,
1495 1606 1556 1648 ut,
1580 1598 1613 1637 si
1637 1611 1713 1638 sua

245 1662 441 1710 P&sponte
464 1653 543 1692 iter
564 1651 780 1694 Ameriam
806 1654 978 1705 faceret,
1002 1654 1043 1694 id
1068 1656 1270 1709 temporis
1301 1654 1440 1694 Roma
1471 1654 1714 1709 proficisce-

204 1701 274 1749 3.)
289 1717 416 1758 retur,
442 1709 597 1749 nullam
630 1719 792 1764 partem
826 1712 962 1751 noctis
994 1711 1302 1766 requiesceret?
1334 1710 1532 1751 Etiamne
1556 1712 1599 1751 in
1624 1721 1712 1752 tam

287 1765 522 1820 perspicuis
560 1766 684 1806 rebus
722 1768 1038 1822 argumentatio
1073 1768 1316 1822 quaercnda,
1355 1777 1428 1808 aut
1463 1767 1714 1822 conjectura

224 1837 272 1871 98
287 1823 493 1877 capienda
516 1823 596 1863 sit?
629 1823 786 1864 Nonne
808 1825 930 1866 vobis
952 1824 1060 1874 haec,
1083 1839 1179 1879 quae
1202 1825 1394 1874 audistis,
1417 1838 1588 1865 cernere
1609 1839 1712 1866 ocu-

284 1877 334 1918 lis
366 1879 584 1929 videmini,
608 1879 807 1934 judices?
843 1896 928 1922 non
962 1881 1078 1921 illum
1114 1881 1330 1931 miserum,
1362 1881 1558 1937 ignarum
1589 1896 1712 1922 casus

284 1936 363 1985 sui,
389 1936 636 1977 redeuntem
665 1952 688 1977 a
718 1952 846 1978 coena
878 1939 1055 1979 videtis?
1088 1952 1171 1978 non
1201 1939 1360 1994 positas
1392 1938 1594 1980 insidias?
1624 1952 1710 1979 non

282 1992 492 2047 impetum
525 1995 822 2048 repentinum?
856 1995 954 2035 Non
990 2005 1177 2035 versatur
1208 2005 1306 2035 aute
1336 1994 1482 2035 oculos
1516 1995 1636 2035 vobis
1667 1995 1712 2036 in

280 2050 400 2090 caede
429 2049 636 2091 Glaucia?
668 2065 752 2091 non
784 2051 903 2092 adest
925 2052 1004 2092 iste
1034 2051 1084 2092 T.
1115 2051 1322 2092 Roscius?
1354 2066 1438 2092 non
1467 2052 1552 2092 suis
1575 2051 1712 2092 mani-

282 2105 360 2145 bus
385 2107 427 2146 in
445 2121 570 2148 curru
590 2107 772 2148 collocat
788 2107 1151 2149 Automedontem
1174 2108 1306 2158 illum,
1326 2109 1388 2149 sui
1412 2108 1578 2149 sceleris
1596 2121 1714 2149 acer-

282 2162 446 2203 bissimi
482 2163 742 2218 nefariaeque
774 2165 965 2206 victoriae
1003 2166 1228 2206 nuntium?
1266 2179 1352 2205 non
1391 2174 1499 2216 orat,
1538 2174 1585 2205 ut
1617 2179 1712 2205 eam

282 2228 453 2260 noctem
484 2220 739 2275 pervigilet?
770 2231 817 2261 ut
840 2222 1012 2262 honoris
1036 2222 1098 2262 sui
1122 2236 1250 2262 causa
1271 2221 1464 2263 laboret?
1500 2231 1549 2262 ut
1580 2220 1711 2277 Capi-

221 2285 270 2318 99
285 2276 373 2316 toni
396 2291 523 2331 quam
547 2273 730 2331 primum
755 2279 948 2319 nuntiet?
977 2282 1016 2312 63
1041 2278 1157 2325 Quid
1189 2286 1293 2328 erat,
1315 2279 1430 2333 quod
1454 2278 1712 2334 Capitonem

283 2333 467 2388 primum
491 2333 598 2373 scire
621 2335 829 2375 voluerit?
864 2335 1046 2377 Nescio:
1078 2335 1159 2375 nisi
1184 2334 1266 2375 hoc
1289 2334 1429 2385 video,
1448 2334 1713 2390 Capitonem

282 2391 323 2428 in
350 2389 414 2429 his
440 2390 561 2430 bonis
583 2404 674 2430 esse
692 2391 870 2431 socium.
894 2393 945 2432 de
971 2393 1105 2433 tribus
1127 2402 1170 2432 et
1192 2392 1339 2432 decem
1364 2391 1506 2432 fundis
1529 2401 1612 2432 tres
1634 2405 1712 2431 no-

281 2446 510 2486 bilissimos
542 2446 696 2487 fundos
727 2461 824 2489 eum
857 2449 980 2489 video
1018 2449 1249 2504 possidere.
1309 2448 1452 2489 Audio
1491 2456 1712 2503 praeterea,

281 2517 364 2543 non
387 2503 496 2543 hanc
516 2504 803 2558 suspicionem
823 2519 935 2546 nuuc
961 2507 1142 2561 primum
1165 2506 1205 2546 in
1226 2504 1485 2560 Capitonem
1507 2503 1708 2545 conferri.

195 2559 269 2592 100
283 2558 446 2600 Multas
487 2574 577 2599 esse
620 2561 798 2601 infames
838 2563 1023 2617 palmas:
1067 2562 1176 2603 hanc
1219 2562 1400 2617 primam
1436 2574 1527 2601 esse
1566 2569 1710 2602 tamen

277 2615 584 2667 lemniscatam,
615 2618 655 2648 6⁴
668 2632 764 2672 quae
789 2617 942 2660 Romae
963 2619 1200 2660 deferatur:
1233 2617 1396 2658 nullum
1417 2617 1595 2660 modum
1615 2631 1706 2668 esse

313 2773 353 2803 63
375 2773 469 2812 ‚Quid
480 2777 564 2809 erat,
579 2773 854 2814 quod—voluerit]
885 2775 976 2805 Lati·
1018 2775 1159 2805 bendum
1175 2774 1281 2805 Roma
1292 2773 1343 2804 vel
1359 2773 1465 2804 Romu
1479 2775 1507 2804 ei
1521 2773 1551 2804 d.
1585 2773 1714 2813 Nempe

272 2816 357 2846 nitas
372 2814 457 2844 clare
471 2815 616 2854 postulat
629 2817 733 2846 vellet.
1017 2816 1132 2847 Romae
1148 2826 1213 2846 non
1229 2817 1336 2847 suerat
1352 2816 1386 2846 in
1401 2816 1464 2845 ista
1479 2816 1566 2846 caede
1581 2815 1713 2855 capito,

313 2858 353 2888 64
375 2866 444 2896 quoe
473 2857 585 2888 Romae
607 2856 686 2898 des]
721 2858 871 2890 Arbitror
897 2859 975 2890 scri·
1017 2859 1072 2890 sed
1086 2859 1234 2890 Ameriae.
1281 2858 1369 2898 Ergo
1384 2866 1451 2889 non
1465 2857 1581 2889 Romae
1592 2856 1714 2888 defece-
